<?xml version="1.0" encoding="UTF-8"?>
<!DOCTYPE html PUBLIC "-//W3C//DTD XHTML 1.0 Transitional//EN"
    "http://www.w3.org/TR/xhtml1/DTD/xhtml1-transitional.dtd">
<html xmlns="http://www.w3.org/1999/xhtml" xml:lang="en" lang="en">
 <head>
  <title>
</title>
<meta http-equiv="Content-Type" content="text/html;charset=utf-8" />
  <meta name='ocr-system' content='tesseract 3.04.00' />
  <meta name='ocr-capabilities' content='ocr_page ocr_carea ocr_par ocr_line ocrx_word'/>
</head>
<body>
  <div class='ocr_page' id='page_1' title='image "./patrologiaecurs93unkngoog/patrologiaecurs93unkngoog_0747.png"; bbox 0 0 3816 6006; ppageno 0'>
   <div class='ocr_carea' id='block_1_1' title="bbox 154 264 1864 352">
    <p class='ocr_par' dir='ltr' id='par_1_1' title="bbox 154 264 1864 352">
     <span class='ocr_line' id='line_1_1' title="bbox 154 264 1864 352; baseline -0.006 -1"><span class='ocrx_word' id='word_1_1' title='bbox 154 264 239 352; x_wconf 67' lang='lat' dir='ltr'><strong>ibt</strong></span> <span class='ocrx_word' id='word_1_2' title='bbox 798 281 1228 350; x_wconf 77' lang='lat' dir='ltr'><strong>aanunravasoaurvs.</strong></span> <span class='ocrx_word' id='word_1_3' title='bbox 1790 274 1864 341; x_wconf 73' lang='lat' dir='ltr'><strong>aas</strong></span> 
     </span>
    </p>
   </div>
   <div class='ocr_carea' id='block_1_2' title="bbox 76 412 1905 5650">
    <p class='ocr_par' dir='ltr' id='par_1_2' title="bbox 76 412 1905 5650">
     <span class='ocr_line' id='line_1_2' title="bbox 155 412 1866 492; baseline -0.005 -14"><span class='ocrx_word' id='word_1_4' title='bbox 155 420 213 478; x_wconf 78' lang='lat' dir='ltr'><strong>ricc</strong></span> <span class='ocrx_word' id='word_1_5' title='bbox 226 416 311 476; x_wconf 92' lang='lat' dir='ltr'><strong>nobis</strong></span> <span class='ocrx_word' id='word_1_6' title='bbox 326 417 434 475; x_wconf 88' lang='lat' dir='ltr'><strong>auferri</strong></span> <span class='ocrx_word' id='word_1_7' title='bbox 449 416 610 475; x_wconf 78' lang='lat' dir='ltr'><strong>doleamus</strong></span> <span class='ocrx_word' id='word_1_8' title='bbox 628 417 680 483; x_wconf 90' lang='lat' dir='ltr'><strong>Oui</strong></span> <span class='ocrx_word' id='word_1_9' title='bbox 694 416 773 475; x_wconf 89' lang='lat' dir='ltr'><strong>enim</strong></span> <span class='ocrx_word' id='word_1_10' title='bbox 789 420 907 492; x_wconf 88' lang='lat' dir='ltr'><strong>propter</strong></span> <span class='ocrx_word' id='word_1_11' title='bbox 920 432 982 472; x_wconf 91' lang='lat' dir='ltr'><strong>rem</strong></span> <span class='ocrx_word' id='word_1_12' title='bbox 997 425 1023 487; x_wconf 66' lang='grc' dir='ltr'><strong>Α</strong></span> <span class='ocrx_word' id='word_1_13' title='bbox 1036 415 1160 490; x_wconf 89' lang='lat' dir='ltr'><strong>gloriam</strong></span> <span class='ocrx_word' id='word_1_14' title='bbox 1177 416 1275 472; x_wconf 89' lang='lat' dir='ltr'><strong>audite</strong></span> <span class='ocrx_word' id='word_1_15' title='bbox 1299 418 1328 470; x_wconf 92' lang='lat' dir='ltr'><strong>et</strong></span> <span class='ocrx_word' id='word_1_16' title='bbox 1348 413 1498 470; x_wconf 87' lang='lat' dir='ltr'><strong>laborem:</strong></span> <span class='ocrx_word' id='word_1_17' title='bbox 1524 413 1557 468; x_wconf 85' lang='lat' dir='ltr'><strong>Si</strong></span> <span class='ocrx_word' id='word_1_18' title='bbox 1578 412 1718 484; x_wconf 60' lang='lat' dir='ltr'><strong>faceta,</strong></span> <span class='ocrx_word' id='word_1_19' title='bbox 1734 426 1803 485; x_wconf 68' lang='lat' dir='ltr'><strong>qne</strong></span> <span class='ocrx_word' id='word_1_20' title='bbox 1819 427 1866 482; x_wconf 72' lang='lat' dir='ltr'><strong>eut</strong></span> 
     </span>
     <span class='ocr_line' id='line_1_3' title="bbox 162 499 1866 584; baseline -0.005 -19"><span class='ocrx_word' id='word_1_21' title='bbox 162 506 984 584; x_wconf 87' lang='lat' dir='ltr'><strong>aliquamtemporalemfratremsuumodit,amoremDei</strong></span> <span class='ocrx_word' id='word_1_22' title='bbox 1036 507 1167 578; x_wconf 76' lang='lat' dir='ltr'><strong>precipio</strong></span> <span class='ocrx_word' id='word_1_23' title='bbox 1191 507 1276 560; x_wconf 81' lang='lat' dir='ltr'><strong>vobis.</strong></span> <span class='ocrx_word' id='word_1_24' title='bbox 1302 505 1341 560; x_wconf 85' lang='lat' dir='ltr'><strong>Ac</strong></span> <span class='ocrx_word' id='word_1_25' title='bbox 1366 502 1391 558; x_wconf 90' lang='lat' dir='ltr'><strong>si</strong></span> <span class='ocrx_word' id='word_1_26' title='bbox 1417 507 1516 576; x_wconf 90' lang='lat' dir='ltr'><strong>aperte</strong></span> <span class='ocrx_word' id='word_1_27' title='bbox 1545 501 1646 557; x_wconf 89' lang='lat' dir='ltr'><strong>dicat:</strong></span> <span class='ocrx_word' id='word_1_28' title='bbox 1671 499 1819 558; x_wconf 74' lang='lat' dir='ltr'><strong>Gaudetis</strong></span> <span class='ocrx_word' id='word_1_29' title='bbox 1838 502 1866 556; x_wconf 79' lang='lat' dir='ltr'><strong>de</strong></span> 
     </span>
     <span class='ocr_line' id='line_1_4' title="bbox 157 591 1864 672; baseline -0.006 -14"><span class='ocrx_word' id='word_1_30' title='bbox 157 598 191 658; x_wconf 81' lang='lat' dir='ltr'><strong>&#39;et</strong></span> <span class='ocrx_word' id='word_1_31' title='bbox 204 597 329 672; x_wconf 83' lang='lat' dir='ltr'><strong>proximi</strong></span> <span class='ocrx_word' id='word_1_32' title='bbox 344 597 449 670; x_wconf 83' lang='lat' dir='ltr'><strong>perdit,</strong></span> <span class='ocrx_word' id='word_1_33' title='bbox 466 598 536 652; x_wconf 91' lang='lat' dir='ltr'><strong>dum</strong></span> <span class='ocrx_word' id='word_1_34' title='bbox 553 596 577 652; x_wconf 92' lang='lat' dir='ltr'><strong>ei</strong></span> <span class='ocrx_word' id='word_1_35' title='bbox 595 613 655 652; x_wconf 91' lang='lat' dir='ltr'><strong>rem</strong></span> <span class='ocrx_word' id='word_1_36' title='bbox 671 596 863 670; x_wconf 84' lang='lat' dir='ltr'><strong>temporalem</strong></span> <span class='ocrx_word' id='word_1_37' title='bbox 877 612 986 669; x_wconf 83' lang='lat' dir='ltr'><strong>praepo·</strong></span> <span class='ocrx_word' id='word_1_38' title='bbox 1039 596 1166 652; x_wconf 86' lang='lat' dir='ltr'><strong>culmine</strong></span> <span class='ocrx_word' id='word_1_39' title='bbox 1187 599 1308 667; x_wconf 89' lang='lat' dir='ltr'><strong>pensate</strong></span> <span class='ocrx_word' id='word_1_40' title='bbox 1333 595 1440 667; x_wconf 85' lang='lat' dir='ltr'><strong>quibus</strong></span> <span class='ocrx_word' id='word_1_41' title='bbox 1465 591 1615 650; x_wconf 76' lang='lat' dir='ltr'><strong>laboribus</strong></span> <span class='ocrx_word' id='word_1_42' title='bbox 1639 591 1816 664; x_wconf 89' lang='lat' dir='ltr'><strong>pervenitur</strong></span> <span class='ocrx_word' id='word_1_43' title='bbox 1836 593 1864 647; x_wconf 79' lang='lat' dir='ltr'><strong>al</strong></span> 
     </span>
     <span class='ocr_line' id='line_1_5' title="bbox 156 680 1865 758; baseline -0.005 -14"><span class='ocrx_word' id='word_1_44' title='bbox 156 686 304 745; x_wconf 68' lang='lat' dir='ltr'><strong>&#39;nit&#39;Hinc</strong></span> <span class='ocrx_word' id='word_1_45' title='bbox 318 689 432 742; x_wconf 89' lang='lat' dir='ltr'><strong>constat</strong></span> <span class='ocrx_word' id='word_1_46' title='bbox 447 686 524 758; x_wconf 86' lang='lat' dir='ltr'><strong>quod</strong></span> <span class='ocrx_word' id='word_1_47' title='bbox 540 701 625 741; x_wconf 91' lang='lat' dir='ltr'><strong>nemo</strong></span> <span class='ocrx_word' id='word_1_48' title='bbox 651 689 746 758; x_wconf 90' lang='lat' dir='ltr'><strong>potest</strong></span> <span class='ocrx_word' id='word_1_49' title='bbox 769 684 876 741; x_wconf 89' lang='lat' dir='ltr'><strong>habere</strong></span> <span class='ocrx_word' id='word_1_50' title='bbox 897 683 985 740; x_wconf 88' lang='lat' dir='ltr'><strong>simul</strong></span> <span class='ocrx_word' id='word_1_51' title='bbox 1041 685 1167 741; x_wconf 88' lang='lat' dir='ltr'><strong>eulmen.</strong></span> <span class='ocrx_word' id='word_1_52' title='bbox 1186 685 1258 740; x_wconf 93' lang='lat' dir='ltr'><strong>llinc</strong></span> <span class='ocrx_word' id='word_1_53' title='bbox 1273 683 1341 739; x_wconf 86' lang='lat' dir='ltr'><strong>filiis</strong></span> <span class='ocrx_word' id='word_1_54' title='bbox 1355 683 1484 739; x_wconf 83' lang='lat' dir='ltr'><strong>Zebedaei</strong></span> <span class='ocrx_word' id='word_1_55' title='bbox 1510 680 1703 755; x_wconf 89' lang='lat' dir='ltr'><strong>poscentibus</strong></span> <span class='ocrx_word' id='word_1_56' title='bbox 1719 680 1865 752; x_wconf 81' lang='lat' dir='ltr'><strong>juxtaDo</strong></span> 
     </span>
     <span class='ocr_line' id='line_1_6' title="bbox 163 769 1863 847; baseline -0.005 -13"><span class='ocrx_word' id='word_1_57' title='bbox 163 793 293 835; x_wconf 90' lang='lat' dir='ltr'><strong>amorem</strong></span> <span class='ocrx_word' id='word_1_58' title='bbox 309 775 357 831; x_wconf 89' lang='lat' dir='ltr'><strong>Dei</strong></span> <span class='ocrx_word' id='word_1_59' title='bbox 375 779 403 830; x_wconf 90' lang='lat' dir='ltr'><strong>et</strong></span> <span class='ocrx_word' id='word_1_60' title='bbox 417 790 547 831; x_wconf 88' lang='lat' dir='ltr'><strong>amorem</strong></span> <span class='ocrx_word' id='word_1_61' title='bbox 563 775 675 829; x_wconf 89' lang='lat' dir='ltr'><strong>mundi.</strong></span> <span class='ocrx_word' id='word_1_62' title='bbox 689 775 799 830; x_wconf 79' lang='lat' dir='ltr'><strong>Deinde</strong></span> <span class='ocrx_word' id='word_1_63' title='bbox 816 791 869 829; x_wconf 90' lang='lat' dir='ltr'><strong>nos</strong></span> <span class='ocrx_word' id='word_1_64' title='bbox 885 773 986 829; x_wconf 86' lang='lat' dir='ltr'><strong>exhor·</strong></span> <span class='ocrx_word' id='word_1_65' title='bbox 1042 775 1155 830; x_wconf 89' lang='lat' dir='ltr'><strong>minum</strong></span> <span class='ocrx_word' id='word_1_66' title='bbox 1167 775 1196 829; x_wconf 92' lang='lat' dir='ltr'><strong>in</strong></span> <span class='ocrx_word' id='word_1_67' title='bbox 1213 790 1303 847; x_wconf 85' lang='lat' dir='ltr'><strong>regno</strong></span> <span class='ocrx_word' id='word_1_68' title='bbox 1319 790 1372 828; x_wconf 89' lang='lat' dir='ltr'><strong>suo</strong></span> <span class='ocrx_word' id='word_1_69' title='bbox 1389 773 1552 828; x_wconf 79' lang='lat' dir='ltr'>sessionem</span> <span class='ocrx_word' id='word_1_70' title='bbox 1569 769 1698 826; x_wconf 88' lang='lat' dir='ltr'><strong>dieitur:</strong></span> <span class='ocrx_word' id='word_1_71' title='bbox 1717 792 1733 819; x_wconf 89' lang='lat'>«</span> <span class='ocrx_word' id='word_1_72' title='bbox 1752 769 1863 826; x_wconf 73' lang='lat' dir='ltr'><strong>Potesb&#39;s</strong></span> 
     </span>
     <span class='ocr_line' id='line_1_7' title="bbox 164 857 1860 934; baseline -0.006 -11"><span class='ocrx_word' id='word_1_73' title='bbox 164 870 242 923; x_wconf 83' lang='lat' dir='ltr'><strong>tatur</strong></span> <span class='ocrx_word' id='word_1_74' title='bbox 256 863 398 921; x_wconf 83' lang='lat' dir='ltr'>Dominus</span> <span class='ocrx_word' id='word_1_75' title='bbox 423 864 458 918; x_wconf 91' lang='lat' dir='ltr'><strong>ad</strong></span> <span class='ocrx_word' id='word_1_76' title='bbox 484 868 617 920; x_wconf 87' lang='lat' dir='ltr'><strong>mutuam</strong></span> <span class='ocrx_word' id='word_1_77' title='bbox 642 863 838 930; x_wconf 88' lang='lat' dir='ltr'><strong>dilectionem,</strong></span> <span class='ocrx_word' id='word_1_78' title='bbox 855 862 986 934; x_wconf 85' lang='lat' dir='ltr'><strong>exemplo</strong></span> <span class='ocrx_word' id='word_1_79' title='bbox 1041 864 1141 920; x_wconf 87' lang='lat' dir='ltr'><strong>bibere</strong></span> <span class='ocrx_word' id='word_1_80' title='bbox 1156 862 1276 918; x_wconf 87' lang='lat' dir='ltr'><strong>calicem</strong></span> <span class='ocrx_word' id='word_1_81' title='bbox 1293 878 1381 934; x_wconf 81' lang='lat' dir='ltr'><strong>quem</strong></span> <span class='ocrx_word' id='word_1_82' title='bbox 1398 876 1451 933; x_wconf 88' lang='lat' dir='ltr'><strong>ego</strong></span> <span class='ocrx_word' id='word_1_83' title='bbox 1466 860 1613 916; x_wconf 82' lang='lat' dir='ltr'>bibiturus</span> <span class='ocrx_word' id='word_1_84' title='bbox 1628 859 1724 914; x_wconf 74' lang='lat' dir='ltr'><strong>sumi</strong></span> <span class='ocrx_word' id='word_1_85' title='bbox 1739 880 1755 908; x_wconf 72' lang='lat' dir='ltr'><strong>a</strong></span> <span class='ocrx_word' id='word_1_86' title='bbox 1770 857 1860 930; x_wconf 68' lang='lat' dir='ltr'><strong>(Halai.</strong></span> 
     </span>
     <span class='ocr_line' id='line_1_8' title="bbox 165 945 1860 1028; baseline -0.006 -16"><span class='ocrx_word' id='word_1_87' title='bbox 165 955 221 1022; x_wconf 91' lang='lat' dir='ltr'><strong>sui,</strong></span> <span class='ocrx_word' id='word_1_88' title='bbox 237 971 304 1010; x_wconf 90' lang='lat' dir='ltr'><strong>oum</strong></span> <span class='ocrx_word' id='word_1_89' title='bbox 321 952 439 1009; x_wconf 83' lang='lat' dir='ltr'><strong>subdit:</strong></span> <span class='ocrx_word' id='word_1_90' title='bbox 455 952 531 1009; x_wconf 82' lang='lat' dir='ltr'><strong>Sicut</strong></span> <span class='ocrx_word' id='word_1_91' title='bbox 545 953 633 1009; x_wconf 78' lang='lat' dir='ltr'><strong>ditari</strong></span> <span class='ocrx_word' id='word_1_92' title='bbox 647 969 701 1009; x_wconf 70' lang='lat' dir='ltr'><strong>rios.</strong></span> <span class='ocrx_word' id='word_1_93' title='bbox 720 953 854 1025; x_wconf 82' lang='lat' dir='ltr'><strong>llajorcm</strong></span> <span class='ocrx_word' id='word_1_94' title='bbox 868 952 987 1008; x_wconf 75' lang='lat' dir='ltr'><strong>dilectio·</strong></span> <span class='ocrx_word' id='word_1_95' title='bbox 1034 954 1099 1023; x_wconf 73' lang='lat' dir='ltr'><strong>uu).</strong></span> <span class='ocrx_word' id='word_1_96' title='bbox 1115 955 1155 1008; x_wconf 71' lang='lat' dir='ltr'><strong>Ae</strong></span> <span class='ocrx_word' id='word_1_97' title='bbox 1170 953 1193 1008; x_wconf 88' lang='lat' dir='ltr'><strong>si</strong></span> <span class='ocrx_word' id='word_1_98' title='bbox 1210 953 1305 1007; x_wconf 87' lang='lat' dir='ltr'><strong>dicat:</strong></span> <span class='ocrx_word' id='word_1_99' title='bbox 1330 951 1398 1006; x_wconf 84' lang='lat' dir='ltr'><strong>lam</strong></span> <span class='ocrx_word' id='word_1_100' title='bbox 1422 966 1472 1005; x_wconf 90' lang='lat' dir='ltr'><strong>vos</strong></span> <span class='ocrx_word' id='word_1_101' title='bbox 1498 947 1580 1004; x_wconf 91' lang='lat' dir='ltr'><strong>locus</strong></span> <span class='ocrx_word' id='word_1_102' title='bbox 1604 945 1736 1028; x_wconf 78' lang='lat' dir='ltr'><strong>delectat</strong></span> <span class='ocrx_word' id='word_1_103' title='bbox 1757 946 1860 1003; x_wconf 84' lang='lat' dir='ltr'><strong>eelsitu-</strong></span> 
     </span>
     <span class='ocr_line' id='line_1_9' title="bbox 154 1033 1859 1114; baseline -0.004 -14.004"><span class='ocrx_word' id='word_1_104' title='bbox 154 1033 227 1100; x_wconf 61' lang='grc' dir='ltr'><em>Μ</em></span> <span class='ocrx_word' id='word_1_105' title='bbox 249 1058 327 1099; x_wconf 77' lang='lat' dir='ltr'><strong>nerto</strong></span> <span class='ocrx_word' id='word_1_106' title='bbox 346 1043 434 1110; x_wconf 77' lang='lat' dir='ltr'><strong>babet,</strong></span> <span class='ocrx_word' id='word_1_107' title='bbox 451 1049 482 1099; x_wconf 80' lang='lat' dir='ltr'><strong>at</strong></span> <span class='ocrx_word' id='word_1_108' title='bbox 501 1042 625 1097; x_wconf 82' lang='lat' dir='ltr'><strong>animam</strong></span> <span class='ocrx_word' id='word_1_109' title='bbox 649 1058 727 1098; x_wconf 82' lang='lat' dir='ltr'><strong>suum</strong></span> <span class='ocrx_word' id='word_1_110' title='bbox 749 1050 832 1114; x_wconf 82' lang='lat' dir='ltr'><strong>ponat</strong></span> <span class='ocrx_word' id='word_1_111' title='bbox 856 1044 916 1114; x_wconf 80' lang='lat' dir='ltr'><strong>qais</strong></span> <span class='ocrx_word' id='word_1_112' title='bbox 938 1056 987 1113; x_wconf 88' lang='lat' dir='ltr'><strong>pro</strong></span> <span class='ocrx_word' id='word_1_113' title='bbox 1042 1041 1192 1103; x_wconf 86' lang='lat' dir='ltr'><strong>dinis,sed</strong></span> <span class='ocrx_word' id='word_1_114' title='bbox 1208 1041 1290 1113; x_wconf 89' lang='lat' dir='ltr'><strong>prius</strong></span> <span class='ocrx_word' id='word_1_115' title='bbox 1305 1040 1351 1095; x_wconf 87' lang='lat' dir='ltr'><strong>via</strong></span> <span class='ocrx_word' id='word_1_116' title='bbox 1365 1057 1416 1096; x_wconf 89' lang='lat' dir='ltr'><strong>vos</strong></span> <span class='ocrx_word' id='word_1_117' title='bbox 1437 1042 1569 1094; x_wconf 84' lang='lat' dir='ltr'><strong>exerceat</strong></span> <span class='ocrx_word' id='word_1_118' title='bbox 1583 1036 1706 1093; x_wconf 91' lang='lat' dir='ltr'><strong>laboris.</strong></span> <span class='ocrx_word' id='word_1_119' title='bbox 1723 1037 1797 1092; x_wconf 83' lang='lat' dir='ltr'><strong>Cum</strong></span> <span class='ocrx_word' id='word_1_120' title='bbox 1821 1053 1859 1094; x_wconf 77' lang='lat' dir='ltr'><strong>aa</strong></span> 
     </span>
     <span class='ocr_line' id='line_1_10' title="bbox 155 1120 1858 1204; baseline -0.005 -15"><span class='ocrx_word' id='word_1_121' title='bbox 155 1130 264 1189; x_wconf 57' lang='lat' dir='ltr'><strong>lemeis</strong></span> <span class='ocrx_word' id='word_1_122' title='bbox 276 1120 345 1187; x_wconf 78' lang='lat' dir='ltr'><strong>sais.</strong></span> <span class='ocrx_word' id='word_1_123' title='bbox 361 1133 400 1187; x_wconf 85' lang='lat' dir='ltr'><strong>Ac</strong></span> <span class='ocrx_word' id='word_1_124' title='bbox 415 1131 439 1186; x_wconf 90' lang='lat' dir='ltr'><strong>si</strong></span> <span class='ocrx_word' id='word_1_125' title='bbox 457 1135 555 1204; x_wconf 84' lang='lat' dir='ltr'><strong>aperte</strong></span> <span class='ocrx_word' id='word_1_126' title='bbox 574 1131 672 1186; x_wconf 89' lang='lat' dir='ltr'><strong>dicat:</strong></span> <span class='ocrx_word' id='word_1_127' title='bbox 690 1130 806 1204; x_wconf 80' lang='lat' dir='ltr'><strong>Diligite</strong></span> <span class='ocrx_word' id='word_1_128' title='bbox 826 1130 902 1185; x_wconf 87' lang='lat' dir='ltr'><strong>inter</strong></span> <span class='ocrx_word' id='word_1_129' title='bbox 924 1143 986 1197; x_wconf 85' lang='lat' dir='ltr'><strong>vos,</strong></span> <span class='ocrx_word' id='word_1_130' title='bbox 1041 1133 1101 1186; x_wconf 88' lang='lat' dir='ltr'><strong>tem</strong></span> <span class='ocrx_word' id='word_1_131' title='bbox 1117 1130 1230 1185; x_wconf 88' lang='lat' dir='ltr'><strong>dicatur</strong></span> <span class='ocrx_word' id='word_1_132' title='bbox 1246 1129 1423 1202; x_wconf 85' lang='lat' dir='ltr'><strong>quandoque</strong></span> <span class='ocrx_word' id='word_1_133' title='bbox 1437 1128 1561 1193; x_wconf 86' lang='lat' dir='ltr'><strong>amicus,</strong></span> <span class='ocrx_word' id='word_1_134' title='bbox 1576 1126 1627 1199; x_wconf 89' lang='lat' dir='ltr'><strong>qui</strong></span> <span class='ocrx_word' id='word_1_135' title='bbox 1647 1124 1749 1197; x_wconf 76' lang='lat' dir='ltr'><strong>diligit</strong></span> <span class='ocrx_word' id='word_1_136' title='bbox 1761 1130 1800 1182; x_wconf 82' lang='lat' dir='ltr'><strong>et</strong></span> <span class='ocrx_word' id='word_1_137' title='bbox 1814 1142 1858 1181; x_wconf 83' lang='lat' dir='ltr'><strong>noa</strong></span> 
     </span>
     <span class='ocr_line' id='line_1_11' title="bbox 155 1214 1857 1296; baseline -0.004 -19"><span class='ocrx_word' id='word_1_138' title='bbox 155 1225 310 1296; x_wconf 80' lang='lat' dir='ltr'><strong>&#39;quantum</strong></span> <span class='ocrx_word' id='word_1_139' title='bbox 321 1224 350 1276; x_wconf 90' lang='lat' dir='ltr'><strong>et</strong></span> <span class='ocrx_word' id='word_1_140' title='bbox 365 1219 491 1293; x_wconf 77' lang='lat' dir='ltr'><strong>qualiter</strong></span> <span class='ocrx_word' id='word_1_141' title='bbox 505 1235 573 1292; x_wconf 86' lang='lat' dir='ltr'><strong>ergo</strong></span> <span class='ocrx_word' id='word_1_142' title='bbox 588 1219 674 1275; x_wconf 83' lang='lat' dir='ltr'><strong>dilexi</strong></span> <span class='ocrx_word' id='word_1_143' title='bbox 690 1219 989 1291; x_wconf 76' lang='lat' dir='ltr'><strong>voslltqualiterDo-</strong></span> <span class='ocrx_word' id='word_1_144' title='bbox 1042 1218 1184 1291; x_wconf 77' lang='lat' dir='ltr'><strong>diligitur,</strong></span> <span class='ocrx_word' id='word_1_145' title='bbox 1201 1219 1387 1292; x_wconf 87' lang='lat' dir='ltr'><strong>quandoque,</strong></span> <span class='ocrx_word' id='word_1_146' title='bbox 1405 1217 1455 1289; x_wconf 85' lang='lat' dir='ltr'><strong>qui</strong></span> <span class='ocrx_word' id='word_1_147' title='bbox 1480 1232 1539 1271; x_wconf 91' lang='lat' dir='ltr'><strong>nou</strong></span> <span class='ocrx_word' id='word_1_148' title='bbox 1563 1214 1658 1288; x_wconf 77' lang='lat' dir='ltr'><strong>diligit</strong></span> <span class='ocrx_word' id='word_1_149' title='bbox 1683 1220 1716 1271; x_wconf 91' lang='lat' dir='ltr'><strong>et</strong></span> <span class='ocrx_word' id='word_1_150' title='bbox 1729 1214 1857 1290; x_wconf 86' lang='lat' dir='ltr'><strong>diligitur,</strong></span> 
     </span>
     <span class='ocr_line' id='line_1_12' title="bbox 155 1303 1859 1382; baseline -0.006 -15"><span class='ocrx_word' id='word_1_151' title='bbox 155 1309 266 1368; x_wconf 83' lang='lat' dir='ltr'><strong>¹miuus</strong></span> <span class='ocrx_word' id='word_1_152' title='bbox 283 1308 358 1365; x_wconf 78' lang='lat' dir='ltr'><strong>n&#39;osi</strong></span> <span class='ocrx_word' id='word_1_153' title='bbox 368 1309 475 1380; x_wconf 79' lang='lat' dir='ltr'><strong>Gratia,</strong></span> <span class='ocrx_word' id='word_1_154' title='bbox 491 1307 684 1382; x_wconf 79' lang='lat' dir='ltr'><strong>&#39;spiritualiter</strong></span> <span class='ocrx_word' id='word_1_155' title='bbox 708 1313 736 1365; x_wconf 91' lang='lat' dir='ltr'><strong>ct</strong></span> <span class='ocrx_word' id='word_1_156' title='bbox 751 1308 902 1365; x_wconf 75' lang='lat' dir='ltr'><strong>ferventer.</strong></span> <span class='ocrx_word' id='word_1_157' title='bbox 920 1307 989 1364; x_wconf 88' lang='lat' dir='ltr'><strong>Gra·</strong></span> <span class='ocrx_word' id='word_1_158' title='bbox 1036 1306 1090 1363; x_wconf 86' lang='lat' dir='ltr'><strong>bic</strong></span> <span class='ocrx_word' id='word_1_159' title='bbox 1106 1307 1200 1381; x_wconf 88' lang='lat' dir='ltr'><strong>magis</strong></span> <span class='ocrx_word' id='word_1_160' title='bbox 1216 1307 1331 1379; x_wconf 84' lang='lat' dir='ltr'><strong>proprie</strong></span> <span class='ocrx_word' id='word_1_161' title='bbox 1346 1311 1374 1362; x_wconf 90' lang='lat' dir='ltr'><strong>et</strong></span> <span class='ocrx_word' id='word_1_162' title='bbox 1389 1303 1521 1361; x_wconf 90' lang='lat' dir='ltr'><strong>absolute</strong></span> <span class='ocrx_word' id='word_1_163' title='bbox 1536 1319 1588 1376; x_wconf 89' lang='lat' dir='ltr'><strong>pro</strong></span> <span class='ocrx_word' id='word_1_164' title='bbox 1603 1308 1734 1377; x_wconf 86' lang='lat' dir='ltr'><strong>utroque</strong></span> <span class='ocrx_word' id='word_1_165' title='bbox 1756 1303 1859 1377; x_wconf 85' lang='lat' dir='ltr'><strong>positar</strong></span> 
     </span>
     <span class='ocr_line' id='line_1_13' title="bbox 76 1392 1859 1471; baseline -0.004 -16"><span class='ocrx_word' id='word_1_166' title='bbox 76 1395 80 1401; x_wconf 78' lang='lat'>&#39;</span> <span class='ocrx_word' id='word_1_167' title='bbox 154 1399 205 1455; x_wconf 79' lang='lat' dir='ltr'><strong>&#39;tis</strong></span> <span class='ocrx_word' id='word_1_168' title='bbox 219 1397 319 1454; x_wconf 81' lang='lat' dir='ltr'><strong>dilexit</strong></span> <span class='ocrx_word' id='word_1_169' title='bbox 334 1415 398 1463; x_wconf 91' lang='lat' dir='ltr'><strong>nos,</strong></span> <span class='ocrx_word' id='word_1_170' title='bbox 415 1398 554 1471; x_wconf 88' lang='lat' dir='ltr'><strong>quoniam</strong></span> <span class='ocrx_word' id='word_1_171' title='bbox 570 1414 627 1454; x_wconf 92' lang='lat' dir='ltr'><strong>non</strong></span> <span class='ocrx_word' id='word_1_172' title='bbox 645 1401 762 1470; x_wconf 90' lang='lat' dir='ltr'><strong>propter</strong></span> <span class='ocrx_word' id='word_1_173' title='bbox 785 1397 924 1454; x_wconf 88' lang='lat' dir='ltr'><strong>meritum</strong></span> <span class='ocrx_word' id='word_1_174' title='bbox 940 1413 990 1452; x_wconf 90' lang='lat' dir='ltr'><strong>no·</strong></span> <span class='ocrx_word' id='word_1_175' title='bbox 1043 1397 1168 1459; x_wconf 84' lang='lat' dir='ltr'><strong>amicus,</strong></span> <span class='ocrx_word' id='word_1_176' title='bbox 1184 1397 1233 1469; x_wconf 83' lang='lat' dir='ltr'><strong>qui</strong></span> <span class='ocrx_word' id='word_1_177' title='bbox 1255 1396 1368 1451; x_wconf 89' lang='lat' dir='ltr'><strong>scilicet</strong></span> <span class='ocrx_word' id='word_1_178' title='bbox 1389 1394 1484 1468; x_wconf 79' lang='lat' dir='ltr'><strong>diligit</strong></span> <span class='ocrx_word' id='word_1_179' title='bbox 1508 1399 1537 1450; x_wconf 91' lang='lat' dir='ltr'><strong>et</strong></span> <span class='ocrx_word' id='word_1_180' title='bbox 1561 1392 1706 1466; x_wconf 86' lang='lat' dir='ltr'><strong>diligitur.</strong></span> <span class='ocrx_word' id='word_1_181' title='bbox 1723 1392 1798 1449; x_wconf 84' lang='lat' dir='ltr'><strong>Nam</strong></span> <span class='ocrx_word' id='word_1_182' title='bbox 1816 1393 1859 1448; x_wconf 84' lang='lat' dir='ltr'><strong>viri</strong></span> 
     </span>
     <span class='ocr_line' id='line_1_14' title="bbox 156 1480 1905 1568; baseline -0.005 -24"><span class='ocrx_word' id='word_1_183' title='bbox 156 1485 631 1568; x_wconf 52' lang='lat' dir='ltr'><strong>·⁴strum,quiuibilnisiamalum</strong></span> <span class='ocrx_word' id='word_1_184' title='bbox 646 1488 990 1558; x_wconf 88' lang='lat' dir='ltr'><strong>merebamus,necpro-</strong></span> <span class='ocrx_word' id='word_1_185' title='bbox 1032 1487 1136 1541; x_wconf 77' lang='lat' dir='ltr'><strong>sancti</strong></span> <span class='ocrx_word' id='word_1_186' title='bbox 1152 1488 1181 1541; x_wconf 90' lang='lat' dir='ltr'><strong>et</strong></span> <span class='ocrx_word' id='word_1_187' title='bbox 1196 1484 1282 1540; x_wconf 90' lang='lat' dir='ltr'><strong>amici</strong></span> <span class='ocrx_word' id='word_1_188' title='bbox 1299 1485 1348 1541; x_wconf 89' lang='lat' dir='ltr'><strong>Dei</strong></span> <span class='ocrx_word' id='word_1_189' title='bbox 1364 1488 1444 1550; x_wconf 91' lang='lat' dir='ltr'><strong>sunt,</strong></span> <span class='ocrx_word' id='word_1_190' title='bbox 1461 1499 1535 1556; x_wconf 89' lang='lat' dir='ltr'><strong>quos</strong></span> <span class='ocrx_word' id='word_1_191' title='bbox 1551 1481 1755 1538; x_wconf 87' lang='lat' dir='ltr'><strong>scilicetDeus</strong></span> <span class='ocrx_word' id='word_1_192' title='bbox 1769 1480 1859 1554; x_wconf 88' lang='lat' dir='ltr'><strong>diligit,</strong></span> <span class='ocrx_word' id='word_1_193' title='bbox 1901 1486 1905 1557; x_wconf 69' lang='lat' dir='ltr'><strong>l</strong></span> 
     </span>
     <span class='ocr_line' id='line_1_15' title="bbox 156 1566 1905 1652; baseline -0.004 -21"><span class='ocrx_word' id='word_1_194' title='bbox 156 1579 234 1650; x_wconf 82' lang='lat' dir='ltr'><strong>pter</strong></span> <span class='ocrx_word' id='word_1_195' title='bbox 255 1574 394 1631; x_wconf 85' lang='lat' dir='ltr'><strong>meritum</strong></span> <span class='ocrx_word' id='word_1_196' title='bbox 418 1591 517 1652; x_wconf 85' lang='lat' dir='ltr'><strong>suum,</strong></span> <span class='ocrx_word' id='word_1_197' title='bbox 542 1574 592 1647; x_wconf 92' lang='lat' dir='ltr'><strong>qui</strong></span> <span class='ocrx_word' id='word_1_198' title='bbox 621 1574 731 1630; x_wconf 89' lang='lat' dir='ltr'><strong>nullius</strong></span> <span class='ocrx_word' id='word_1_199' title='bbox 754 1575 912 1648; x_wconf 84' lang='lat' dir='ltr'><strong>indigebat,</strong></span> <span class='ocrx_word' id='word_1_200' title='bbox 938 1573 989 1628; x_wconf 87' lang='lat' dir='ltr'><strong>sed</strong></span> <span class='ocrx_word' id='word_1_201' title='bbox 1031 1590 1096 1647; x_wconf 87' lang='lat' dir='ltr'><strong>pro</strong></span> <span class='ocrx_word' id='word_1_202' title='bbox 1112 1575 1199 1642; x_wconf 89' lang='lat' dir='ltr'><strong>eis,ut</strong></span> <span class='ocrx_word' id='word_1_203' title='bbox 1214 1574 1351 1646; x_wconf 90' lang='lat' dir='ltr'><strong>superius</strong></span> <span class='ocrx_word' id='word_1_204' title='bbox 1365 1572 1581 1641; x_wconf 89' lang='lat' dir='ltr'><strong>dixit,animam</strong></span> <span class='ocrx_word' id='word_1_205' title='bbox 1595 1570 1861 1644; x_wconf 78' lang='lat' dir='ltr'><strong>suamponeudatt</strong></span> <span class='ocrx_word' id='word_1_206' title='bbox 1902 1566 1905 1577; x_wconf 93' lang='lat'>&#39;</span> 
     </span>
     <span class='ocr_line' id='line_1_16' title="bbox 155 1659 1862 1739; baseline -0.004 -18"><span class='ocrx_word' id='word_1_207' title='bbox 155 1666 288 1739; x_wconf 88' lang='lat' dir='ltr'><strong>‘propter</strong></span> <span class='ocrx_word' id='word_1_208' title='bbox 302 1659 648 1734; x_wconf 68' lang='lat' dir='ltr'><strong>commodum‘nostrum,</strong></span> <span class='ocrx_word' id='word_1_209' title='bbox 667 1664 716 1736; x_wconf 87' lang='lat' dir='ltr'><strong>qui</strong></span> <span class='ocrx_word' id='word_1_210' title='bbox 739 1662 866 1720; x_wconf 89' lang='lat' dir='ltr'><strong>multum</strong></span> <span class='ocrx_word' id='word_1_211' title='bbox 881 1663 992 1736; x_wconf 82' lang='lat' dir='ltr'><strong>indigc-</strong></span> <span class='ocrx_word' id='word_1_212' title='bbox 1045 1664 1131 1719; x_wconf 88' lang='lat' dir='ltr'><strong>amici</strong></span> <span class='ocrx_word' id='word_1_213' title='bbox 1148 1664 1197 1720; x_wconf 86' lang='lat' dir='ltr'><strong>Dei</strong></span> <span class='ocrx_word' id='word_1_214' title='bbox 1212 1667 1292 1733; x_wconf 90' lang='lat' dir='ltr'><strong>sunt,</strong></span> <span class='ocrx_word' id='word_1_215' title='bbox 1309 1663 1358 1736; x_wconf 82' lang='lat' dir='ltr'><strong>qui</strong></span> <span class='ocrx_word' id='word_1_216' title='bbox 1375 1659 1862 1734; x_wconf 78' lang='lat' dir='ltr'><strong>scilicetDeumdiliguutpr-aeopta</strong></span> 
     </span>
     <span class='ocr_line' id='line_1_17' title="bbox 168 1748 1862 1850; baseline -0.004 -40"><span class='ocrx_word' id='word_1_217' title='bbox 168 1754 295 1823; x_wconf 84' lang='lat' dir='ltr'><strong>bamus3</strong></span> <span class='ocrx_word' id='word_1_218' title='bbox 311 1752 511 1826; x_wconf 79' lang='lat' dir='ltr'><strong>spiritualiter,</strong></span> <span class='ocrx_word' id='word_1_219' title='bbox 528 1753 667 1824; x_wconf 86' lang='lat' dir='ltr'><strong>quoniam</strong></span> <span class='ocrx_word' id='word_1_220' title='bbox 684 1769 743 1809; x_wconf 93' lang='lat' dir='ltr'><strong>non</strong></span> <span class='ocrx_word' id='word_1_221' title='bbox 757 1753 858 1808; x_wconf 81' lang='lat' dir='ltr'><strong>dilexit</strong></span> <span class='ocrx_word' id='word_1_222' title='bbox 874 1769 927 1807; x_wconf 93' lang='lat' dir='ltr'><strong>nos</strong></span> <span class='ocrx_word' id='word_1_223' title='bbox 955 1752 991 1807; x_wconf 89' lang='lat' dir='ltr'><strong>ad</strong></span> <span class='ocrx_word' id='word_1_224' title='bbox 1007 1785 1031 1850; x_wconf 74' lang='lat' dir='ltr'><strong>B</strong></span> <span class='ocrx_word' id='word_1_225' title='bbox 1045 1754 1120 1825; x_wconf 82' lang='lat' dir='ltr'><strong>ejrrs,</strong></span> <span class='ocrx_word' id='word_1_226' title='bbox 1137 1758 1169 1808; x_wconf 90' lang='lat' dir='ltr'><strong>ut</strong></span> <span class='ocrx_word' id='word_1_227' title='bbox 1182 1752 1230 1808; x_wconf 93' lang='lat' dir='ltr'><strong>bic</strong></span> <span class='ocrx_word' id='word_1_228' title='bbox 1246 1752 1446 1825; x_wconf 85' lang='lat' dir='ltr'><strong>subjungitur,</strong></span> <span class='ocrx_word' id='word_1_229' title='bbox 1462 1751 1603 1807; x_wconf 89' lang='lat' dir='ltr'><strong>faciendo.</strong></span> <span class='ocrx_word' id='word_1_230' title='bbox 1620 1750 1674 1806; x_wconf 78' lang='lat' dir='ltr'><strong>list</strong></span> <span class='ocrx_word' id='word_1_231' title='bbox 1699 1765 1825 1824; x_wconf 74' lang='lat' dir='ltr'><strong>argoas</strong></span> <span class='ocrx_word' id='word_1_232' title='bbox 1843 1748 1862 1803; x_wconf 81' lang='lat' dir='ltr'><strong>si</strong></span> 
     </span>
     <span class='ocr_line' id='line_1_18' title="bbox 168 1837 1865 1913; baseline -0.004 -14"><span class='ocrx_word' id='word_1_233' title='bbox 168 1845 297 1911; x_wconf 83' lang='lat' dir='ltr'><strong>terrena,</strong></span> <span class='ocrx_word' id='word_1_234' title='bbox 311 1842 362 1899; x_wconf 88' lang='lat' dir='ltr'><strong>sed</strong></span> <span class='ocrx_word' id='word_1_235' title='bbox 377 1842 413 1897; x_wconf 84' lang='lat' dir='ltr'><strong>ad</strong></span> <span class='ocrx_word' id='word_1_236' title='bbox 429 1841 567 1909; x_wconf 84' lang='lat' dir='ltr'><strong>coelestia,</strong></span> <span class='ocrx_word' id='word_1_237' title='bbox 578 1846 612 1897; x_wconf 91' lang='lat' dir='ltr'><strong>ut</strong></span> <span class='ocrx_word' id='word_1_238' title='bbox 626 1841 738 1898; x_wconf 88' lang='lat' dir='ltr'><strong>seilicet</strong></span> <span class='ocrx_word' id='word_1_239' title='bbox 753 1858 805 1899; x_wconf 90' lang='lat' dir='ltr'><strong>nos</strong></span> <span class='ocrx_word' id='word_1_240' title='bbox 820 1843 857 1897; x_wconf 92' lang='lat' dir='ltr'><strong>de</strong></span> <span class='ocrx_word' id='word_1_241' title='bbox 872 1840 992 1898; x_wconf 86' lang='lat' dir='ltr'><strong>carnaii-</strong></span> <span class='ocrx_word' id='word_1_242' title='bbox 1046 1842 1123 1897; x_wconf 88' lang='lat' dir='ltr'><strong>dicat</strong></span> <span class='ocrx_word' id='word_1_243' title='bbox 1137 1840 1280 1898; x_wconf 86' lang='lat' dir='ltr'><strong>Dominus</strong></span> <span class='ocrx_word' id='word_1_244' title='bbox 1296 1858 1303 1896; x_wconf 92' lang='lat'>:</span> <span class='ocrx_word' id='word_1_245' title='bbox 1321 1842 1417 1897; x_wconf 79' lang='lat' dir='ltr'><strong>Facite</strong></span> <span class='ocrx_word' id='word_1_246' title='bbox 1433 1840 1510 1913; x_wconf 88' lang='lat' dir='ltr'><strong>quod</strong></span> <span class='ocrx_word' id='word_1_247' title='bbox 1527 1839 1656 1912; x_wconf 88' lang='lat' dir='ltr'><strong>pertinet</strong></span> <span class='ocrx_word' id='word_1_248' title='bbox 1669 1839 1707 1893; x_wconf 91' lang='lat' dir='ltr'><strong>ad</strong></span> <span class='ocrx_word' id='word_1_249' title='bbox 1728 1854 1793 1907; x_wconf 85' lang='lat' dir='ltr'><strong>vos,</strong></span> <span class='ocrx_word' id='word_1_250' title='bbox 1807 1837 1865 1910; x_wconf 65' lang='lat' dir='ltr'><strong>qiua</strong></span> 
     </span>
     <span class='ocr_line' id='line_1_19' title="bbox 168 1920 1863 2004; baseline -0.004 -16"><span class='ocrx_word' id='word_1_251' title='bbox 168 1931 226 1988; x_wconf 90' lang='lat' dir='ltr'><strong>bus</strong></span> <span class='ocrx_word' id='word_1_252' title='bbox 241 1929 417 2004; x_wconf 83' lang='lat' dir='ltr'><strong>spirituales,</strong></span> <span class='ocrx_word' id='word_1_253' title='bbox 436 1920 610 1988; x_wconf 80' lang='lat' dir='ltr'><strong>deterreris</strong></span> <span class='ocrx_word' id='word_1_254' title='bbox 625 1931 767 2000; x_wconf 85' lang='lat' dir='ltr'><strong>coelestes,</strong></span> <span class='ocrx_word' id='word_1_255' title='bbox 785 1933 820 1987; x_wconf 90' lang='lat' dir='ltr'><strong>de</strong></span> <span class='ocrx_word' id='word_1_256' title='bbox 846 1936 992 2004; x_wconf 85' lang='lat' dir='ltr'><strong>tempora·</strong></span> <span class='ocrx_word' id='word_1_257' title='bbox 1034 1932 1120 1988; x_wconf 70' lang='lat' dir='ltr'><strong>tario</strong></span> <span class='ocrx_word' id='word_1_258' title='bbox 1135 1931 1212 2004; x_wconf 77' lang='lat' dir='ltr'><strong>qrrod</strong></span> <span class='ocrx_word' id='word_1_259' title='bbox 1229 1930 1404 2003; x_wconf 88' lang='lat' dir='ltr'><strong>pertinetad</strong></span> <span class='ocrx_word' id='word_1_260' title='bbox 1421 1943 1478 1986; x_wconf 89' lang='lat' dir='ltr'><strong>me.</strong></span> <span class='ocrx_word' id='word_1_261' title='bbox 1491 1929 1550 2002; x_wconf 66' lang='lat' dir='ltr'><strong>ligo</strong></span> <span class='ocrx_word' id='word_1_262' title='bbox 1566 1928 1640 1984; x_wconf 89' lang='lat' dir='ltr'><strong>focio</strong></span> <span class='ocrx_word' id='word_1_263' title='bbox 1656 1928 1738 2000; x_wconf 90' lang='lat' dir='ltr'><strong>quod</strong></span> <span class='ocrx_word' id='word_1_264' title='bbox 1753 1927 1863 1994; x_wconf 71' lang='lat' dir='ltr'><strong>amaus</strong></span> 
     </span>
     <span class='ocr_line' id='line_1_20' title="bbox 169 2009 1863 2093; baseline -0.004 -17"><span class='ocrx_word' id='word_1_265' title='bbox 169 2019 248 2077; x_wconf 90' lang='lat' dir='ltr'><strong>libus</strong></span> <span class='ocrx_word' id='word_1_266' title='bbox 263 2023 387 2076; x_wconf 81' lang='lat' dir='ltr'><strong>veternos</strong></span> <span class='ocrx_word' id='word_1_267' title='bbox 403 2009 527 2088; x_wconf 76' lang='lat' dir='ltr'><strong>faceret,</strong></span> <span class='ocrx_word' id='word_1_268' title='bbox 544 2019 696 2090; x_wconf 80' lang='lat' dir='ltr'><strong>ferventer,</strong></span> <span class='ocrx_word' id='word_1_269' title='bbox 709 2021 848 2093; x_wconf 83' lang='lat' dir='ltr'><strong>quoniam</strong></span> <span class='ocrx_word' id='word_1_270' title='bbox 864 2037 918 2075; x_wconf 89' lang='lat' dir='ltr'><strong>nos</strong></span> <span class='ocrx_word' id='word_1_271' title='bbox 934 2036 992 2076; x_wconf 91' lang='lat' dir='ltr'><strong>uon</strong></span> <span class='ocrx_word' id='word_1_272' title='bbox 1047 2021 1176 2078; x_wconf 90' lang='lat' dir='ltr'><strong>animam</strong></span> <span class='ocrx_word' id='word_1_273' title='bbox 1192 2036 1288 2076; x_wconf 88' lang='lat' dir='ltr'><strong>meam</strong></span> <span class='ocrx_word' id='word_1_274' title='bbox 1308 2035 1360 2092; x_wconf 93' lang='lat' dir='ltr'><strong>pro</strong></span> <span class='ocrx_word' id='word_1_275' title='bbox 1382 2019 1465 2075; x_wconf 88' lang='lat' dir='ltr'><strong>vobis</strong></span> <span class='ocrx_word' id='word_1_276' title='bbox 1489 2018 1644 2092; x_wconf 88' lang='lat' dir='ltr'><strong>ponendo;</strong></span> <span class='ocrx_word' id='word_1_277' title='bbox 1668 2017 1750 2074; x_wconf 81' lang='lat' dir='ltr'><strong>facto</strong></span> <span class='ocrx_word' id='word_1_278' title='bbox 1770 2020 1803 2072; x_wconf 84' lang='lat' dir='ltr'><strong>et</strong></span> <span class='ocrx_word' id='word_1_279' title='bbox 1824 2030 1863 2071; x_wconf 85' lang='lat' dir='ltr'><strong>ros</strong></span> 
     </span>
     <span class='ocr_line' id='line_1_21' title="bbox 169 2097 1862 2184; baseline -0.002 -19"><span class='ocrx_word' id='word_1_280' title='bbox 169 2109 267 2183; x_wconf 77' lang='lat' dir='ltr'><strong>tepide</strong></span> <span class='ocrx_word' id='word_1_281' title='bbox 282 2112 312 2164; x_wconf 92' lang='lat' dir='ltr'><strong>et</strong></span> <span class='ocrx_word' id='word_1_282' title='bbox 326 2097 516 2176; x_wconf 55' lang='lat' dir='ltr'><strong>frote&#39;dilexit,</strong></span> <span class='ocrx_word' id='word_1_283' title='bbox 534 2109 585 2164; x_wconf 90' lang='lat' dir='ltr'><strong>sed</strong></span> <span class='ocrx_word' id='word_1_284' title='bbox 608 2109 831 2174; x_wconf 79' lang='lat' dir='ltr'><strong>ferventissime,</strong></span> <span class='ocrx_word' id='word_1_285' title='bbox 847 2109 917 2164; x_wconf 87' lang='lat' dir='ltr'><strong>dum</strong></span> <span class='ocrx_word' id='word_1_286' title='bbox 934 2125 991 2163; x_wconf 94' lang='lat' dir='ltr'><strong>uon</strong></span> <span class='ocrx_word' id='word_1_287' title='bbox 1047 2111 1125 2184; x_wconf 88' lang='lat' dir='ltr'><strong>quod</strong></span> <span class='ocrx_word' id='word_1_288' title='bbox 1141 2109 1287 2176; x_wconf 90' lang='lat' dir='ltr'><strong>amici,me</strong></span> <span class='ocrx_word' id='word_1_289' title='bbox 1301 2108 1450 2181; x_wconf 87' lang='lat' dir='ltr'><strong>diligendo</strong></span> <span class='ocrx_word' id='word_1_290' title='bbox 1465 2112 1494 2163; x_wconf 91' lang='lat' dir='ltr'><strong>et</strong></span> <span class='ocrx_word' id='word_1_291' title='bbox 1508 2105 1862 2162; x_wconf 77' lang='lat' dir='ltr'><strong>mandatumeafaeiaudo.</strong></span> 
     </span>
     <span class='ocr_line' id='line_1_22' title="bbox 170 2194 1864 2270; baseline -0.002 -16"><span class='ocrx_word' id='word_1_292' title='bbox 170 2197 267 2254; x_wconf 87' lang='lat' dir='ltr'><strong>solum</strong></span> <span class='ocrx_word' id='word_1_293' title='bbox 283 2214 347 2265; x_wconf 85' lang='lat' dir='ltr'><strong>sua,</strong></span> <span class='ocrx_word' id='word_1_294' title='bbox 364 2198 414 2253; x_wconf 90' lang='lat' dir='ltr'><strong>sed</strong></span> <span class='ocrx_word' id='word_1_295' title='bbox 431 2197 519 2253; x_wconf 89' lang='lat' dir='ltr'><strong>etiam</strong></span> <span class='ocrx_word' id='word_1_296' title='bbox 531 2198 662 2270; x_wconf 90' lang='lat' dir='ltr'><strong>seipsum</strong></span> <span class='ocrx_word' id='word_1_297' title='bbox 676 2213 730 2270; x_wconf 93' lang='lat' dir='ltr'><strong>pro</strong></span> <span class='ocrx_word' id='word_1_298' title='bbox 745 2199 829 2254; x_wconf 92' lang='lat' dir='ltr'><strong>nobis</strong></span> <span class='ocrx_word' id='word_1_299' title='bbox 842 2199 930 2253; x_wconf 89' lang='lat' dir='ltr'><strong>dedit.</strong></span> <span class='ocrx_word' id='word_1_300' title='bbox 948 2197 994 2252; x_wconf 91' lang='lat' dir='ltr'><strong>Di·</strong></span> <span class='ocrx_word' id='word_1_301' title='bbox 1048 2200 1128 2264; x_wconf 87' lang='lat' dir='ltr'><strong>Quod</strong></span> <span class='ocrx_word' id='word_1_302' title='bbox 1144 2199 1168 2254; x_wconf 88' lang='lat' dir='ltr'><strong>si</strong></span> <span class='ocrx_word' id='word_1_303' title='bbox 1183 2199 1289 2267; x_wconf 87' lang='lat' dir='ltr'><strong>facitis,</strong></span> <span class='ocrx_word' id='word_1_304' title='bbox 1300 2199 1361 2269; x_wconf 72' lang='lat' dir='ltr'><strong>jcvm</strong></span> <span class='ocrx_word' id='word_1_305' title='bbox 1380 2213 1434 2253; x_wconf 82' lang='lat' dir='ltr'><strong>aon</strong></span> <span class='ocrx_word' id='word_1_306' title='bbox 1454 2196 1559 2263; x_wconf 78' lang='lat' dir='ltr'><strong>diram,</strong></span> <span class='ocrx_word' id='word_1_307' title='bbox 1572 2194 1681 2268; x_wconf 87' lang='lat' dir='ltr'><strong>iuquit,</strong></span> <span class='ocrx_word' id='word_1_308' title='bbox 1701 2210 1752 2252; x_wconf 80' lang='lat' dir='ltr'><strong>vos</strong></span> <span class='ocrx_word' id='word_1_309' title='bbox 1776 2210 1864 2263; x_wconf 73' lang='lat' dir='ltr'><strong>amoc,</strong></span> 
     </span>
     <span class='ocr_line' id='line_1_23' title="bbox 154 2285 1864 2367; baseline -0.001 -26"><span class='ocrx_word' id='word_1_310' title='bbox 154 2285 299 2367; x_wconf 74' lang='lat' dir='ltr'><strong>ligamus</strong></span> <span class='ocrx_word' id='word_1_311' title='bbox 322 2285 432 2358; x_wconf 85' lang='lat' dir='ltr'><strong>itaque,</strong></span> <span class='ocrx_word' id='word_1_312' title='bbox 454 2286 558 2341; x_wconf 86' lang='lat' dir='ltr'><strong>fratres</strong></span> <span class='ocrx_word' id='word_1_313' title='bbox 581 2286 648 2354; x_wconf 90' lang='lat' dir='ltr'><strong>mei,</strong></span> <span class='ocrx_word' id='word_1_314' title='bbox 665 2287 741 2342; x_wconf 87' lang='lat' dir='ltr'><strong>sicut</strong></span> <span class='ocrx_word' id='word_1_315' title='bbox 756 2292 784 2342; x_wconf 90' lang='lat' dir='ltr'><strong>et</strong></span> <span class='ocrx_word' id='word_1_316' title='bbox 807 2288 870 2360; x_wconf 88' lang='lat' dir='ltr'><strong>ipse</strong></span> <span class='ocrx_word' id='word_1_317' title='bbox 894 2285 995 2343; x_wconf 85' lang='lat' dir='ltr'><strong>dilexit</strong></span> <span class='ocrx_word' id='word_1_318' title='bbox 1034 2291 1114 2362; x_wconf 32' lang='lat' dir='ltr'><strong>,quia</strong></span> <span class='ocrx_word' id='word_1_319' title='bbox 1127 2305 1221 2345; x_wconf 76' lang='lat' dir='ltr'><strong>sertus</strong></span> <span class='ocrx_word' id='word_1_320' title='bbox 1236 2290 1321 2343; x_wconf 77' lang='lat' dir='ltr'><strong>nescit</strong></span> <span class='ocrx_word' id='word_1_321' title='bbox 1335 2287 1401 2361; x_wconf 80' lang='lat' dir='ltr'><strong>quid</strong></span> <span class='ocrx_word' id='word_1_322' title='bbox 1414 2288 1501 2359; x_wconf 79' lang='lat' dir='ltr'><strong>saciat</strong></span> <span class='ocrx_word' id='word_1_323' title='bbox 1518 2285 1647 2342; x_wconf 78' lang='lat' dir='ltr'><strong>dominas</strong></span> <span class='ocrx_word' id='word_1_324' title='bbox 1670 2285 1742 2357; x_wconf 75' lang='lat' dir='ltr'><strong>ejas.</strong></span> <span class='ocrx_word' id='word_1_325' title='bbox 1754 2288 1812 2342; x_wconf 72' lang='lat' dir='ltr'><strong>*Vos</strong></span> <span class='ocrx_word' id='word_1_326' title='bbox 1822 2300 1864 2340; x_wconf 79' lang='lat' dir='ltr'><strong>aa·</strong></span> 
     </span>
     <span class='ocr_line' id='line_1_24' title="bbox 168 2370 1864 2448; baseline -0.001 -17"><span class='ocrx_word' id='word_1_327' title='bbox 168 2370 237 2431; x_wconf 73' lang='lat' dir='ltr'><strong>uos.</strong></span> <span class='ocrx_word' id='word_1_328' title='bbox 253 2373 414 2448; x_wconf 89' lang='lat' dir='ltr'><strong>Diligamus</strong></span> <span class='ocrx_word' id='word_1_329' title='bbox 430 2375 532 2448; x_wconf 88' lang='lat' dir='ltr'><strong>gratis,</strong></span> <span class='ocrx_word' id='word_1_330' title='bbox 549 2390 606 2430; x_wconf 92' lang='lat' dir='ltr'><strong>non</strong></span> <span class='ocrx_word' id='word_1_331' title='bbox 626 2380 827 2448; x_wconf 83' lang='lat' dir='ltr'><strong>exspectantes</strong></span> <span class='ocrx_word' id='word_1_332' title='bbox 855 2376 931 2448; x_wconf 88' lang='lat' dir='ltr'><strong>quod</strong></span> <span class='ocrx_word' id='word_1_333' title='bbox 946 2375 993 2431; x_wconf 90' lang='lat' dir='ltr'><strong>alii</strong></span> <span class='ocrx_word' id='word_1_334' title='bbox 1049 2385 1102 2434; x_wconf 81' lang='lat' dir='ltr'><strong>tem</strong></span> <span class='ocrx_word' id='word_1_335' title='bbox 1125 2379 1187 2434; x_wconf 79' lang='lat' dir='ltr'><strong>diri</strong></span> <span class='ocrx_word' id='word_1_336' title='bbox 1201 2379 1302 2432; x_wconf 82' lang='lat' dir='ltr'><strong>amicos</strong></span> <span class='ocrx_word' id='word_1_337' title='bbox 1317 2378 1384 2448; x_wconf 81' lang='lat' dir='ltr'><strong>qaia</strong></span> <span class='ocrx_word' id='word_1_338' title='bbox 1399 2377 1491 2431; x_wconf 84' lang='lat' dir='ltr'><strong>omnia</strong></span> <span class='ocrx_word' id='word_1_339' title='bbox 1506 2373 1671 2447; x_wconf 71' lang='lat' dir='ltr'><strong>qaaeaodivi</strong></span> <span class='ocrx_word' id='word_1_340' title='bbox 1685 2391 1703 2429; x_wconf 87' lang='lat' dir='ltr'><strong>a</strong></span> <span class='ocrx_word' id='word_1_341' title='bbox 1717 2375 1864 2439; x_wconf 72' lang='lat' dir='ltr'><strong>Patrem,</strong></span> 
     </span>
     <span class='ocr_line' id='line_1_25' title="bbox 172 2462 1864 2540; baseline -0.002 -20"><span class='ocrx_word' id='word_1_342' title='bbox 172 2480 227 2520; x_wconf 90' lang='lat' dir='ltr'><strong>nos</strong></span> <span class='ocrx_word' id='word_1_343' title='bbox 242 2463 375 2537; x_wconf 88' lang='lat' dir='ltr'><strong>diligant,</strong></span> <span class='ocrx_word' id='word_1_344' title='bbox 392 2465 441 2519; x_wconf 88' lang='lat' dir='ltr'><strong>sed</strong></span> <span class='ocrx_word' id='word_1_345' title='bbox 458 2464 513 2536; x_wconf 91' lang='lat' dir='ltr'><strong>ipsi</strong></span> <span class='ocrx_word' id='word_1_346' title='bbox 538 2481 591 2520; x_wconf 90' lang='lat' dir='ltr'><strong>nos</strong></span> <span class='ocrx_word' id='word_1_347' title='bbox 616 2465 727 2537; x_wconf 90' lang='lat' dir='ltr'><strong>priores</strong></span> <span class='ocrx_word' id='word_1_348' title='bbox 752 2480 802 2521; x_wconf 89' lang='lat' dir='ltr'><strong>eos</strong></span> <span class='ocrx_word' id='word_1_349' title='bbox 825 2465 993 2538; x_wconf 89' lang='lat' dir='ltr'><strong>diligamus,</strong></span> <span class='ocrx_word' id='word_1_350' title='bbox 1033 2468 1277 2540; x_wconf 62' lang='lat' dir='ltr'><strong>retractantis.</strong></span> <span class='ocrx_word' id='word_1_351' title='bbox 1295 2465 1493 2521; x_wconf 81' lang='lat' dir='ltr'><strong>Differentiam</strong></span> <span class='ocrx_word' id='word_1_352' title='bbox 1509 2462 1641 2535; x_wconf 80' lang='lat' dir='ltr'><strong>assignat</strong></span> <span class='ocrx_word' id='word_1_353' title='bbox 1658 2462 1741 2519; x_wconf 88' lang='lat' dir='ltr'><strong>inter</strong></span> <span class='ocrx_word' id='word_1_354' title='bbox 1762 2476 1864 2519; x_wconf 81' lang='lat' dir='ltr'><strong>serrum</strong></span> 
     </span>
     <span class='ocr_line' id='line_1_26' title="bbox 159 2550 1865 2627; baseline -0.002 -18"><span class='ocrx_word' id='word_1_355' title='bbox 159 2568 227 2609; x_wconf 82' lang='lat' dir='ltr'><strong>¹nec</strong></span> <span class='ocrx_word' id='word_1_356' title='bbox 241 2552 395 2609; x_wconf 89' lang='lat' dir='ltr'><strong>commoda</strong></span> <span class='ocrx_word' id='word_1_357' title='bbox 410 2556 520 2619; x_wconf 89' lang='lat' dir='ltr'><strong>nostra,</strong></span> <span class='ocrx_word' id='word_1_358' title='bbox 538 2553 589 2608; x_wconf 91' lang='lat' dir='ltr'><strong>sed</strong></span> <span class='ocrx_word' id='word_1_359' title='bbox 605 2552 728 2609; x_wconf 89' lang='lat' dir='ltr'><strong>aliorum</strong></span> <span class='ocrx_word' id='word_1_360' title='bbox 747 2570 923 2627; x_wconf 78' lang='lat' dir='ltr'><strong>queramus.</strong></span> <span class='ocrx_word' id='word_1_361' title='bbox 940 2554 994 2609; x_wconf 91' lang='lat' dir='ltr'><strong>Sed</strong></span> <span class='ocrx_word' id='word_1_362' title='bbox 1034 2561 1077 2613; x_wconf 80' lang='lat' dir='ltr'><strong>et</strong></span> <span class='ocrx_word' id='word_1_363' title='bbox 1092 2557 1218 2612; x_wconf 91' lang='lat' dir='ltr'><strong>amicum</strong></span> <span class='ocrx_word' id='word_1_364' title='bbox 1234 2556 1264 2611; x_wconf 92' lang='lat' dir='ltr'><strong>in</strong></span> <span class='ocrx_word' id='word_1_365' title='bbox 1280 2555 1334 2610; x_wconf 91' lang='lat' dir='ltr'><strong>boc</strong></span> <span class='ocrx_word' id='word_1_366' title='bbox 1349 2554 1426 2626; x_wconf 88' lang='lat' dir='ltr'><strong>quod</strong></span> <span class='ocrx_word' id='word_1_367' title='bbox 1447 2569 1548 2609; x_wconf 89' lang='lat' dir='ltr'><strong>servus</strong></span> <span class='ocrx_word' id='word_1_368' title='bbox 1564 2555 1749 2608; x_wconf 84' lang='lat' dir='ltr'><strong>secretorum</strong></span> <span class='ocrx_word' id='word_1_369' title='bbox 1768 2550 1865 2608; x_wconf 89' lang='lat' dir='ltr'><strong>domiui</strong></span> 
     </span>
     <span class='ocr_line' id='line_1_27' title="bbox 155 2640 1865 2719; baseline -0.001 -22"><span class='ocrx_word' id='word_1_370' title='bbox 155 2640 311 2715; x_wconf 90' lang='lat' dir='ltr'><strong>&#39;quoniam</strong></span> <span class='ocrx_word' id='word_1_371' title='bbox 328 2641 447 2715; x_wconf 88' lang='lat' dir='ltr'><strong>quidum</strong></span> <span class='ocrx_word' id='word_1_372' title='bbox 469 2641 624 2698; x_wconf 80' lang='lat' dir='ltr'><strong>carnaliter</strong></span> <span class='ocrx_word' id='word_1_373' title='bbox 649 2642 786 2716; x_wconf 91' lang='lat' dir='ltr'><strong>diligunt,</strong></span> <span class='ocrx_word' id='word_1_374' title='bbox 802 2648 832 2698; x_wconf 90' lang='lat' dir='ltr'><strong>et</strong></span> <span class='ocrx_word' id='word_1_375' title='bbox 846 2644 946 2716; x_wconf 77' lang='lat' dir='ltr'><strong>gratie,</strong></span> <span class='ocrx_word' id='word_1_376' title='bbox 963 2648 996 2699; x_wconf 92' lang='lat' dir='ltr'><strong>ut</strong></span> <span class='ocrx_word' id='word_1_377' title='bbox 1050 2646 1095 2702; x_wconf 90' lang='lat' dir='ltr'><strong>sui</strong></span> <span class='ocrx_word' id='word_1_378' title='bbox 1111 2646 1231 2719; x_wconf 87' lang='lat' dir='ltr'><strong>ignarus</strong></span> <span class='ocrx_word' id='word_1_379' title='bbox 1247 2649 1311 2713; x_wconf 85' lang='lat' dir='ltr'><strong>est3</strong></span> <span class='ocrx_word' id='word_1_380' title='bbox 1329 2642 1441 2698; x_wconf 89' lang='lat' dir='ltr'><strong>amicus</strong></span> <span class='ocrx_word' id='word_1_381' title='bbox 1457 2658 1523 2698; x_wconf 90' lang='lat' dir='ltr'><strong>vero</strong></span> <span class='ocrx_word' id='word_1_382' title='bbox 1544 2657 1644 2697; x_wconf 88' lang='lat' dir='ltr'><strong>eorum</strong></span> <span class='ocrx_word' id='word_1_383' title='bbox 1671 2640 1826 2696; x_wconf 80' lang='lat' dir='ltr'><strong>familiaris</strong></span> <span class='ocrx_word' id='word_1_384' title='bbox 1844 2644 1865 2695; x_wconf 82' lang='lat' dir='ltr'><strong>et</strong></span> 
     </span>
     <span class='ocr_line' id='line_1_28' title="bbox 166 2715 1865 2805; baseline -0.001 -18"><span class='ocrx_word' id='word_1_385' title='bbox 166 2733 308 2805; x_wconf 88' lang='lat' dir='ltr'><strong>parentes</strong></span> <span class='ocrx_word' id='word_1_386' title='bbox 324 2729 408 2798; x_wconf 81' lang='lat' dir='ltr'><strong>filios,</strong></span> <span class='ocrx_word' id='word_1_387' title='bbox 421 2731 578 2804; x_wconf 89' lang='lat' dir='ltr'><strong>diligamus</strong></span> <span class='ocrx_word' id='word_1_388' title='bbox 593 2731 680 2787; x_wconf 89' lang='lat' dir='ltr'><strong>etiam</strong></span> <span class='ocrx_word' id='word_1_389' title='bbox 696 2731 996 2804; x_wconf 85' lang='lat' dir='ltr'><strong>spiritualiter,utsci-</strong></span> <span class='ocrx_word' id='word_1_390' title='bbox 1049 2735 1183 2790; x_wconf 87' lang='lat' dir='ltr'><strong>conscius</strong></span> <span class='ocrx_word' id='word_1_391' title='bbox 1211 2738 1265 2790; x_wconf 89' lang='lat' dir='ltr'><strong>est.</strong></span> <span class='ocrx_word' id='word_1_392' title='bbox 1286 2734 1321 2788; x_wconf 83' lang='lat' dir='ltr'><strong>st</strong></span> <span class='ocrx_word' id='word_1_393' title='bbox 1349 2715 1595 2803; x_wconf 57' lang='lat' dir='ltr'><strong>servus&#39;quidem</strong></span> <span class='ocrx_word' id='word_1_394' title='bbox 1618 2745 1745 2802; x_wconf 88' lang='lat' dir='ltr'><strong>operum</strong></span> <span class='ocrx_word' id='word_1_395' title='bbox 1768 2727 1865 2786; x_wconf 89' lang='lat' dir='ltr'><strong>domiui</strong></span> 
     </span>
     <span class='ocr_line' id='line_1_29' title="bbox 172 2818 1866 2896; baseline -0.001 -20"><span class='ocrx_word' id='word_1_396' title='bbox 172 2818 240 2877; x_wconf 87' lang='lat' dir='ltr'><strong>lio&#39;et</strong></span> <span class='ocrx_word' id='word_1_397' title='bbox 255 2820 358 2876; x_wconf 86' lang='lat' dir='ltr'><strong>fratres</strong></span> <span class='ocrx_word' id='word_1_398' title='bbox 373 2824 500 2888; x_wconf 90' lang='lat' dir='ltr'><strong>nostros,</strong></span> <span class='ocrx_word' id='word_1_399' title='bbox 513 2836 571 2876; x_wconf 85' lang='lat' dir='ltr'><strong>nou</strong></span> <span class='ocrx_word' id='word_1_400' title='bbox 588 2821 623 2876; x_wconf 91' lang='lat' dir='ltr'><strong>ad</strong></span> <span class='ocrx_word' id='word_1_401' title='bbox 648 2823 763 2876; x_wconf 87' lang='lat' dir='ltr'><strong>terrena</strong></span> <span class='ocrx_word' id='word_1_402' title='bbox 788 2826 816 2877; x_wconf 91' lang='lat' dir='ltr'><strong>et</strong></span> <span class='ocrx_word' id='word_1_403' title='bbox 840 2838 926 2888; x_wconf 90' lang='lat' dir='ltr'><strong>vana,</strong></span> <span class='ocrx_word' id='word_1_404' title='bbox 943 2823 994 2878; x_wconf 91' lang='lat' dir='ltr'><strong>sed</strong></span> <span class='ocrx_word' id='word_1_405' title='bbox 1050 2824 1167 2896; x_wconf 82' lang='lat' dir='ltr'><strong>ignarus</strong></span> <span class='ocrx_word' id='word_1_406' title='bbox 1183 2827 1237 2891; x_wconf 89' lang='lat' dir='ltr'><strong>est,</strong></span> <span class='ocrx_word' id='word_1_407' title='bbox 1260 2839 1318 2878; x_wconf 90' lang='lat' dir='ltr'><strong>non</strong></span> <span class='ocrx_word' id='word_1_408' title='bbox 1334 2821 1429 2878; x_wconf 89' lang='lat' dir='ltr'><strong>solum</strong></span> <span class='ocrx_word' id='word_1_409' title='bbox 1446 2818 1644 2892; x_wconf 88' lang='lat' dir='ltr'><strong>spiritualium</strong></span> <span class='ocrx_word' id='word_1_410' title='bbox 1666 2835 1733 2891; x_wconf 82' lang='lat' dir='ltr'><strong>quae</strong></span> <span class='ocrx_word' id='word_1_411' title='bbox 1757 2819 1804 2875; x_wconf 90' lang='lat' dir='ltr'><strong>bic</strong></span> <span class='ocrx_word' id='word_1_412' title='bbox 1817 2819 1866 2874; x_wconf 88' lang='lat' dir='ltr'><strong>&#39;Do-</strong></span> 
     </span>
     <span class='ocr_line' id='line_1_30' title="bbox 173 2907 1866 2986; baseline -0.003 -20"><span class='ocrx_word' id='word_1_413' title='bbox 173 2910 210 2966; x_wconf 87' lang='lat' dir='ltr'><strong>ad</strong></span> <span class='ocrx_word' id='word_1_414' title='bbox 224 2907 353 2965; x_wconf 70' lang='lat' dir='ltr'><strong>coelestia</strong></span> <span class='ocrx_word' id='word_1_415' title='bbox 367 2913 395 2964; x_wconf 90' lang='lat' dir='ltr'><strong>et</strong></span> <span class='ocrx_word' id='word_1_416' title='bbox 410 2911 516 2966; x_wconf 83' lang='lat' dir='ltr'><strong>aterna</strong></span> <span class='ocrx_word' id='word_1_417' title='bbox 530 2908 698 2982; x_wconf 81' lang='lat' dir='ltr'><strong>diligamus</strong></span> <span class='ocrx_word' id='word_1_418' title='bbox 713 2911 769 2966; x_wconf 85' lang='lat' dir='ltr'><strong>Sed</strong></span> <span class='ocrx_word' id='word_1_419' title='bbox 782 2911 921 2983; x_wconf 84' lang='lat' dir='ltr'><strong>quoniam</strong></span> <span class='ocrx_word' id='word_1_420' title='bbox 934 2911 996 2984; x_wconf 85' lang='lat' dir='ltr'><strong>qui·</strong></span> <span class='ocrx_word' id='word_1_421' title='bbox 1050 2914 1148 2969; x_wconf 89' lang='lat' dir='ltr'><strong>minus</strong></span> <span class='ocrx_word' id='word_1_422' title='bbox 1164 2916 1310 2986; x_wconf 89' lang='lat' dir='ltr'><strong>operatur,</strong></span> <span class='ocrx_word' id='word_1_423' title='bbox 1327 2911 1357 2966; x_wconf 92' lang='lat' dir='ltr'><strong>in</strong></span> <span class='ocrx_word' id='word_1_424' title='bbox 1373 2909 1494 2975; x_wconf 90' lang='lat' dir='ltr'><strong>sanctis,</strong></span> <span class='ocrx_word' id='word_1_425' title='bbox 1509 2912 1537 2964; x_wconf 89' lang='lat' dir='ltr'><strong>et</strong></span> <span class='ocrx_word' id='word_1_426' title='bbox 1554 2913 1733 2963; x_wconf 81' lang='lat' dir='ltr'><strong>eternorum</strong></span> <span class='ocrx_word' id='word_1_427' title='bbox 1758 2925 1823 2981; x_wconf 26' lang='lat' dir='ltr'><strong>,qua</strong></span> <span class='ocrx_word' id='word_1_428' title='bbox 1842 2907 1866 2961; x_wconf 91' lang='lat' dir='ltr'><strong>in</strong></span> 
     </span>
     <span class='ocr_line' id='line_1_31' title="bbox 168 2996 1866 3074; baseline -0.001 -20"><span class='ocrx_word' id='word_1_429' title='bbox 168 2999 241 3054; x_wconf 82' lang='lat' dir='ltr'><strong>&#39;dam</strong></span> <span class='ocrx_word' id='word_1_430' title='bbox 257 2997 392 3072; x_wconf 88' lang='lat' dir='ltr'><strong>diligunt,</strong></span> <span class='ocrx_word' id='word_1_431' title='bbox 410 2997 555 3072; x_wconf 88' lang='lat' dir='ltr'><strong>et-gratis,</strong></span> <span class='ocrx_word' id='word_1_432' title='bbox 569 3003 599 3055; x_wconf 90' lang='lat' dir='ltr'><strong>et</strong></span> <span class='ocrx_word' id='word_1_433' title='bbox 612 2996 812 3071; x_wconf 90' lang='lat' dir='ltr'><strong>spiritualiter,</strong></span> <span class='ocrx_word' id='word_1_434' title='bbox 820 3001 870 3056; x_wconf 88' lang='lat' dir='ltr'><strong>sed</strong></span> <span class='ocrx_word' id='word_1_435' title='bbox 887 3000 994 3073; x_wconf 86' lang='lat' dir='ltr'><strong>tepide,</strong></span> <span class='ocrx_word' id='word_1_436' title='bbox 1049 3003 1147 3058; x_wconf 89' lang='lat' dir='ltr'><strong>futuro</strong></span> <span class='ocrx_word' id='word_1_437' title='bbox 1162 3005 1305 3074; x_wconf 77' lang='lat' dir='ltr'><strong>preparat</strong></span> <span class='ocrx_word' id='word_1_438' title='bbox 1318 3000 1369 3067; x_wconf 88' lang='lat' dir='ltr'><strong>eis,</strong></span> <span class='ocrx_word' id='word_1_439' title='bbox 1387 2999 1437 3056; x_wconf 90' lang='lat' dir='ltr'><strong>scd</strong></span> <span class='ocrx_word' id='word_1_440' title='bbox 1452 2998 1540 3054; x_wconf 89' lang='lat' dir='ltr'><strong>etiam</strong></span> <span class='ocrx_word' id='word_1_441' title='bbox 1555 2997 1689 3069; x_wconf 90' lang='lat' dir='ltr'><strong>ipsorum</strong></span> <span class='ocrx_word' id='word_1_442' title='bbox 1703 2996 1866 3063; x_wconf 72' lang='lat' dir='ltr'><strong>visibilium</strong></span> 
     </span>
     <span class='ocr_line' id='line_1_32' title="bbox 172 3085 1866 3164; baseline -0.001 -22"><span class='ocrx_word' id='word_1_443' title='bbox 172 3085 331 3159; x_wconf 90' lang='lat' dir='ltr'><strong>diligamus</strong></span> <span class='ocrx_word' id='word_1_444' title='bbox 347 3087 490 3144; x_wconf 86' lang='lat' dir='ltr'><strong>ferventer</strong></span> <span class='ocrx_word' id='word_1_445' title='bbox 505 3104 561 3143; x_wconf 90' lang='lat' dir='ltr'><strong>non</strong></span> <span class='ocrx_word' id='word_1_446' title='bbox 578 3087 606 3143; x_wconf 91' lang='lat' dir='ltr'><strong>in</strong></span> <span class='ocrx_word' id='word_1_447' title='bbox 623 3089 711 3144; x_wconf 89' lang='lat' dir='ltr'><strong>verbo</strong></span> <span class='ocrx_word' id='word_1_448' title='bbox 727 3092 755 3145; x_wconf 91' lang='lat' dir='ltr'><strong>et</strong></span> <span class='ocrx_word' id='word_1_449' title='bbox 771 3088 881 3162; x_wconf 87' lang='lat' dir='ltr'><strong>lingua,</strong></span> <span class='ocrx_word' id='word_1_450' title='bbox 899 3091 948 3145; x_wconf 87' lang='lat' dir='ltr'><strong>sed</strong></span> <span class='ocrx_word' id='word_1_451' title='bbox 966 3090 994 3144; x_wconf 93' lang='lat' dir='ltr'><strong>in</strong></span> <span class='ocrx_word' id='word_1_452' title='bbox 1050 3109 1175 3164; x_wconf 77' lang='lat' dir='ltr'><strong>quorrvm</strong></span> <span class='ocrx_word' id='word_1_453' title='bbox 1201 3090 1391 3146; x_wconf 89' lang='lat' dir='ltr'><strong>intentionem</strong></span> <span class='ocrx_word' id='word_1_454' title='bbox 1417 3093 1444 3142; x_wconf 86' lang='lat' dir='ltr'><strong>rt</strong></span> <span class='ocrx_word' id='word_1_455' title='bbox 1467 3087 1554 3141; x_wconf 89' lang='lat' dir='ltr'><strong>tinem</strong></span> <span class='ocrx_word' id='word_1_456' title='bbox 1580 3103 1637 3141; x_wconf 92' lang='lat' dir='ltr'><strong>nou</strong></span> <span class='ocrx_word' id='word_1_457' title='bbox 1664 3085 1803 3152; x_wconf 86' lang='lat' dir='ltr'><strong>intendit,</strong></span> <span class='ocrx_word' id='word_1_458' title='bbox 1816 3086 1866 3140; x_wconf 91' lang='lat' dir='ltr'><strong>imo</strong></span> 
     </span>
     <span class='ocr_line' id='line_1_33' title="bbox 149 3155 1865 3259; baseline -0.002 -26"><span class='ocrx_word' id='word_1_459' title='bbox 149 3192 259 3259; x_wconf 51' lang='lat' dir='ltr'><strong>jopere</strong></span> <span class='ocrx_word' id='word_1_460' title='bbox 285 3180 314 3232; x_wconf 89' lang='lat' dir='ltr'><strong>et</strong></span> <span class='ocrx_word' id='word_1_461' title='bbox 338 3177 476 3242; x_wconf 81' lang='lat' dir='ltr'><strong>veritate3</strong></span> <span class='ocrx_word' id='word_1_462' title='bbox 497 3178 610 3248; x_wconf 86' lang='lat' dir='ltr'><strong>tepidos</strong></span> <span class='ocrx_word' id='word_1_463' title='bbox 633 3178 711 3233; x_wconf 90' lang='lat' dir='ltr'><strong>enim</strong></span> <span class='ocrx_word' id='word_1_464' title='bbox 735 3183 867 3241; x_wconf 85' lang='lat' dir='ltr'><strong>nauseat,</strong></span> <span class='ocrx_word' id='word_1_465' title='bbox 884 3185 913 3234; x_wconf 89' lang='lat' dir='ltr'><strong>et</strong></span> <span class='ocrx_word' id='word_1_466' title='bbox 935 3155 1031 3234; x_wconf 83' lang='lat' dir='ltr'><strong>oclitG</strong></span> <span class='ocrx_word' id='word_1_467' title='bbox 1050 3181 1136 3236; x_wconf 83' lang='lat' dir='ltr'><strong>etiam</strong></span> <span class='ocrx_word' id='word_1_468' title='bbox 1152 3196 1253 3235; x_wconf 90' lang='lat' dir='ltr'><strong>eorum</strong></span> <span class='ocrx_word' id='word_1_469' title='bbox 1270 3197 1333 3251; x_wconf 81' lang='lat' dir='ltr'><strong>qua</strong></span> <span class='ocrx_word' id='word_1_470' title='bbox 1349 3179 1426 3234; x_wconf 88' lang='lat' dir='ltr'><strong>Deus</strong></span> <span class='ocrx_word' id='word_1_471' title='bbox 1451 3192 1502 3249; x_wconf 90' lang='lat' dir='ltr'><strong>per</strong></span> <span class='ocrx_word' id='word_1_472' title='bbox 1526 3176 1623 3248; x_wconf 90' lang='lat' dir='ltr'><strong>ipsum</strong></span> <span class='ocrx_word' id='word_1_473' title='bbox 1650 3191 1774 3230; x_wconf 89' lang='lat' dir='ltr'><strong>servum</strong></span> <span class='ocrx_word' id='word_1_474' title='bbox 1797 3173 1865 3239; x_wconf 85' lang='lat' dir='ltr'><strong>facit,</strong></span> 
     </span>
     <span class='ocr_line' id='line_1_34' title="bbox 170 3264 1865 3342; baseline -0.001 -20"><span class='ocrx_word' id='word_1_475' title='bbox 170 3267 260 3322; x_wconf 87' lang='lat' dir='ltr'><strong>Deus.</strong></span> <span class='ocrx_word' id='word_1_476' title='bbox 274 3265 422 3329; x_wconf 76' lang='lat' dir='ltr'><strong>Quantum</strong></span> <span class='ocrx_word' id='word_1_477' title='bbox 437 3281 502 3320; x_wconf 89' lang='lat' dir='ltr'><strong>vero</strong></span> <span class='ocrx_word' id='word_1_478' title='bbox 518 3267 655 3322; x_wconf 89' lang='lat' dir='ltr'><strong>domiuus</strong></span> <span class='ocrx_word' id='word_1_479' title='bbox 671 3283 724 3323; x_wconf 89' lang='lat' dir='ltr'><strong>nos</strong></span> <span class='ocrx_word' id='word_1_480' title='bbox 743 3266 884 3334; x_wconf 85' lang='lat' dir='ltr'><strong>dilexerit,</strong></span> <span class='ocrx_word' id='word_1_481' title='bbox 900 3273 995 3323; x_wconf 85' lang='lat' dir='ltr'><strong>osten·</strong></span> <span class='ocrx_word' id='word_1_482' title='bbox 1048 3270 1111 3342; x_wconf 82' lang='lat' dir='ltr'><strong>ipse</strong></span> <span class='ocrx_word' id='word_1_483' title='bbox 1126 3287 1228 3325; x_wconf 84' lang='lat' dir='ltr'><strong>servus</strong></span> <span class='ocrx_word' id='word_1_484' title='bbox 1248 3271 1367 3342; x_wconf 88' lang='lat' dir='ltr'><strong>ignarus</strong></span> <span class='ocrx_word' id='word_1_485' title='bbox 1382 3271 1436 3332; x_wconf 89' lang='lat' dir='ltr'><strong>est,</strong></span> <span class='ocrx_word' id='word_1_486' title='bbox 1452 3267 1521 3338; x_wconf 89' lang='lat' dir='ltr'><strong>quia</strong></span> <span class='ocrx_word' id='word_1_487' title='bbox 1534 3266 1565 3320; x_wconf 92' lang='lat' dir='ltr'><strong>in</strong></span> <span class='ocrx_word' id='word_1_488' title='bbox 1579 3264 1637 3320; x_wconf 88' lang='lat' dir='ltr'><strong>illis</strong></span> <span class='ocrx_word' id='word_1_489' title='bbox 1653 3265 1706 3320; x_wconf 87' lang='lat' dir='ltr'><strong>Dei</strong></span> <span class='ocrx_word' id='word_1_490' title='bbox 1720 3265 1865 3321; x_wconf 67' lang='lat' dir='ltr'><strong>rucana-</strong></span> 
     </span>
     <span class='ocr_line' id='line_1_35' title="bbox 165 3351 1866 3428; baseline -0.002 -19"><span class='ocrx_word' id='word_1_491' title='bbox 165 3355 216 3410; x_wconf 90' lang='lat' dir='ltr'><strong>dit</strong></span> <span class='ocrx_word' id='word_1_492' title='bbox 231 3371 298 3410; x_wconf 87' lang='lat' dir='ltr'><strong>oum</strong></span> <span class='ocrx_word' id='word_1_493' title='bbox 313 3355 466 3428; x_wconf 78' lang='lat' dir='ltr'><strong>subjungit</strong></span> <span class='ocrx_word' id='word_1_494' title='bbox 482 3370 489 3408; x_wconf 90' lang='lat'>:</span> <span class='ocrx_word' id='word_1_495' title='bbox 507 3355 638 3426; x_wconf 78' lang='lat' dir='ltr'><strong>Dajcrcm</strong></span> <span class='ocrx_word' id='word_1_496' title='bbox 652 3355 824 3412; x_wconf 78' lang='lat' dir='ltr'><strong>ditectionem</strong></span> <span class='ocrx_word' id='word_1_497' title='bbox 846 3373 924 3412; x_wconf 71' lang='lat' dir='ltr'><strong>uento</strong></span> <span class='ocrx_word' id='word_1_498' title='bbox 944 3357 994 3413; x_wconf 80' lang='lat' dir='ltr'><strong>lo·</strong></span> <span class='ocrx_word' id='word_1_499' title='bbox 1048 3363 1107 3414; x_wconf 81' lang='lat' dir='ltr'><strong>tem</strong></span> <span class='ocrx_word' id='word_1_500' title='bbox 1124 3363 1152 3413; x_wconf 92' lang='lat' dir='ltr'><strong>et</strong></span> <span class='ocrx_word' id='word_1_501' title='bbox 1167 3360 1254 3413; x_wconf 79' lang='lat' dir='ltr'><strong>linem</strong></span> <span class='ocrx_word' id='word_1_502' title='bbox 1271 3375 1328 3414; x_wconf 91' lang='lat' dir='ltr'><strong>non</strong></span> <span class='ocrx_word' id='word_1_503' title='bbox 1345 3355 1490 3428; x_wconf 88' lang='lat' dir='ltr'><strong>intelligit.</strong></span> <span class='ocrx_word' id='word_1_504' title='bbox 1509 3354 1589 3410; x_wconf 88' lang='lat' dir='ltr'><strong>Unde</strong></span> <span class='ocrx_word' id='word_1_505' title='bbox 1604 3351 1799 3425; x_wconf 70' lang='lat' dir='ltr'><strong>Apostolum«</strong></span> <span class='ocrx_word' id='word_1_506' title='bbox 1810 3352 1866 3409; x_wconf 75' lang='lat' dir='ltr'><strong>Aui-</strong></span> 
     </span>
     <span class='ocr_line' id='line_1_36' title="bbox 175 3442 1866 3518; baseline -0.002 -20"><span class='ocrx_word' id='word_1_507' title='bbox 175 3443 226 3514; x_wconf 88' lang='lat' dir='ltr'><strong>bct,</strong></span> <span class='ocrx_word' id='word_1_508' title='bbox 241 3451 272 3498; x_wconf 84' lang='lat' dir='ltr'><strong>at</strong></span> <span class='ocrx_word' id='word_1_509' title='bbox 296 3445 417 3499; x_wconf 81' lang='lat' dir='ltr'><strong>animam</strong></span> <span class='ocrx_word' id='word_1_510' title='bbox 439 3460 519 3499; x_wconf 81' lang='lat' dir='ltr'><strong>suam</strong></span> <span class='ocrx_word' id='word_1_511' title='bbox 539 3453 626 3516; x_wconf 80' lang='lat' dir='ltr'><strong>porat</strong></span> <span class='ocrx_word' id='word_1_512' title='bbox 648 3447 709 3516; x_wconf 79' lang='lat' dir='ltr'><strong>qais</strong></span> <span class='ocrx_word' id='word_1_513' title='bbox 733 3462 783 3517; x_wconf 83' lang='lat' dir='ltr'><strong>pro</strong></span> <span class='ocrx_word' id='word_1_514' title='bbox 807 3448 904 3501; x_wconf 84' lang='lat' dir='ltr'><strong>amicis</strong></span> <span class='ocrx_word' id='word_1_515' title='bbox 925 3448 993 3502; x_wconf 82' lang='lat' dir='ltr'><strong>sais.</strong></span> <span class='ocrx_word' id='word_1_516' title='bbox 1048 3447 1145 3515; x_wconf 90' lang='lat' dir='ltr'><strong>malis,</strong></span> <span class='ocrx_word' id='word_1_517' title='bbox 1164 3447 1269 3518; x_wconf 81' lang='lat' dir='ltr'><strong>inquit,</strong></span> <span class='ocrx_word' id='word_1_518' title='bbox 1286 3446 1374 3501; x_wconf 91' lang='lat' dir='ltr'><strong>bomo</strong></span> <span class='ocrx_word' id='word_1_519' title='bbox 1390 3460 1447 3501; x_wconf 91' lang='lat' dir='ltr'><strong>non</strong></span> <span class='ocrx_word' id='word_1_520' title='bbox 1463 3443 1630 3517; x_wconf 88' lang='lat' dir='ltr'><strong>porcipitea</strong></span> <span class='ocrx_word' id='word_1_521' title='bbox 1642 3459 1707 3513; x_wconf 77' lang='lat' dir='ltr'><strong>quas</strong></span> <span class='ocrx_word' id='word_1_522' title='bbox 1723 3446 1796 3498; x_wconf 89' lang='lat' dir='ltr'><strong>sunt</strong></span> <span class='ocrx_word' id='word_1_523' title='bbox 1812 3442 1866 3513; x_wconf 88' lang='lat' dir='ltr'><strong>Spi-</strong></span> 
     </span>
     <span class='ocr_line' id='line_1_37' title="bbox 157 3531 1866 3606; baseline -0.001 -20"><span class='ocrx_word' id='word_1_524' title='bbox 157 3531 227 3586; x_wconf 77' lang='lat' dir='ltr'><strong>‘Scd</strong></span> <span class='ocrx_word' id='word_1_525' title='bbox 244 3546 340 3586; x_wconf 89' lang='lat' dir='ltr'><strong>nonne</strong></span> <span class='ocrx_word' id='word_1_526' title='bbox 356 3531 452 3602; x_wconf 89' lang='lat' dir='ltr'><strong>majus</strong></span> <span class='ocrx_word' id='word_1_527' title='bbox 467 3535 511 3586; x_wconf 88' lang='lat' dir='ltr'><strong>est</strong></span> <span class='ocrx_word' id='word_1_528' title='bbox 526 3546 633 3603; x_wconf 89' lang='lat' dir='ltr'><strong>ponere</strong></span> <span class='ocrx_word' id='word_1_529' title='bbox 643 3533 772 3588; x_wconf 89' lang='lat' dir='ltr'><strong>animam</strong></span> <span class='ocrx_word' id='word_1_530' title='bbox 781 3551 865 3588; x_wconf 90' lang='lat' dir='ltr'><strong>suam</strong></span> <span class='ocrx_word' id='word_1_531' title='bbox 880 3552 930 3606; x_wconf 86' lang='lat' dir='ltr'><strong>pro</strong></span> <span class='ocrx_word' id='word_1_532' title='bbox 942 3533 994 3589; x_wconf 90' lang='lat' dir='ltr'><strong>ini·</strong></span> <span class='ocrx_word' id='word_1_533' title='bbox 1049 3538 1122 3592; x_wconf 89' lang='lat' dir='ltr'><strong>ritus</strong></span> <span class='ocrx_word' id='word_1_534' title='bbox 1138 3536 1187 3591; x_wconf 86' lang='lat' dir='ltr'><strong>Dei</strong></span> <span class='ocrx_word' id='word_1_535' title='bbox 1204 3536 1226 3606; x_wconf 89' lang='lat' dir='ltr'><strong>(l</strong></span> <span class='ocrx_word' id='word_1_536' title='bbox 1242 3538 1304 3592; x_wconf 85' lang='lat' dir='ltr'><strong>Cor.</strong></span> <span class='ocrx_word' id='word_1_537' title='bbox 1323 3536 1363 3605; x_wconf 87' lang='lat' dir='ltr'><strong>u).</strong></span> <span class='ocrx_word' id='word_1_538' title='bbox 1382 3556 1396 3585; x_wconf 87' lang='lat'>»</span> <span class='ocrx_word' id='word_1_539' title='bbox 1414 3532 1526 3588; x_wconf 77' lang='lat' dir='ltr'><strong>Amicis</strong></span> <span class='ocrx_word' id='word_1_540' title='bbox 1548 3547 1620 3586; x_wconf 90' lang='lat' dir='ltr'><strong>vero</strong></span> <span class='ocrx_word' id='word_1_541' title='bbox 1644 3531 1709 3585; x_wconf 91' lang='lat' dir='ltr'><strong>suis</strong></span> <span class='ocrx_word' id='word_1_542' title='bbox 1733 3531 1866 3587; x_wconf 87' lang='lat' dir='ltr'><strong>Dominus</strong></span> 
     </span>
     <span class='ocr_line' id='line_1_38' title="bbox 174 3617 1867 3697; baseline 0 -23"><span class='ocrx_word' id='word_1_543' title='bbox 174 3618 258 3675; x_wconf 85' lang='lat' dir='ltr'><strong>micis</strong></span> <span class='ocrx_word' id='word_1_544' title='bbox 274 3617 360 3674; x_wconf 78' lang='lat' dir='ltr'><strong>suis?</strong></span> <span class='ocrx_word' id='word_1_545' title='bbox 374 3619 425 3675; x_wconf 79' lang='lat' dir='ltr'><strong>Est</strong></span> <span class='ocrx_word' id='word_1_546' title='bbox 439 3619 549 3692; x_wconf 88' lang='lat' dir='ltr'><strong>utique.</strong></span> <span class='ocrx_word' id='word_1_547' title='bbox 567 3618 600 3676; x_wconf 77' lang='lat' dir='ltr'><strong>tt</strong></span> <span class='ocrx_word' id='word_1_548' title='bbox 614 3620 748 3676; x_wconf 89' lang='lat' dir='ltr'><strong>Christus</strong></span> <span class='ocrx_word' id='word_1_549' title='bbox 763 3622 892 3678; x_wconf 89' lang='lat' dir='ltr'><strong>animam</strong></span> <span class='ocrx_word' id='word_1_550' title='bbox 908 3640 992 3679; x_wconf 87' lang='lat' dir='ltr'><strong>suam</strong></span> <span class='ocrx_word' id='word_1_551' title='bbox 1048 3625 1147 3681; x_wconf 89' lang='lat' dir='ltr'><strong>omnia</strong></span> <span class='ocrx_word' id='word_1_552' title='bbox 1161 3643 1225 3697; x_wconf 73' lang='lat' dir='ltr'><strong>qiua</strong></span> <span class='ocrx_word' id='word_1_553' title='bbox 1240 3624 1359 3691; x_wconf 88' lang='lat' dir='ltr'><strong>audivit,</strong></span> <span class='ocrx_word' id='word_1_554' title='bbox 1377 3622 1405 3677; x_wconf 92' lang='lat' dir='ltr'><strong>id</strong></span> <span class='ocrx_word' id='word_1_555' title='bbox 1421 3626 1466 3677; x_wconf 90' lang='lat' dir='ltr'><strong>est</strong></span> <span class='ocrx_word' id='word_1_556' title='bbox 1480 3620 1591 3676; x_wconf 80' lang='lat' dir='ltr'><strong>uovita</strong></span> <span class='ocrx_word' id='word_1_557' title='bbox 1614 3618 1700 3674; x_wconf 85' lang='lat' dir='ltr'><strong>Patre</strong></span> <span class='ocrx_word' id='word_1_558' title='bbox 1727 3619 1774 3675; x_wconf 89' lang='lat' dir='ltr'><strong>eis</strong></span> <span class='ocrx_word' id='word_1_559' title='bbox 1798 3634 1867 3675; x_wconf 76' lang='lat' dir='ltr'><strong>mc·</strong></span> 
     </span>
     <span class='ocr_line' id='line_1_39' title="bbox 156 3705 1865 3782; baseline 0.001 -19"><span class='ocrx_word' id='word_1_560' title='bbox 156 3708 270 3782; x_wconf 82' lang='lat' dir='ltr'><strong>posuit</strong></span> <span class='ocrx_word' id='word_1_561' title='bbox 283 3723 335 3781; x_wconf 90' lang='lat' dir='ltr'><strong>pro</strong></span> <span class='ocrx_word' id='word_1_562' title='bbox 351 3707 477 3764; x_wconf 84' lang='lat' dir='ltr'><strong>inimicis</strong></span> <span class='ocrx_word' id='word_1_563' title='bbox 486 3709 616 3765; x_wconf 88' lang='lat' dir='ltr'><strong>suis.Sed</strong></span> <span class='ocrx_word' id='word_1_564' title='bbox 633 3708 768 3766; x_wconf 90' lang='lat' dir='ltr'><strong>inimicos</strong></span> <span class='ocrx_word' id='word_1_565' title='bbox 781 3712 992 3778; x_wconf 88' lang='lat' dir='ltr'><strong>vocatamicos,</strong></span> <span class='ocrx_word' id='word_1_566' title='bbox 1047 3713 1144 3781; x_wconf 86' lang='lat' dir='ltr'><strong>lande,</strong></span> <span class='ocrx_word' id='word_1_567' title='bbox 1162 3713 1305 3769; x_wconf 89' lang='lat' dir='ltr'><strong>revelavit.</strong></span> <span class='ocrx_word' id='word_1_568' title='bbox 1323 3711 1465 3776; x_wconf 86' lang='lat' dir='ltr'><strong>Quoniam</strong></span> <span class='ocrx_word' id='word_1_569' title='bbox 1482 3725 1540 3765; x_wconf 90' lang='lat' dir='ltr'><strong>non</strong></span> <span class='ocrx_word' id='word_1_570' title='bbox 1561 3705 1670 3764; x_wconf 46' lang='lat' dir='ltr'><strong>solum*</strong></span> <span class='ocrx_word' id='word_1_571' title='bbox 1686 3705 1865 3764; x_wconf 83' lang='lat' dir='ltr'><strong>dulcedinem</strong></span> 
     </span>
     <span class='ocr_line' id='line_1_40' title="bbox 161 3790 1868 3873; baseline -0.002 -20"><span class='ocrx_word' id='word_1_572' title='bbox 161 3790 314 3870; x_wconf 64' lang='lat' dir='ltr'><strong>¹nonnula</strong></span> <span class='ocrx_word' id='word_1_573' title='bbox 324 3796 387 3868; x_wconf 70' lang='lat' dir='ltr'><strong>lam</strong></span> <span class='ocrx_word' id='word_1_574' title='bbox 403 3813 471 3852; x_wconf 84' lang='lat' dir='ltr'><strong>eum</strong></span> <span class='ocrx_word' id='word_1_575' title='bbox 486 3797 649 3870; x_wconf 87' lang='lat' dir='ltr'><strong>diligerent,</strong></span> <span class='ocrx_word' id='word_1_576' title='bbox 665 3800 715 3853; x_wconf 91' lang='lat' dir='ltr'><strong>sed</strong></span> <span class='ocrx_word' id='word_1_577' title='bbox 732 3800 801 3871; x_wconf 89' lang='lat' dir='ltr'><strong>quia</strong></span> <span class='ocrx_word' id='word_1_578' title='bbox 820 3815 869 3855; x_wconf 90' lang='lat' dir='ltr'><strong>oos</strong></span> <span class='ocrx_word' id='word_1_579' title='bbox 893 3799 993 3873; x_wconf 89' lang='lat' dir='ltr'><strong>dilige·</strong></span> <span class='ocrx_word' id='word_1_580' title='bbox 1047 3803 1156 3858; x_wconf 88' lang='lat' dir='ltr'><strong>ameris</strong></span> <span class='ocrx_word' id='word_1_581' title='bbox 1172 3803 1216 3857; x_wconf 76' lang='lat' dir='ltr'><strong>sivi</strong></span> <span class='ocrx_word' id='word_1_582' title='bbox 1233 3807 1261 3857; x_wconf 85' lang='lat' dir='ltr'><strong>et</strong></span> <span class='ocrx_word' id='word_1_583' title='bbox 1276 3802 1392 3856; x_wconf 78' lang='lat' dir='ltr'><strong>munde</strong></span> <span class='ocrx_word' id='word_1_584' title='bbox 1404 3798 1601 3865; x_wconf 62' lang='lat' dir='ltr'><strong>&#39;conscientiae</strong></span> <span class='ocrx_word' id='word_1_585' title='bbox 1612 3797 1868 3870; x_wconf 83' lang='lat' dir='ltr'><strong>spiritualiumque</strong></span> 
     </span>
     <span class='ocr_line' id='line_1_41' title="bbox 170 3882 1868 3960; baseline 0 -19"><span class='ocrx_word' id='word_1_586' title='bbox 170 3882 261 3955; x_wconf 86' lang='lat' dir='ltr'><strong>hat‚et</strong></span> <span class='ocrx_word' id='word_1_587' title='bbox 274 3885 311 3942; x_wconf 86' lang='lat' dir='ltr'><strong>de</strong></span> <span class='ocrx_word' id='word_1_588' title='bbox 325 3884 452 3941; x_wconf 90' lang='lat' dir='ltr'><strong>inimicis</strong></span> <span class='ocrx_word' id='word_1_589' title='bbox 468 3887 723 3943; x_wconf 83' lang='lat' dir='ltr'><strong>amicosfacturus</strong></span> <span class='ocrx_word' id='word_1_590' title='bbox 738 3893 849 3956; x_wconf 88' lang='lat' dir='ltr'><strong>erat,ut</strong></span> <span class='ocrx_word' id='word_1_591' title='bbox 864 3890 991 3960; x_wconf 85' lang='lat' dir='ltr'><strong>profecto</strong></span> <span class='ocrx_word' id='word_1_592' title='bbox 1045 3893 1185 3948; x_wconf 86' lang='lat' dir='ltr'><strong>virtutum</strong></span> <span class='ocrx_word' id='word_1_593' title='bbox 1202 3892 1375 3947; x_wconf 86' lang='lat' dir='ltr'><strong>suavitatem</strong></span> <span class='ocrx_word' id='word_1_594' title='bbox 1390 3889 1432 3945; x_wconf 89' lang='lat' dir='ltr'><strong>eis</strong></span> <span class='ocrx_word' id='word_1_595' title='bbox 1451 3883 1607 3950; x_wconf 83' lang='lat' dir='ltr'><strong>intimavit.</strong></span> <span class='ocrx_word' id='word_1_596' title='bbox 1621 3887 1674 3941; x_wconf 87' lang='lat' dir='ltr'><strong>sed</strong></span> <span class='ocrx_word' id='word_1_597' title='bbox 1690 3886 1868 3942; x_wconf 73' lang='lat' dir='ltr'><strong>etiam-festa</strong></span> 
     </span>
     <span class='ocr_line' id='line_1_42' title="bbox 151 3974 1866 4050; baseline -0.001 -19"><span class='ocrx_word' id='word_1_598' title='bbox 151 3974 252 4031; x_wconf 76' lang='lat' dir='ltr'><strong>mobis</strong></span> <span class='ocrx_word' id='word_1_599' title='bbox 269 3975 443 4043; x_wconf 88' lang='lat' dir='ltr'><strong>ostenderet,</strong></span> <span class='ocrx_word' id='word_1_600' title='bbox 461 3975 539 4048; x_wconf 87' lang='lat' dir='ltr'><strong>quia,</strong></span> <span class='ocrx_word' id='word_1_601' title='bbox 557 3991 624 4030; x_wconf 82' lang='lat' dir='ltr'><strong>cunr</strong></span> <span class='ocrx_word' id='word_1_602' title='bbox 649 3974 797 4049; x_wconf 92' lang='lat' dir='ltr'><strong>diligendo</strong></span> <span class='ocrx_word' id='word_1_603' title='bbox 820 3975 933 4034; x_wconf 90' lang='lat' dir='ltr'><strong>luorum</strong></span> <span class='ocrx_word' id='word_1_604' title='bbox 955 3980 991 4034; x_wconf 90' lang='lat' dir='ltr'><strong>de</strong></span> <span class='ocrx_word' id='word_1_605' title='bbox 1045 3999 1169 4038; x_wconf 77' lang='lat' dir='ltr'><strong>summa</strong></span> <span class='ocrx_word' id='word_1_606' title='bbox 1183 3980 1444 4045; x_wconf 72' lang='lat' dir='ltr'><strong>beatitudinismon</strong></span> <span class='ocrx_word' id='word_1_607' title='bbox 1460 3977 1556 4033; x_wconf 90' lang='lat' dir='ltr'><strong>solum</strong></span> <span class='ocrx_word' id='word_1_608' title='bbox 1573 3993 1625 4050; x_wconf 91' lang='lat' dir='ltr'><strong>per</strong></span> <span class='ocrx_word' id='word_1_609' title='bbox 1639 3976 1728 4032; x_wconf 86' lang='lat' dir='ltr'><strong>fldem</strong></span> <span class='ocrx_word' id='word_1_610' title='bbox 1742 3979 1866 4048; x_wconf 83' lang='lat' dir='ltr'><strong>etspem,</strong></span> 
     </span>
     <span class='ocr_line' id='line_1_43' title="bbox 146 4058 1866 4142; baseline 0.001 -24"><span class='ocrx_word' id='word_1_611' title='bbox 146 4058 296 4119; x_wconf 69' lang='lat' dir='ltr'><strong>*inimicis</strong></span> <span class='ocrx_word' id='word_1_612' title='bbox 309 4063 403 4119; x_wconf 88' lang='lat' dir='ltr'><strong>facere</strong></span> <span class='ocrx_word' id='word_1_613' title='bbox 417 4079 585 4135; x_wconf 87' lang='lat' dir='ltr'><strong>possumus,</strong></span> <span class='ocrx_word' id='word_1_614' title='bbox 602 4064 656 4137; x_wconf 90' lang='lat' dir='ltr'><strong>ipsi</strong></span> <span class='ocrx_word' id='word_1_615' title='bbox 674 4065 759 4121; x_wconf 87' lang='lat' dir='ltr'><strong>amici</strong></span> <span class='ocrx_word' id='word_1_616' title='bbox 775 4071 844 4121; x_wconf 91' lang='lat' dir='ltr'><strong>sunt</strong></span> <span class='ocrx_word' id='word_1_617' title='bbox 863 4068 912 4139; x_wconf 81' lang='lat' dir='ltr'><strong>qui</strong></span> <span class='ocrx_word' id='word_1_618' title='bbox 928 4084 990 4140; x_wconf 88' lang='lat' dir='ltr'><strong>por·</strong></span> <span class='ocrx_word' id='word_1_619' title='bbox 1045 4072 1096 4126; x_wconf 88' lang='lat' dir='ltr'><strong>sed</strong></span> <span class='ocrx_word' id='word_1_620' title='bbox 1111 4071 1198 4126; x_wconf 85' lang='lat' dir='ltr'><strong>etiam</strong></span> <span class='ocrx_word' id='word_1_621' title='bbox 1216 4087 1267 4142; x_wconf 85' lang='lat' dir='ltr'><strong>per</strong></span> <span class='ocrx_word' id='word_1_622' title='bbox 1282 4069 1440 4142; x_wconf 86' lang='lat' dir='ltr'><strong>quamdam</strong></span> <span class='ocrx_word' id='word_1_623' title='bbox 1457 4064 1714 4139; x_wconf 73' lang='lat' dir='ltr'><strong>contemplationis</strong></span> <span class='ocrx_word' id='word_1_624' title='bbox 1735 4065 1866 4138; x_wconf 72' lang='lat' dir='ltr'><strong>preliba-</strong></span> 
     </span>
     <span class='ocr_line' id='line_1_44' title="bbox 143 4151 1866 4230; baseline 0.001 -23"><span class='ocrx_word' id='word_1_625' title='bbox 143 4151 652 4226; x_wconf 71' lang='lat' dir='ltr'><strong>·¹sequuntur.Sednemonosusque</strong></span> <span class='ocrx_word' id='word_1_626' title='bbox 663 4155 698 4210; x_wconf 90' lang='lat' dir='ltr'><strong>ad</strong></span> <span class='ocrx_word' id='word_1_627' title='bbox 711 4157 990 4230; x_wconf 81' lang='lat' dir='ltr'><strong>mortempersrqui-</strong></span> <span class='ocrx_word' id='word_1_628' title='bbox 1043 4161 1152 4216; x_wconf 85' lang='lat' dir='ltr'><strong>tionem</strong></span> <span class='ocrx_word' id='word_1_629' title='bbox 1168 4160 1210 4215; x_wconf 86' lang='lat' dir='ltr'><strong>eis</strong></span> <span class='ocrx_word' id='word_1_630' title='bbox 1224 4159 1271 4215; x_wconf 87' lang='lat' dir='ltr'><strong>hic</strong></span> <span class='ocrx_word' id='word_1_631' title='bbox 1286 4156 1447 4230; x_wconf 86' lang='lat' dir='ltr'><strong>inspiravit.</strong></span> <span class='ocrx_word' id='word_1_632' title='bbox 1463 4157 1505 4211; x_wconf 82' lang='lat' dir='ltr'><strong>Ad</strong></span> <span class='ocrx_word' id='word_1_633' title='bbox 1520 4171 1609 4228; x_wconf 76' lang='lat' dir='ltr'><strong>quam</strong></span> <span class='ocrx_word' id='word_1_634' title='bbox 1629 4169 1684 4210; x_wconf 91' lang='lat' dir='ltr'><strong>nos</strong></span> <span class='ocrx_word' id='word_1_635' title='bbox 1699 4153 1866 4209; x_wconf 73' lang='lat' dir='ltr'><strong>exhortatur</strong></span> 
     </span>
     <span class='ocr_line' id='line_1_45' title="bbox 141 4238 1864 4320; baseline 0 -24"><span class='ocrx_word' id='word_1_636' title='bbox 141 4246 151 4264; x_wconf 83' lang='grc'><strong>“·</strong></span> <span class='ocrx_word' id='word_1_637' title='bbox 164 4241 224 4296; x_wconf 60' lang='lat' dir='ltr'><strong>tur:</strong></span> <span class='ocrx_word' id='word_1_638' title='bbox 240 4238 321 4297; x_wconf 90' lang='lat' dir='ltr'><strong>Unde</strong></span> <span class='ocrx_word' id='word_1_639' title='bbox 335 4256 404 4315; x_wconf 86' lang='lat' dir='ltr'><strong>ergo</strong></span> <span class='ocrx_word' id='word_1_640' title='bbox 420 4242 543 4314; x_wconf 89' lang='lat' dir='ltr'><strong>probare</strong></span> <span class='ocrx_word' id='word_1_641' title='bbox 559 4258 716 4314; x_wconf 87' lang='lat' dir='ltr'><strong>possumus</strong></span> <span class='ocrx_word' id='word_1_642' title='bbox 732 4261 769 4299; x_wconf 91' lang='lat' dir='ltr'><strong>an</strong></span> <span class='ocrx_word' id='word_1_643' title='bbox 782 4244 916 4301; x_wconf 91' lang='lat' dir='ltr'><strong>inimicos</strong></span> <span class='ocrx_word' id='word_1_644' title='bbox 925 4246 989 4302; x_wconf 89' lang='lat' dir='ltr'><strong>dili·</strong></span> <span class='ocrx_word' id='word_1_645' title='bbox 1043 4248 1186 4320; x_wconf 84' lang='lat' dir='ltr'><strong>Propheta</strong></span> <span class='ocrx_word' id='word_1_646' title='bbox 1202 4247 1301 4303; x_wconf 86' lang='lat' dir='ltr'><strong>dicens</strong></span> <span class='ocrx_word' id='word_1_647' title='bbox 1316 4262 1323 4301; x_wconf 91' lang='lat'>:</span> <span class='ocrx_word' id='word_1_648' title='bbox 1338 4267 1352 4295; x_wconf 74' lang='lat' dir='ltr'><strong>a</strong></span> <span class='ocrx_word' id='word_1_649' title='bbox 1368 4248 1488 4300; x_wconf 82' lang='lat' dir='ltr'><strong>Gustata</strong></span> <span class='ocrx_word' id='word_1_650' title='bbox 1503 4248 1531 4299; x_wconf 88' lang='lat' dir='ltr'><strong>et</strong></span> <span class='ocrx_word' id='word_1_651' title='bbox 1545 4243 1639 4299; x_wconf 86' lang='lat' dir='ltr'><strong>videte</strong></span> <span class='ocrx_word' id='word_1_652' title='bbox 1662 4258 1754 4314; x_wconf 84' lang='lat' dir='ltr'><strong>quam</strong></span> <span class='ocrx_word' id='word_1_653' title='bbox 1770 4240 1864 4298; x_wconf 73' lang='lat' dir='ltr'><strong>maris</strong></span> 
     </span>
     <span class='ocr_line' id='line_1_46' title="bbox 141 4328 1864 4405; baseline -0.001 -20"><span class='ocrx_word' id='word_1_654' title='bbox 141 4328 572 4402; x_wconf 70' lang='lat' dir='ltr'><strong>&#39;f&#39;gam&#39;usiffinonhabomus</strong></span> <span class='ocrx_word' id='word_1_655' title='bbox 587 4330 683 4387; x_wconf 85' lang='lat' dir='ltr'><strong>locum</strong></span> <span class='ocrx_word' id='word_1_656' title='bbox 709 4335 834 4405; x_wconf 91' lang='lat' dir='ltr'><strong>ponendi</strong></span> <span class='ocrx_word' id='word_1_657' title='bbox 857 4334 987 4391; x_wconf 89' lang='lat' dir='ltr'><strong>animam</strong></span> <span class='ocrx_word' id='word_1_658' title='bbox 1041 4342 1086 4393; x_wconf 88' lang='lat' dir='ltr'><strong>est</strong></span> <span class='ocrx_word' id='word_1_659' title='bbox 1109 4337 1261 4395; x_wconf 86' lang='lat' dir='ltr'><strong>Dominus.</strong></span> <span class='ocrx_word' id='word_1_660' title='bbox 1283 4336 1385 4390; x_wconf 89' lang='lat' dir='ltr'><strong>beatus</strong></span> <span class='ocrx_word' id='word_1_661' title='bbox 1411 4334 1456 4389; x_wconf 91' lang='lat' dir='ltr'><strong>vir</strong></span> <span class='ocrx_word' id='word_1_662' title='bbox 1480 4333 1534 4405; x_wconf 85' lang='lat' dir='ltr'><strong>qui·</strong></span> <span class='ocrx_word' id='word_1_663' title='bbox 1552 4336 1651 4404; x_wconf 85' lang='lat' dir='ltr'><strong>speret</strong></span> <span class='ocrx_word' id='word_1_664' title='bbox 1674 4331 1705 4387; x_wconf 91' lang='lat' dir='ltr'><strong>in</strong></span> <span class='ocrx_word' id='word_1_665' title='bbox 1732 4331 1864 4403; x_wconf 73' lang='lat' dir='ltr'><strong>eofPsrl.</strong></span> 
     </span>
     <span class='ocr_line' id='line_1_47' title="bbox 150 4417 1863 4496; baseline -0.001 -22"><span class='ocrx_word' id='word_1_666' title='bbox 150 4418 311 4486; x_wconf 71' lang='lat' dir='ltr'><strong>‘nostram,³</strong></span> <span class='ocrx_word' id='word_1_667' title='bbox 323 4423 400 4475; x_wconf 87' lang='lat' dir='ltr'><strong>certe</strong></span> <span class='ocrx_word' id='word_1_668' title='bbox 417 4418 560 4476; x_wconf 90' lang='lat' dir='ltr'><strong>babemus</strong></span> <span class='ocrx_word' id='word_1_669' title='bbox 585 4418 682 4475; x_wconf 90' lang='lat' dir='ltr'><strong>locum</strong></span> <span class='ocrx_word' id='word_1_670' title='bbox 706 4422 835 4493; x_wconf 81' lang='lat' dir='ltr'><strong>quotidie</strong></span> <span class='ocrx_word' id='word_1_671' title='bbox 860 4425 986 4496; x_wconf 87' lang='lat' dir='ltr'><strong>ponendi</strong></span> <span class='ocrx_word' id='word_1_672' title='bbox 1040 4426 1139 4496; x_wconf 75' lang='lat' dir='ltr'><strong>xxxin)</strong></span> <span class='ocrx_word' id='word_1_673' title='bbox 1153 4443 1188 4494; x_wconf 70' lang='lat'><strong>3»</strong></span> <span class='ocrx_word' id='word_1_674' title='bbox 1208 4431 1235 4480; x_wconf 88' lang='lat' dir='ltr'><strong>et</strong></span> <span class='ocrx_word' id='word_1_675' title='bbox 1255 4423 1347 4478; x_wconf 89' lang='lat' dir='ltr'><strong>alibi:</strong></span> <span class='ocrx_word' id='word_1_676' title='bbox 1373 4423 1466 4486; x_wconf 74' lang='lat' dir='ltr'><strong>Ortum</strong></span> <span class='ocrx_word' id='word_1_677' title='bbox 1490 4432 1599 4493; x_wconf 86' lang='lat' dir='ltr'><strong>magna</strong></span> <span class='ocrx_word' id='word_1_678' title='bbox 1622 4418 1784 4475; x_wconf 90' lang='lat' dir='ltr'><strong>multitudo</strong></span> <span class='ocrx_word' id='word_1_679' title='bbox 1804 4417 1863 4474; x_wconf 90' lang='lat' dir='ltr'><strong>dul·</strong></span> 
     </span>
     <span class='ocr_line' id='line_1_48' title="bbox 165 4507 1862 4591; baseline -0.002 -28"><span class='ocrx_word' id='word_1_680' title='bbox 165 4507 226 4563; x_wconf 85' lang='lat' dir='ltr'><strong>rem</strong></span> <span class='ocrx_word' id='word_1_681' title='bbox 242 4510 383 4564; x_wconf 89' lang='lat' dir='ltr'><strong>nostram.</strong></span> <span class='ocrx_word' id='word_1_682' title='bbox 399 4508 552 4564; x_wconf 80' lang='lat' dir='ltr'><strong>Proximus</strong></span> <span class='ocrx_word' id='word_1_683' title='bbox 575 4512 674 4564; x_wconf 86' lang='lat' dir='ltr'><strong>noster</strong></span> <span class='ocrx_word' id='word_1_684' title='bbox 696 4510 797 4577; x_wconf 90' lang='lat' dir='ltr'><strong>esurit,</strong></span> <span class='ocrx_word' id='word_1_685' title='bbox 815 4511 992 4585; x_wconf 80' lang='lat' dir='ltr'><strong>frangamus¹</strong></span> <span class='ocrx_word' id='word_1_686' title='bbox 1000 4527 1024 4591; x_wconf 68' lang='grc' dir='ltr'><strong>Ι)</strong></span> <span class='ocrx_word' id='word_1_687' title='bbox 1039 4514 1149 4570; x_wconf 76' lang='lat' dir='ltr'><strong>carlinis</strong></span> <span class='ocrx_word' id='word_1_688' title='bbox 1162 4519 1230 4580; x_wconf 76' lang='lat' dir='ltr'><strong>tua,</strong></span> <span class='ocrx_word' id='word_1_689' title='bbox 1244 4512 1375 4579; x_wconf 88' lang='lat' dir='ltr'><strong>Domine,</strong></span> <span class='ocrx_word' id='word_1_690' title='bbox 1393 4527 1481 4584; x_wconf 91' lang='lat' dir='ltr'><strong>quam</strong></span> <span class='ocrx_word' id='word_1_691' title='bbox 1498 4508 1678 4565; x_wconf 80' lang='lat' dir='ltr'><strong>abscondisti</strong></span> <span class='ocrx_word' id='word_1_692' title='bbox 1694 4508 1862 4564; x_wconf 89' lang='lat' dir='ltr'><strong>timentibus</strong></span> 
     </span>
     <span class='ocr_line' id='line_1_49' title="bbox 162 4594 1862 4673; baseline -0.001 -21"><span class='ocrx_word' id='word_1_693' title='bbox 162 4594 191 4653; x_wconf 86' lang='lat' dir='ltr'><strong>ei</strong></span> <span class='ocrx_word' id='word_1_694' title='bbox 205 4611 311 4669; x_wconf 89' lang='lat' dir='ltr'><strong>panem</strong></span> <span class='ocrx_word' id='word_1_695' title='bbox 328 4603 479 4665; x_wconf 72' lang='lat' dir='ltr'><strong>nostrum,</strong></span> <span class='ocrx_word' id='word_1_696' title='bbox 497 4597 591 4671; x_wconf 91' lang='lat' dir='ltr'><strong>friget,</strong></span> <span class='ocrx_word' id='word_1_697' title='bbox 607 4598 711 4653; x_wconf 91' lang='lat' dir='ltr'><strong>demus</strong></span> <span class='ocrx_word' id='word_1_698' title='bbox 726 4600 752 4654; x_wconf 92' lang='lat' dir='ltr'><strong>ei</strong></span> <span class='ocrx_word' id='word_1_699' title='bbox 768 4600 984 4657; x_wconf 88' lang='lat' dir='ltr'><strong>vestimentum.</strong></span> <span class='ocrx_word' id='word_1_700' title='bbox 1039 4606 1068 4657; x_wconf 90' lang='lat' dir='ltr'><strong>te</strong></span> <span class='ocrx_word' id='word_1_701' title='bbox 1083 4602 1167 4673; x_wconf 76' lang='lat' dir='ltr'><strong>(Paul.</strong></span> <span class='ocrx_word' id='word_1_702' title='bbox 1185 4602 1261 4669; x_wconf 83' lang='lat' dir='ltr'>xxx).</span> <span class='ocrx_word' id='word_1_703' title='bbox 1280 4624 1293 4649; x_wconf 87' lang='lat'>»</span> <span class='ocrx_word' id='word_1_704' title='bbox 1319 4602 1391 4656; x_wconf 90' lang='lat' dir='ltr'><strong>Dum</strong></span> <span class='ocrx_word' id='word_1_705' title='bbox 1412 4599 1502 4664; x_wconf 88' lang='lat' dir='ltr'><strong>enim,</strong></span> <span class='ocrx_word' id='word_1_706' title='bbox 1520 4598 1624 4653; x_wconf 80' lang='lat' dir='ltr'><strong>imtres</strong></span> <span class='ocrx_word' id='word_1_707' title='bbox 1651 4597 1721 4664; x_wconf 86' lang='lat' dir='ltr'><strong>mei,</strong></span> <span class='ocrx_word' id='word_1_708' title='bbox 1738 4595 1862 4653; x_wconf 83' lang='lat' dir='ltr'><strong>coelestia</strong></span> 
     </span>
     <span class='ocr_line' id='line_1_50' title="bbox 144 4685 1862 4764; baseline -0.001 -23"><span class='ocrx_word' id='word_1_709' title='bbox 144 4685 238 4742; x_wconf 77' lang='lat' dir='ltr'><strong>²&#39;Nam</strong></span> <span class='ocrx_word' id='word_1_710' title='bbox 261 4686 311 4759; x_wconf 90' lang='lat' dir='ltr'><strong>qui</strong></span> <span class='ocrx_word' id='word_1_711' title='bbox 333 4691 464 4759; x_wconf 82' lang='lat' dir='ltr'><strong>tempore</strong></span> <span class='ocrx_word' id='word_1_712' title='bbox 478 4686 699 4758; x_wconf 85' lang='lat' dir='ltr'><strong>tranquillitatis</strong></span> <span class='ocrx_word' id='word_1_713' title='bbox 715 4704 772 4743; x_wconf 89' lang='lat' dir='ltr'><strong>non</strong></span> <span class='ocrx_word' id='word_1_714' title='bbox 789 4689 839 4744; x_wconf 84' lang='lat' dir='ltr'><strong>dat</strong></span> <span class='ocrx_word' id='word_1_715' title='bbox 855 4691 986 4761; x_wconf 89' lang='lat' dir='ltr'><strong>proximo</strong></span> <span class='ocrx_word' id='word_1_716' title='bbox 1040 4690 1201 4764; x_wconf 89' lang='lat' dir='ltr'><strong>diligimus,</strong></span> <span class='ocrx_word' id='word_1_717' title='bbox 1220 4691 1284 4761; x_wconf 89' lang='lat' dir='ltr'><strong>jam</strong></span> <span class='ocrx_word' id='word_1_718' title='bbox 1313 4707 1347 4745; x_wconf 88' lang='lat' dir='ltr'><strong>en</strong></span> <span class='ocrx_word' id='word_1_719' title='bbox 1375 4687 1591 4761; x_wconf 81' lang='lat' dir='ltr'><strong>quodammodo</strong></span> <span class='ocrx_word' id='word_1_720' title='bbox 1619 4685 1771 4753; x_wconf 87' lang='lat' dir='ltr'><strong>novimus,</strong></span> <span class='ocrx_word' id='word_1_721' title='bbox 1798 4687 1862 4760; x_wconf 88' lang='lat' dir='ltr'><strong>quia</strong></span> 
     </span>
     <span class='ocr_line' id='line_1_51' title="bbox 137 4774 1861 4851; baseline -0.001 -21"><span class='ocrx_word' id='word_1_722' title='bbox 137 4775 261 4847; x_wconf 85' lang='lat' dir='ltr'><strong>··egcnti</strong></span> <span class='ocrx_word' id='word_1_723' title='bbox 276 4792 328 4848; x_wconf 93' lang='lat' dir='ltr'><strong>pro</strong></span> <span class='ocrx_word' id='word_1_724' title='bbox 343 4775 400 4831; x_wconf 91' lang='lat' dir='ltr'><strong>Doo</strong></span> <span class='ocrx_word' id='word_1_725' title='bbox 419 4774 549 4830; x_wconf 87' lang='lat' dir='ltr'><strong>tunicam</strong></span> <span class='ocrx_word' id='word_1_726' title='bbox 576 4792 671 4842; x_wconf 89' lang='lat' dir='ltr'><strong>suam,</strong></span> <span class='ocrx_word' id='word_1_727' title='bbox 689 4779 835 4848; x_wconf 85' lang='lat' dir='ltr'><strong>quomodo</strong></span> <span class='ocrx_word' id='word_1_728' title='bbox 859 4779 889 4834; x_wconf 91' lang='lat' dir='ltr'><strong>in</strong></span> <span class='ocrx_word' id='word_1_729' title='bbox 914 4784 986 4836; x_wconf 86' lang='lat' dir='ltr'><strong>tem-</strong></span> <span class='ocrx_word' id='word_1_730' title='bbox 1039 4796 1121 4835; x_wconf 82' lang='lat' dir='ltr'><strong>arnor</strong></span> <span class='ocrx_word' id='word_1_731' title='bbox 1144 4780 1207 4851; x_wconf 90' lang='lat' dir='ltr'><strong>ipse</strong></span> <span class='ocrx_word' id='word_1_732' title='bbox 1229 4779 1369 4850; x_wconf 81' lang='lat' dir='ltr'><strong>quadam</strong></span> <span class='ocrx_word' id='word_1_733' title='bbox 1386 4777 1490 4833; x_wconf 88' lang='lat' dir='ltr'><strong>notitia</strong></span> <span class='ocrx_word' id='word_1_734' title='bbox 1511 4780 1565 4832; x_wconf 88' lang='lat' dir='ltr'><strong>est.</strong></span> <span class='ocrx_word' id='word_1_735' title='bbox 1582 4775 1670 4831; x_wconf 90' lang='lat' dir='ltr'><strong>Porro</strong></span> <span class='ocrx_word' id='word_1_736' title='bbox 1692 4774 1861 4847; x_wconf 87' lang='lat' dir='ltr'><strong>hujusmodi</strong></span> 
     </span>
     <span class='ocr_line' id='line_1_52' title="bbox 141 4860 1861 4938; baseline -0.001 -20"><span class='ocrx_word' id='word_1_737' title='bbox 141 4860 233 4936; x_wconf 71' lang='lat' dir='ltr'><strong>³&#39;pore</strong></span> <span class='ocrx_word' id='word_1_738' title='bbox 256 4864 467 4936; x_wconf 84' lang='lat' dir='ltr'><strong>persecutionis</strong></span> <span class='ocrx_word' id='word_1_739' title='bbox 496 4863 618 4919; x_wconf 70' lang='lat' dir='ltr'><strong>datuurus</strong></span> <span class='ocrx_word' id='word_1_740' title='bbox 646 4869 690 4920; x_wconf 91' lang='lat' dir='ltr'><strong>est</strong></span> <span class='ocrx_word' id='word_1_741' title='bbox 713 4883 764 4938; x_wconf 93' lang='lat' dir='ltr'><strong>pro</strong></span> <span class='ocrx_word' id='word_1_742' title='bbox 793 4883 826 4922; x_wconf 92' lang='lat' dir='ltr'><strong>eo</strong></span> <span class='ocrx_word' id='word_1_743' title='bbox 855 4868 984 4924; x_wconf 88' lang='lat' dir='ltr'><strong>animam</strong></span> <span class='ocrx_word' id='word_1_744' title='bbox 1014 4868 1148 4924; x_wconf 85' lang='lat' dir='ltr'><strong>··an1icos</strong></span> <span class='ocrx_word' id='word_1_745' title='bbox 1164 4868 1213 4923; x_wconf 89' lang='lat' dir='ltr'><strong>Dei</strong></span> <span class='ocrx_word' id='word_1_746' title='bbox 1230 4866 1379 4922; x_wconf 86' lang='lat' dir='ltr'><strong>admirans</strong></span> <span class='ocrx_word' id='word_1_747' title='bbox 1394 4866 1472 4922; x_wconf 89' lang='lat' dir='ltr'><strong>idem</strong></span> <span class='ocrx_word' id='word_1_748' title='bbox 1489 4864 1633 4937; x_wconf 87' lang='lat' dir='ltr'><strong>Propheta</strong></span> <span class='ocrx_word' id='word_1_749' title='bbox 1647 4863 1742 4918; x_wconf 89' lang='lat' dir='ltr'><strong>dicit:</strong></span> <span class='ocrx_word' id='word_1_750' title='bbox 1762 4882 1780 4915; x_wconf 77' lang='lat' dir='ltr'><strong>a</strong></span> <span class='ocrx_word' id='word_1_751' title='bbox 1795 4863 1861 4921; x_wconf 78' lang='lat' dir='ltr'><strong>Mihi</strong></span> 
     </span>
     <span class='ocr_line' id='line_1_53' title="bbox 143 4950 1860 5026; baseline -0.001 -20"><span class='ocrx_word' id='word_1_752' title='bbox 143 4955 248 5006; x_wconf 67' lang='lat' dir='ltr'><strong>“suam</strong></span> <span class='ocrx_word' id='word_1_753' title='bbox 256 4951 275 5005; x_wconf 74' lang='lat' dir='ltr'><strong>‘i&#39;</strong></span> <span class='ocrx_word' id='word_1_754' title='bbox 285 4950 384 5008; x_wconf 90' lang='lat' dir='ltr'><strong>Virtus</strong></span> <span class='ocrx_word' id='word_1_755' title='bbox 399 4969 467 5026; x_wconf 90' lang='lat' dir='ltr'><strong>ergo</strong></span> <span class='ocrx_word' id='word_1_756' title='bbox 483 4952 714 5026; x_wconf 83' lang='lat' dir='ltr'><strong>tranquillitatis,</strong></span> <span class='ocrx_word' id='word_1_757' title='bbox 731 4957 764 5009; x_wconf 91' lang='lat' dir='ltr'><strong>ut</strong></span> <span class='ocrx_word' id='word_1_758' title='bbox 783 4954 889 5012; x_wconf 89' lang='lat' dir='ltr'><strong>invicta</strong></span> <span class='ocrx_word' id='word_1_759' title='bbox 904 4957 984 5014; x_wconf 86' lang='lat' dir='ltr'><strong>sitin</strong></span> <span class='ocrx_word' id='word_1_760' title='bbox 1039 4962 1135 5012; x_wconf 88' lang='lat' dir='ltr'><strong>autem</strong></span> <span class='ocrx_word' id='word_1_761' title='bbox 1162 4956 1250 5011; x_wconf 87' lang='lat' dir='ltr'><strong>unius</strong></span> <span class='ocrx_word' id='word_1_762' title='bbox 1274 4956 1407 5011; x_wconf 85' lang='lat' dir='ltr'><strong>honorati</strong></span> <span class='ocrx_word' id='word_1_763' title='bbox 1423 4958 1493 5010; x_wconf 87' lang='lat' dir='ltr'><strong>sunt</strong></span> <span class='ocrx_word' id='word_1_764' title='bbox 1508 4952 1596 5009; x_wconf 87' lang='lat' dir='ltr'><strong>amiel</strong></span> <span class='ocrx_word' id='word_1_765' title='bbox 1607 4953 1665 5020; x_wconf 83' lang='lat' dir='ltr'><strong>tui,</strong></span> <span class='ocrx_word' id='word_1_766' title='bbox 1682 4952 1761 5008; x_wconf 85' lang='lat' dir='ltr'><strong>Deus</strong></span> <span class='ocrx_word' id='word_1_767' title='bbox 1774 4953 1860 5024; x_wconf 51' lang='lat' dir='ltr'><strong>(isal.</strong></span> 
     </span>
     <span class='ocr_line' id='line_1_54' title="bbox 159 5039 1862 5125; baseline 0.002 -32"><span class='ocrx_word' id='word_1_768' title='bbox 159 5039 373 5125; x_wconf 86' lang='lat' dir='ltr'><strong>perseeutione,</strong></span> <span class='ocrx_word' id='word_1_769' title='bbox 390 5043 536 5097; x_wconf 88' lang='lat' dir='ltr'><strong>nutriatur</strong></span> <span class='ocrx_word' id='word_1_770' title='bbox 550 5058 602 5115; x_wconf 84' lang='lat' dir='ltr'><strong>per</strong></span> <span class='ocrx_word' id='word_1_771' title='bbox 614 5041 843 5101; x_wconf 86' lang='lat' dir='ltr'><strong>misericordiam</strong></span> <span class='ocrx_word' id='word_1_772' title='bbox 862 5045 891 5102; x_wconf 89' lang='lat' dir='ltr'><strong>in</strong></span> <span class='ocrx_word' id='word_1_773' title='bbox 907 5051 985 5103; x_wconf 89' lang='lat' dir='ltr'><strong>tran·</strong></span> <span class='ocrx_word' id='word_1_774' title='bbox 1038 5046 1182 5116; x_wconf 79' lang='lat' dir='ltr'><strong>cxxxviii).</strong></span> <span class='ocrx_word' id='word_1_775' title='bbox 1201 5068 1214 5094; x_wconf 63' lang='grc' dir='ltr'><strong>»ι</strong></span> <span class='ocrx_word' id='word_1_776' title='bbox 1230 5046 1264 5100; x_wconf 86' lang='lat' dir='ltr'><strong>llt</strong></span> <span class='ocrx_word' id='word_1_777' title='bbox 1279 5044 1405 5117; x_wconf 76' lang='lat' dir='ltr'><strong>quiare‘l«</strong></span> <span class='ocrx_word' id='word_1_778' title='bbox 1421 5044 1515 5100; x_wconf 90' lang='lat' dir='ltr'><strong>Nimis</strong></span> <span class='ocrx_word' id='word_1_779' title='bbox 1530 5042 1712 5098; x_wconf 83' lang='lat' dir='ltr'><strong>confortatus</strong></span> <span class='ocrx_word' id='word_1_780' title='bbox 1728 5046 1774 5097; x_wconf 86' lang='lat' dir='ltr'><strong>est</strong></span> <span class='ocrx_word' id='word_1_781' title='bbox 1788 5042 1862 5114; x_wconf 91' lang='lat' dir='ltr'><strong>prin·</strong></span> 
     </span>
     <span class='ocr_line' id='line_1_55' title="bbox 164 5124 1863 5214; baseline -0.004 -23"><span class='ocrx_word' id='word_1_782' title='bbox 164 5124 316 5214; x_wconf 58' lang='lat' dir='ltr'><strong>qtlfifiltie·</strong></span> <span class='ocrx_word' id='word_1_783' title='bbox 1039 5134 1151 5206; x_wconf 81' lang='lat' dir='ltr'><strong>cipetus</strong></span> <span class='ocrx_word' id='word_1_784' title='bbox 1167 5150 1268 5189; x_wconf 89' lang='lat' dir='ltr'><strong>eorum</strong></span> <span class='ocrx_word' id='word_1_785' title='bbox 1285 5133 1385 5206; x_wconf 75' lang='lat' dir='ltr'><strong>(ibid).</strong></span> <span class='ocrx_word' id='word_1_786' title='bbox 1402 5156 1417 5184; x_wconf 71' lang='grc' dir='ltr'><strong>»ι</strong></span> <span class='ocrx_word' id='word_1_787' title='bbox 1433 5134 1505 5189; x_wconf 80' lang='lat' dir='ltr'><strong>Eece</strong></span> <span class='ocrx_word' id='word_1_788' title='bbox 1516 5131 1599 5188; x_wconf 89' lang='lat' dir='ltr'><strong>electi</strong></span> <span class='ocrx_word' id='word_1_789' title='bbox 1609 5130 1665 5185; x_wconf 53' lang='lat' dir='ltr'><strong>&#39;Doi</strong></span> <span class='ocrx_word' id='word_1_790' title='bbox 1681 5145 1801 5186; x_wconf 85' lang='lat' dir='ltr'><strong>carnem</strong></span> <span class='ocrx_word' id='word_1_791' title='bbox 1817 5131 1863 5185; x_wconf 82' lang='lat' dir='ltr'><strong>do</strong></span> 
     </span>
     <span class='ocr_line' id='line_1_56' title="bbox 198 5215 1861 5296; baseline 0.002 -27"><span class='ocrx_word' id='word_1_792' title='bbox 198 5215 335 5288; x_wconf 81' lang='lat' dir='ltr'><strong>Sequitur</strong></span> <span class='ocrx_word' id='word_1_793' title='bbox 353 5232 421 5289; x_wconf 90' lang='lat' dir='ltr'><strong>pars</strong></span> <span class='ocrx_word' id='word_1_794' title='bbox 447 5219 713 5293; x_wconf 75' lang='lat' dir='ltr'><strong>secundamque</strong></span> <span class='ocrx_word' id='word_1_795' title='bbox 737 5221 879 5278; x_wconf 89' lang='lat' dir='ltr'><strong>Dominus</strong></span> <span class='ocrx_word' id='word_1_796' title='bbox 904 5224 985 5296; x_wconf 91' lang='lat' dir='ltr'><strong>ponit</strong></span> <span class='ocrx_word' id='word_1_797' title='bbox 1040 5227 1132 5290; x_wconf 85' lang='lat' dir='ltr'><strong>urant,</strong></span> <span class='ocrx_word' id='word_1_798' title='bbox 1163 5223 1299 5295; x_wconf 83' lang='lat' dir='ltr'><strong>spiritum</strong></span> <span class='ocrx_word' id='word_1_799' title='bbox 1324 5222 1472 5288; x_wconf 89' lang='lat' dir='ltr'><strong>roborant,</strong></span> <span class='ocrx_word' id='word_1_800' title='bbox 1496 5219 1680 5276; x_wconf 69' lang='lat' dir='ltr'><strong>daemonibus</strong></span> <span class='ocrx_word' id='word_1_801' title='bbox 1707 5219 1861 5292; x_wconf 85' lang='lat' dir='ltr'><strong>imperant,</strong></span> 
     </span>
     <span class='ocr_line' id='line_1_57' title="bbox 147 5302 1863 5383; baseline 0.003 -26"><span class='ocrx_word' id='word_1_802' title='bbox 147 5302 315 5376; x_wconf 65' lang='lat' dir='ltr'><strong>¹praemium</strong></span> <span class='ocrx_word' id='word_1_803' title='bbox 329 5306 526 5368; x_wconf 72' lang='lat' dir='ltr'><strong>mandabam,</strong></span> <span class='ocrx_word' id='word_1_804' title='bbox 542 5325 608 5363; x_wconf 88' lang='lat' dir='ltr'><strong>eum</strong></span> <span class='ocrx_word' id='word_1_805' title='bbox 625 5310 724 5365; x_wconf 89' lang='lat' dir='ltr'><strong>subdit</strong></span> <span class='ocrx_word' id='word_1_806' title='bbox 740 5327 747 5365; x_wconf 91' lang='lat'><strong>:</strong></span> <span class='ocrx_word' id='word_1_807' title='bbox 764 5315 819 5366; x_wconf 85' lang='lat' dir='ltr'><strong>Vos</strong></span> <span class='ocrx_word' id='word_1_808' title='bbox 833 5314 918 5368; x_wconf 82' lang='lat' dir='ltr'><strong>amici</strong></span> <span class='ocrx_word' id='word_1_809' title='bbox 931 5315 986 5370; x_wconf 83' lang='lat' dir='ltr'><strong>mei</strong></span> <span class='ocrx_word' id='word_1_810' title='bbox 1039 5311 1195 5366; x_wconf 88' lang='lat' dir='ltr'><strong>virtutibus</strong></span> <span class='ocrx_word' id='word_1_811' title='bbox 1219 5315 1382 5372; x_wconf 83' lang='lat' dir='ltr'><strong>coruscant,</strong></span> <span class='ocrx_word' id='word_1_812' title='bbox 1409 5309 1564 5383; x_wconf 70' lang='lat' dir='ltr'><strong>praesentia</strong></span> <span class='ocrx_word' id='word_1_813' title='bbox 1585 5307 1769 5380; x_wconf 84' lang='lat' dir='ltr'><strong>despiciunt,</strong></span> <span class='ocrx_word' id='word_1_814' title='bbox 1784 5312 1863 5363; x_wconf 78' lang='lat' dir='ltr'><strong>ater</strong></span> 
     </span>
     <span class='ocr_line' id='line_1_58' title="bbox 137 5392 1862 5482; baseline 0 -35"><span class='ocrx_word' id='word_1_815' title='bbox 137 5472 141 5481; x_wconf 25' lang='grc' dir='ltr'>ἱ</span> <span class='ocrx_word' id='word_1_816' title='bbox 163 5393 234 5447; x_wconf 76' lang='lat' dir='ltr'><strong>ratis.</strong></span> <span class='ocrx_word' id='word_1_817' title='bbox 252 5392 274 5449; x_wconf 92' lang='grc' dir='ltr'><strong>Ο</strong></span> <span class='ocrx_word' id='word_1_818' title='bbox 291 5399 399 5466; x_wconf 89' lang='lat' dir='ltr'><strong>quantu</strong></span> <span class='ocrx_word' id='word_1_819' title='bbox 413 5396 613 5482; x_wconf 79' lang='lat' dir='ltr'><strong>misericordia</strong></span> <span class='ocrx_word' id='word_1_820' title='bbox 626 5399 788 5455; x_wconf 79' lang='lat' dir='ltr'><strong>conditoris</strong></span> <span class='ocrx_word' id='word_1_821' title='bbox 804 5402 905 5456; x_wconf 89' lang='lat' dir='ltr'><strong>nostri.</strong></span> <span class='ocrx_word' id='word_1_822' title='bbox 922 5402 985 5457; x_wconf 90' lang='lat' dir='ltr'><strong>Ser·</strong></span> <span class='ocrx_word' id='word_1_823' title='bbox 1041 5417 1108 5455; x_wconf 88' lang='lat' dir='ltr'><strong>nam</strong></span> <span class='ocrx_word' id='word_1_824' title='bbox 1134 5399 1257 5472; x_wconf 87' lang='lat' dir='ltr'><strong>patriam</strong></span> <span class='ocrx_word' id='word_1_825' title='bbox 1281 5415 1349 5454; x_wconf 83' lang='lat' dir='ltr'><strong>vore</strong></span> <span class='ocrx_word' id='word_1_826' title='bbox 1373 5403 1401 5455; x_wconf 91' lang='lat' dir='ltr'><strong>et</strong></span> <span class='ocrx_word' id='word_1_827' title='bbox 1420 5399 1551 5454; x_wconf 89' lang='lat' dir='ltr'><strong>moribus</strong></span> <span class='ocrx_word' id='word_1_828' title='bbox 1576 5396 1746 5470; x_wconf 78' lang='lat' dir='ltr'><strong>predicant.</strong></span> <span class='ocrx_word' id='word_1_829' title='bbox 1768 5394 1862 5452; x_wconf 76' lang='lat' dir='ltr'><strong>Orddi</strong></span> 
     </span>
     <span class='ocr_line' id='line_1_59' title="bbox 162 5480 1861 5563; baseline 0.004 -29"><span class='ocrx_word' id='word_1_830' title='bbox 162 5480 189 5535; x_wconf 92' lang='lat' dir='ltr'><strong>vi</strong></span> <span class='ocrx_word' id='word_1_831' title='bbox 205 5480 286 5556; x_wconf 86' lang='lat' dir='ltr'><strong>digni</strong></span> <span class='ocrx_word' id='word_1_832' title='bbox 302 5499 359 5539; x_wconf 89' lang='lat' dir='ltr'><strong>nou</strong></span> <span class='ocrx_word' id='word_1_833' title='bbox 372 5500 476 5541; x_wconf 90' lang='lat' dir='ltr'><strong>sumus</strong></span> <span class='ocrx_word' id='word_1_834' title='bbox 491 5489 520 5541; x_wconf 90' lang='lat' dir='ltr'><strong>ct</strong></span> <span class='ocrx_word' id='word_1_835' title='bbox 534 5485 619 5541; x_wconf 89' lang='lat' dir='ltr'><strong>amici</strong></span> <span class='ocrx_word' id='word_1_836' title='bbox 635 5488 809 5544; x_wconf 88' lang='lat' dir='ltr'><strong>vocantur.0</strong></span> <span class='ocrx_word' id='word_1_837' title='bbox 825 5496 934 5563; x_wconf 88' lang='lat' dir='ltr'><strong>quanta</strong></span> <span class='ocrx_word' id='word_1_838' title='bbox 942 5495 986 5548; x_wconf 91' lang='lat' dir='ltr'><strong>est</strong></span> <span class='ocrx_word' id='word_1_839' title='bbox 1041 5493 1159 5563; x_wconf 90' lang='lat' dir='ltr'><strong>propter</strong></span> <span class='ocrx_word' id='word_1_840' title='bbox 1174 5505 1238 5543; x_wconf 86' lang='lat' dir='ltr'><strong>eam</strong></span> <span class='ocrx_word' id='word_1_841' title='bbox 1253 5493 1399 5560; x_wconf 81' lang='lat' dir='ltr'><strong>possunt„</strong></span> <span class='ocrx_word' id='word_1_842' title='bbox 1416 5489 1467 5544; x_wconf 90' lang='lat' dir='ltr'><strong>sed</strong></span> <span class='ocrx_word' id='word_1_843' title='bbox 1483 5487 1559 5544; x_wconf 86' lang='lat' dir='ltr'><strong>flecti</strong></span> <span class='ocrx_word' id='word_1_844' title='bbox 1584 5490 1747 5560; x_wconf 81' lang='lat' dir='ltr'><strong>nequeunt,</strong></span> <span class='ocrx_word' id='word_1_845' title='bbox 1758 5483 1861 5542; x_wconf 75' lang='lat' dir='ltr'><strong>imo-‚ad</strong></span> 
     </span>
     <span class='ocr_line' id='line_1_60' title="bbox 162 5567 1861 5650; baseline 0.004 -27"><span class='ocrx_word' id='word_1_846' title='bbox 162 5567 290 5642; x_wconf 85' lang='lat' dir='ltr'><strong>dignitas</strong></span> <span class='ocrx_word' id='word_1_847' title='bbox 314 5571 468 5631; x_wconf 90' lang='lat' dir='ltr'><strong>homiuum</strong></span> <span class='ocrx_word' id='word_1_848' title='bbox 492 5588 557 5629; x_wconf 82' lang='lat' dir='ltr'><strong>esse</strong></span> <span class='ocrx_word' id='word_1_849' title='bbox 580 5573 690 5631; x_wconf 88' lang='lat' dir='ltr'><strong>amicos</strong></span> <span class='ocrx_word' id='word_1_850' title='bbox 714 5575 790 5632; x_wconf 83' lang='lat' dir='ltr'><strong>Deil</strong></span> <span class='ocrx_word' id='word_1_851' title='bbox 806 5579 861 5635; x_wconf 89' lang='lat' dir='ltr'><strong>Sed</strong></span> <span class='ocrx_word' id='word_1_852' title='bbox 878 5580 985 5636; x_wconf 89' lang='lat' dir='ltr'><strong>auditis</strong></span> <span class='ocrx_word' id='word_1_853' title='bbox 1041 5595 1105 5634; x_wconf 85' lang='lat' dir='ltr'><strong>eam</strong></span> <span class='ocrx_word' id='word_1_854' title='bbox 1122 5576 1335 5650; x_wconf 81' lang='lat' dir='ltr'><strong>pertinguntlu</strong></span> <span class='ocrx_word' id='word_1_855' title='bbox 1350 5573 1861 5650; x_wconf 75' lang='lat' dir='ltr'><strong>ipsa=passione·quaaeriaamntin</strong></span> 
     </span>
    </p>
   </div>
   <div class='ocr_carea' id='block_1_3' title="bbox 0 0 1921 6004">
    <p class='ocr_par' dir='ltr' id='par_1_3' title="bbox 0 0 1921 6004">
     <span class='ocr_line' id='line_1_61' title="bbox 0 0 1921 6004; baseline 0 0"><span class='ocrx_word' id='word_1_856' title='bbox 0 0 1921 6004; x_wconf 95' lang='lat' dir='ltr'><strong> </strong></span> 
     </span>
    </p>
   </div>
  </div>
 </body>
</html>
