3816 6006
161 236 245 297 'l283
419 235 470 296 ab
493 236 749 299 GODEFRlDUM
771 235 940 299 APPEND.
963 236 1002 296 ll.
1019 269 1057 279 —
1072 233 1227 298 Monuu.
1250 235 1301 294 DE
1321 233 1446 294 BELLO
1468 232 1606 296 SACRO.
1786 231 1872 293 tatu

167 390 185 426 n
198 367 613 443 istrorumgladiisinterlecti;
626 369 989 443 maximainsupereorum
1005 372 1032 437 Α
1049 368 1194 437 subsidio,
1209 372 1237 423 et
1261 367 1380 423 tandem
1406 366 1508 422 multis
1527 366 1635 422 ibidem
1659 363 1825 421 vulneratis
1842 381 1873 421 ex

168 457 357 513 multitudine
368 458 524 513 submersa
537 457 565 513 in
578 457 776 530 aquiscalidis
786 464 815 513 ct
824 459 988 531 profundis,
1045 457 1155 513 nostris
1172 463 1199 512 el
1224 457 1307 529 equis
1328 455 1438 512 nostris
1463 472 1514 528 pro
1531 454 1634 527 majori
1650 458 1733 527 parte
1749 454 1872 511 diversis

165 559 239 604 bane
254 545 325 618 quia
339 550 520 602 memoratus
532 546 638 602 ssuvius
651 547 785 603 Thaneos
797 564 854 602 non
864 551 926 603 erat
939 564 988 602 vu·
1027 528 1184 602 ‘sauciatis
1199 543 1369 600 vulneribus
1383 549 1433 599 aut
1444 544 1559 609 occisis,
1568 542 1692 599 Domino
1700 540 1869 607 auxiliante,

167 635 283 702 debilis,
293 633 647 707 propterprolunditatem
658 651 802 707 aquarum
819 639 847 690 et
857 635 988 708 riparum
1043 651 1182 707 campum
1198 633 1561 700 retinuimus,nostrorum
1573 630 1684 687 viribus
1697 630 1868 700 recollectis,

166 722 513 794 altitudinem,eoepimus
532 723 625 778 tacere
641 739 807 796 supereum
823 722 986 791 calciatam,
1043 724 1132 793 etibi,
1146 725 1232 794 juxta
1246 726 1475 778 sarracenorum
1492 720 1654 784 machinas,
1671 737 1748 793 quas
1771 720 1868 792 acqui·

167 819 199 869 ut
213 829 264 885 per
277 828 341 866 eam
358 814 469 883 pateret
485 810 628 867 transitus
648 811 785 868 exercitui
811 811 986 879 Christiano,
1043 811 1177 879 sivimus,
1195 812 1296 867 eadem
1323 811 1377 884 dic¹
1394 815 1490 866 castra
1513 814 1611 866 nostra
1626 808 1784 882 posuimus
1801 826 1808 865 :
1824 809 1866 864 ubi

166 903 202 959 ad
231 902 285 957 hoc
309 898 412 955 multis
436 898 539 955 diebus
564 917 631 955 cum
657 900 809 956 immensis
825 900 985 968 laboribus,
1042 919 1109 956 cum
1125 900 1228 973 paucis
1245 917 1357 956 nioram
1374 899 1496 955 lecimus
1510 900 1556 954 die
1571 897 1718 966 illo,lacto
1734 897 1776 954 ibi
1789 899 1866 970 prius

166 989 338 1064 periculiset
346 988 515 1060 sumptibus
526 988 705 1044 insistentes,
717 990 866 1045 sarraceni
877 994 985 1057 autam,
1041 996 1128 1062 ponte
1143 991 1179 1045 dc
1194 989 1295 1062 lignis,
1314 1006 1364 1061 per
1380 1006 1466 1060 quem
1493 991 1612 1061 possent
1634 985 1676 1042 illi
1691 987 1730 1042 ad
1749 1004 1805 1042 nos
1819 988 1862 1059 qui

165 1082 296 1135 econtra
312 1077 380 1133 totIs
395 1075 566 1133 resistentes
582 1079 746 1144 conatibus,
762 1077 907 1133 machinis
919 1096 987 1133 nos·
1041 1083 1124 1134 erant
1146 1078 1223 1134 ultra
1247 1077 1369 1133 lluvium
1396 1082 1585 1133 transmeare.
1603 1078 1634 1132 ln
1650 1076 1781 1132 crastino
1801 1093 1862 1132 vero

167 1168 499 1241 trisquaserexeramus,
510 1165 618 1222 ibidem
629 1166 987 1239 machinasopposuernnt
1041 1168 1140 1240 plures
1155 1184 1170 1223 e
1184 1167 1293 1223 nostris
1308 1168 1342 1223 de
1358 1167 1494 1222 mandato
1509 1169 1608 1222 nostro
1630 1164 1754 1221 fluvium
1770 1168 1863 1220 trans-

165 1256 350 1329 quasplures,
376 1254 484 1326 quibus
509 1254 629 1310 castella
663 1260 763 1311 nostra
793 1255 889 1328 lignea
922 1273 986 1327 quse
1041 1261 1154 1322 euntes,
1171 1260 1268 1312 eastra
1283 1254 1382 1311 metati
1399 1256 1566 1326 suntjuxta
1581 1257 1704 1310 nos:et
1720 1258 1803 1320 tunc,
1818 1254 1861 1309 de·

165 1361 252 1418 super
280 1360 401 1417 passum
426 1342 561 1399 collocari
576 1344 739 1399 leceramus
755 1345 901 1410 eumdem,
918 1361 986 1399 con·
1040 1345 1160 1401 structis
1176 1345 1404 1401 Sarracenorum
1419 1343 1575 1411 machinis,
1591 1342 1674 1398 licias
1690 1342 1815 1399 lecimus
1829 1343 1860 1397 ad

164 1438 303 1507 quassata
316 1432 466 1504 lapidibus
480 1437 507 1487 et
523 1436 681 1498 contracta,
698 1434 925 1493 combusserunt
940 1437 985 1488 to·
1039 1438 1144 1506 pontes
1160 1433 1288 1501 navales,
1306 1450 1357 1505 per
1367 1449 1441 1505 quos
1452 1431 1543 1487 nostri
1559 1432 1594 1487 de
1610 1447 1669 1486 uno
1685 1431 1815 1487 exercitu
1829 1431 1860 1487 ad

163 1523 261 1580 taliter
274 1521 342 1595 igne
355 1523 463 1578 Graeco
479 1523 541 1588 Quo
559 1522 644 1586 l'acto,
662 1521 720 1577 scre
735 1522 813 1578 omni
830 1539 881 1594 spe
895 1525 923 1577 et
938 1539 985 1577 ex·
1040 1522 1131 1579 alium
1148 1523 1272 1579 transire
1285 1521 1374 1578 libere
1389 1525 1522 1594 poterant
1546 1524 1575 1576 et
1598 1536 1711 1577 secure.
1727 1521 1861 1592 Sequenti

163 1610 342 1685 spectatione
365 1610 508 1665 frustrata
531 1626 583 1682 per
607 1609 758 1666 calciatam
783 1609 864 1666 illam
889 1609 987 1666 taliter
1040 1617 1139 1668 autem
1156 1612 1201 1668 die
1217 1611 1348 1678 Veneris,
1366 1609 1419 1666 tilii
1434 1609 1618 1682 perditionis,
1633 1609 1861 1683 congregatisex

163 1699 471 1765 transeundi,tandem
488 1714 537 1771 per
553 1700 711 1771 quemdum
727 1704 920 1756 sarracenum
938 1716 985 1754 ve·
1040 1701 1120 1757 omni
1133 1698 1862 1773 parteviribussuis,tlhristianumexercilnmom·

162 1784 290 1846 aientem
305 1788 342 1844 ab
357 1787 556 1860 AEgyptiorum
573 1788 822 1854 exercitu,datum
838 1787 984 1844 luitnobis
1039 1790 1109 1846 nino
1125 1791 1246 1863 perde-re
1256 1790 1451 1861 intendentes,
1465 1789 1493 1843 in
1507 1787 1676 1844 tortitudine
1687 1787 1861 1853 maxima,ct

162 1878 286 1951 intelligi
302 1876 399 1933 locum
414 1893 478 1932 esse
492 1876 654 1933 vadabilem
670 1875 890 1949 aliquantulum
911 1877 983 1932 inle-
1038 1877 1388 1935 inmultitudineinlrnita
1399 1875 1861 1943 conveneruntadliciasnostras,

161 1967 233 2035 rius,
251 1983 325 2039 quos
346 1969 459 2038 poterat
480 1966 624 2021 exercitus
657 1965 840 2022 Christianus
862 1966 982 2022 ssuvium
1037 1986 1072 2025 ex
1087 1967 1166 2025 omni
1181 1972 1262 2041 parte
1274 1966 1417 2023 exercitus
1429 1970 1526 2022 tantos
1536 1970 1656 2037 tamque
1666 1963 1813 2026 terribiles
1824 1965 1860 2020 ta·

161 2062 350 2113 transmeare.
368 2054 447 2122 Inde,
464 2054 680 2110 communicato
702 2054 823 2111 consilio
839 2055 982 2111 baronum
1037 2053 1856 2128 cientesinsultus,quantossieutapluribusdicebantur,

161 2144 333 2203 stallorum
357 2143 503 2213 maj0rum
527 2142 563 2197 de
584 2143 724 2208 exercitu,
741 2143 788 2199 die
813 2145 901 2199 Lunae
917 2148 983 2199 anto
1038 2148 1067 2202 in
1092 2147 1134 2202 cis
1159 2146 1282 2202 marinis
1306 2145 1439 2218 partibus
1455 2161 1608 2216 nunquam
1624 2143 1859 2200 viderantlacere

161 2233 288 2302 Ginercs,
310 2233 364 2288 luit
386 2231 567 2288 concorditer
581 2231 749 2287 ordinatum
766 2233 843 2304 quod
859 2233 887 2286 in
903 2249 982 2287 cras·
1037 2238 1220 2292 Sarracenos.
1237 2234 1350 2303 Quibus
1370 2239 1479 2300 tamen,
1495 2233 1594 2289 divina
1615 2232 1792 2304 praevalente
1812 2249 1858 2305 po·

160 2322 232 2391 tino,
249 2323 296 2377 dic
309 2319 443 2376 videlicet
456 2319 639 2392 Carniprivii,
652 2337 768 2376 summo
784 2337 869 2376 mane
880 2337 982 2376 conve·
1036 2324 1283 2391 tentia,ordinata
1297 2341 1332 2379 ex
1346 2323 1426 2379 omni
1438 2328 1520 2396 parte
1536 2321 1679 2378 exercitus
1695 2325 1858 2378 nostrorum

161 2412 293 2467 niremus
308 2410 344 2466 ad
362 2411 456 2465 lorum
477 2408 661 2481 pradictum,
678 2409 798 2465 lluvium
818 2409 981 2477 transituri,
1036 2413 1120 2486 copia
1131 2413 1303 2481 restitimus,
1315 2417 1344 2468 et
1359 2413 1487 2484 impetus
1502 2410 1665 2484 repulimus
1680 2411 1859 2480 eorumdem,

160 2500 288 2573 quadam
312 2502 393 2571 parte
420 2497 564 2553 exercitus
579 2499 613 2553 ad
638 2502 800 2554 castrorum
817 2499 981 2554 custodiam
1037 2502 1164 2558 maxima
1177 2517 1277 2557 eorum
1294 2501 1484 2557 multitudine
1500 2504 1666 2557 nostrorum
1682 2497 1792 2574 gladiis
1819 2499 1859 2554 iu·

160 2589 301 2645 ordinata.
318 2587 370 2643 Die
385 2588 483 2659 itaque
494 2587 781 2655 crastina,ordinatis
796 2588 981 2655 aciebus,ve·
1036 2592 1200 2647 cumbente.
1210 2591 1401 2646 Postmodum
1411 2587 1624 2661 autemelapsis
1635 2588 1859 2661 aliquotdiebns

160 2679 275 2735 nientes
290 2679 326 2734 ad
342 2677 449 2745 locum,
466 2675 656 2732 transivimus
672 2677 791 2732 lluviurn
808 2694 866 2732 non
882 2681 980 2731 tumen
1036 2679 1201 2735 adventavit
1216 2679 1292 2750 apud
1310 2675 1860 2742 MassoramSaldanisrlius,veniensde

160 2768 223 2824 sinc
238 2766 317 2841 gravi
332 2765 472 2838 periculo.
482 2766 555 2820 Nam
572 2766 742 2837 profundior
752 2771 780 2821 et
792 2765 983 2837 periculosior
1036 2768 1171 2841 partibus
1187 2766 1331 2823 Orientis:
1345 2767 1375 2822 in
1391 2768 1477 2838 cujus
1487 2767 1612 2822 adventu
1629 2766 1860 2838 tympanizantes

160 2862 222 2913 erat
238 2858 329 2921 locus,
342 2872 431 2927 quam
446 2850 529 2911 nubis
546 2856 638 2910 lucrat
650 2854 816 2910 intimatum
835 2855 979 2926 :itaquod
1036 2863 1064 2914 ot
1076 2859 1208 2912 laetantes
1227 2857 1356 2929 AEgyptii,
1366 2859 1537 2927 receperunt
1553 2872 1619 2909 eum
1633 2855 1669 2908 ad
1681 2855 1858 2911 Dominum:

161 2946 200 3001 ibi
217 2945 345 3018 oportuit
360 2948 459 2999 natare
475 2960 565 3015 equos
581 2949 707 3009 nostros,
724 2948 750 2998 et
768 2949 884 3016 propter
906 2943 980 3000 altas
1036 2951 1063 3003 et
1078 2964 1111 3001 es
1127 2947 1180 3002 lroc
1196 2951 1384 3018 augmentata
1394 2952 1439 3001 est
1453 2962 1553 3000 eorum
1572 2961 1628 2999 non
1646 2931 1798 2999 modicum
1810 2945 1859 2998 lur-

160 3040 189 3092 et
203 3034 336 3091 lutuosas
351 3034 441 3106 ripas,
458 3033 640 3104 periculosos
653 3037 716 3088 erat
731 3034 825 3088 exitus
850 3032 980 3089 lluminis
1034 3037 1139 3092 titudo.
1157 3036 1237 3092 Unde
1251 3036 1327 3106 apud
1347 3051 1400 3089 nos
1421 3035 1619 3106 postmodum,
1637 3034 1858 3105 possimusque

160 3124 308 3180 antedicti.
325 3124 485 3179 Transacto
497 3121 597 3194 itaque
612 3123 744 3191 llumine,
754 3127 872 3177 vamum
888 3128 932 3178 est
943 3123 978 3177 ρὰ
995 3111 1016 3176 C
1035 3125 1083 3182 lloi
1096 3125 1220 3196 judicio,
1231 3123 1330 3180 omnia
1345 3122 1454 3179 nostris
1469 3121 1624 3179 desideriis
1638 3121 1668 3176 in
1680 3122 1859 3177 contrarium

160 3212 256 3269 locum
285 3212 335 3267 ubi
365 3216 448 3267 erant
470 3215 694 3266 sarracenorum
725 3211 876 3279 machina,
899 3212 984 3282 juxta
1039 3218 1255 3281 successerunt,
1281 3212 1407 3268 inolente
1438 3212 1619 3267 diversarum
1643 3211 1861 3283 egritudinum,

159 3301 311 3358 calciatam
329 3300 505 3373 praedictam.
516 3301 549 3355 Et
564 3299 663 3355 habito
675 3316 741 3355 cum
758 3301 925 3355 Sarracenis
937 3317 983 3373 ag·
1038 3309 1129 3375 peste,
1141 3307 1169 3357 ct
1185 3300 1371 3357 mortalitatis
1386 3300 1473 3355 etiam
1490 3299 1632 3372 generalis
1648 3303 1708 3354 tam
1725 3299 1755 3354 in
1770 3298 1859 3355 homi·

159 3408 274 3464 gressu,
290 3389 381 3445 nostri
408 3388 458 3460 qni
483 3389 693 3461 precedebant,
721 3387 829 3444 multos
853 3405 887 3443 cx
911 3389 983 3461 ipsis
1038 3392 1126 3447 nibus
1139 3408 1227 3463 quam
1243 3390 1272 3444 in
1289 3389 1431 3462 equis‚ita
1441 3388 1574 3461 quodvis
1588 3392 1671 3444 erant
1688 3388 1718 3442 in
1735 3389 1859 3444 exercitu

159 3479 345 3535 trucidarunt
358 3477 474 3549 gladiis,
493 3495 549 3532 non
566 3482 717 3549 parcentes
732 3477 812 3533 sexui
828 3477 869 3532 val
893 3478 980 3533 atati.
1038 3479 1127 3552 aliqui
1142 3480 1191 3552 qui
1209 3484 1339 3535 mortuos
1354 3496 1423 3534 suos
1438 3495 1495 3534 non
1512 3477 1692 3550 plangerent,
1704 3482 1757 3533 aut
1773 3494 1861 3551 agro·

160 3567 239 3622 luter
253 3583 327 3637 quos
338 3565 710 3636 capitaneumeorumdem,
719 3567 901 3636 etquosdum
910 3565 982 3620 alios

159 3654 319 3710 admiratos
333 3653 542 3708 interfecerunt
565 3653 684 3709 ibidem.
701 3654 807 3709 Deinde
831 3671 897 3710 vero
922 3655 981 3709 dis·

160 3741 253 3816 persis
268 3741 640 3812 aciebusnostris,quidam
650 3747 816 3797 nostrorum
828 3746 983 3814 porcestre

158 3831 287 3888 hostiurn
299 3830 507 3898 discurrentes,
516 3835 757 3904 veneruntusque
769 3833 803 3888 ad
819 3831 982 3905 villamque

158 3921 292 3979 Massora
316 3920 433 3988 dicitur,
461 3924 605 3994 quotquot
637 3920 766 3976 hostium
791 3923 982 3978 occurrebant

157 4009 265 4085 gladiis
281 4010 457 4066 occidentes.
474 4010 529 4065 Scd
546 4010 664 4066 tandem
689 4010 850 4077 sarraceni,
866 4013 981 4084 cognito

157 4116 259 4156 eorum
281 4097 446 4154 inconsulto
459 4114 609 4170 processu,
626 4100 784 4172 resumptis
805 4099 916 4156 viribus
941 4101 981 4155 ir-

1037 3574 1132 3625 tantcs
1147 3570 1181 3623 nd
1193 3567 1416 3624 mortemUnde
1426 3584 1478 3639 pro
1487 3583 1593 3640 magna
1604 3570 1686 3637 parto
1697 3566 1861 3622 diminutus

1036 3657 1251 3714 cratoxercitus
1267 3656 1463 3720 Christianus,
1479 3659 1507 3711 et
1522 3658 1726 3727 consumptus.

1072 3747 1183 3801 Tantus
1199 3750 1259 3801 erat
1274 3742 1681 3815 delectusvictualium,quod
1694 3743 1860 3816 pluresinc·

1036 3834 1084 3889 dia
1099 3833 1271 3890 deficiebant
1281 3839 1310 3889 et
1321 3833 1406 3888 tame.
1414 3832 1477 3888 Non
1488 3833 1566 3887 enim
1577 3831 1687 3888 vasella
1703 3832 1819 3888 navalia
1827 3833 1858 3887 dc

1036 3923 1168 3979 Damieta
1183 3924 1218 3979 ad
1235 3922 1392 3979 exercitum
1406 3921 1530 3977 transire
1547 3925 1689 3993 poterant,
1702 3921 1859 3994 impedien-

1036 4013 1116 4067 tibus
1138 4013 1362 4067 Sarracenornm
1387 4009 1478 4084 galeis
1500 4014 1529 4065 et
1541 4010 1621 4065 vasis
1637 4008 1781 4081 piraticis,
1798 4027 1857 4083 qua

1036 4118 1088 4173 per
1115 4105 1221 4154 terram
1247 4100 1276 4154 in
1307 4098 1427 4154 [lumine
1458 4097 1670 4154 collocaverant
1702 4098 1857 4154 antedicto.

60 4178 69 4195 ’
158 4192 276 4244 ruentes
289 4189 318 4244 in
334 4204 393 4256 eos,
405 4191 434 4243 et
443 4186 699 4243 circumvallantes
710 4189 849 4261 undique,
861 4206 980 4262 oppres-

1035 4189 1139 4262 Sicque
1155 4188 1356 4261 compluribus
1366 4187 1443 4243 vasis
1455 4188 1563 4244 nostris
1574 4187 1656 4260 prius
1667 4187 1762 4259 captis
1773 4188 1809 4243 ab
1820 4186 1858 4243 eis

158 4281 260 4333 serunt
275 4276 462 4342 eosdem,ubi
478 4276 554 4332 lacta
566 4281 610 4332 est
622 4282 788 4332 nostrorum
799 4282 911 4351 strages
923 4295 979 4334 non
1034 4280 1064 4334 in
1081 4278 1211 4344 flumine,
1225 4277 1343 4332 tande-m
1361 4278 1435 4333 duas
1451 4276 1598 4333 sucessive
1612 4292 1782 4345 caravanas,
1800 4277 1857 4331 vic-

156 4367 273 4422 modica
293 4367 439 4422 baronum
461 4369 490 4421 et
515 4363 654 4433 militum,
683 4371 743 4421 tarn
777 4366 979 4439 religiosorum
1035 4364 1856 4430 tualiaetaliamullabonaadexercitumdelcrentes‚

156 4454 980 4528 quamaliorum,dequanonimmeritodoluimusquam·
996 4480 1020 4545 D
1035 4473 1109 4512 caesa
1125 4455 1305 4511 marinorum
1323 4458 1351 4508 et
1367 4452 1492 4508 aliorum
1509 4452 1710 4520 multitudine,
1721 4457 1857 4525 ceperunt

156 4543 317 4617 plurimum
329 4543 561 4600 etdolemus.lbi
577 4542 752 4599 etiumillum
763 4543 979 4616 pracordialem
1035 4545 1065 4600 in
1090 4545 1181 4599 totius
1205 4541 1348 4598 exercitus
1371 4542 1592 4597 detrimentum.
1610 4541 1690 4597 Unde
1705 4541 1856 4598 deficiente

155 4632 808 4706 etpraeclarumtratremnostrum,recolendae
820 4635 977 4701 memorias,
1033 4633 1152 4690 omnino
1162 4631 1344 4697 victualium,
1361 4635 1389 4686 et
1404 4648 1524 4685 annonae
1540 4646 1682 4703 equorum
1708 4629 1856 4704 sullragio,

156 4727 185 4778 et
197 4722 389 4779 atrabensem
407 4722 554 4788 comitem,
572 4721 772 4792 temporaliter
797 4722 952 4778 amisimus
970 4740 976 4778 :
1032 4726 1182 4795 coeperunt
1195 4722 1223 4775 in
1240 4721 1367 4776 exercitu
1386 4721 1508 4776 deficere
1524 4720 1582 4776 lere
1597 4736 1711 4790 omnes,
1729 4720 1759 4775 in
1776 4720 1857 4775 deso·

155 4812 233 4882 quod
249 4828 316 4867 cum
332 4811 428 4867 cordis
443 4809 638 4866 amaritudine
654 4810 813 4867 recolimus
825 4817 853 4867 et
867 4812 976 4879 dolore,

155 4896 223 4954 licet
238 4900 273 4955 de
288 4901 351 4972 ipso
367 4900 552 4973 gaudendum
565 4899 799 4971 sitpotiusquam
807 4900 977 4969 dolendum,

154 4987 294 5059 quoniam
319 5006 370 5060 pro
393 4993 471 5045 certo
496 4989 643 5044 credimus
667 4994 695 5056 et
722 5006 875 5061 speramus
897 5007 975 5057 cum,

155 5092 262 5143 corona
276 5076 418 5149 martyrii,
436 5078 471 5132 ad
488 5077 633 5134 coelcstom
650 5076 779 5133 evolasse
795 5078 931 5150 patriam,
949 5083 977 5135 et

155 5163 278 5218 ibicum
295 5165 404 5220 sanctis
420 5165 597 5238 martyribus
608 5167 773 5238 perenniter
783 5169 975 5240 congaudere.

143 5310 146 5314 Α
191 5252 291 5324 ltaque
305 5254 351 5309 die
367 5253 428 5318 illa,
444 5254 612 5310 Sarracenis
628 5272 716 5327 super
731 5272 784 5311 nos
799 5255 977 5314 irruentibus

155 5341 866 5415 undiquo,acimbrememittentibussagittarum,
876 5361 978 5418 graves

155 5428 283 5509 insultus
316 5429 513 5488 sustinuimus
548 5432 718 5487 eorumdem
742 5449 835 5505 usque
863 5435 979 5491 circiter

148 5518 258 5611 ¹boram
273 5536 392 5599 nonam,
403 5521 555 5584 deficiente
570 5522 655 5583 nobis
670 5522 789 5582 omnino
805 5525 980 5588 balistarum

1032 4813 1171 4868 lationem
1187 4815 1216 4864 et
1231 4815 1370 4864 terrorem
1388 4827 1445 4865 non
1462 4809 1611 4864 modicum
1623 4808 1798 4864 incidentes,
1810 4808 1856 4863 llis

1030 4901 1252 4974 igiturarotatos
1264 4897 1472 4964 incommodis,
1480 4903 1539 4951 tam
1547 4900 1665 4969 propter
1673 4897 1806 4953 ciborum
1816 4914 1856 4952 ca·

1031 4989 1155 5046 rentiam
1166 4991 1194 5043 et
1204 5002 1346 5057 equorum
1362 4991 1562 5051 annonae,tam
1578 4989 1696 5058 propter
1710 5001 1797 5042 rasus
1812 5003 1856 5042 su·

1031 5077 1130 5152 parius
1145 5076 1309 5141 adnotatos,
1320 5074 1496 5132 inevitabilis
1507 5073 1667 5130 necessitas
1675 5090 1730 5130 nos
1745 5074 1858 5130 induxit

1032 5167 1125 5224 uloco
1140 5163 1279 5237 praedicto
1296 5164 1439 5231 recedere,
1451 5167 1479 5219 ct
1495 5163 1530 5218 ud
1547 5167 1644 5235 partes
1657 5162 1799 5219 Damiato
1815 5180 1856 5218 re·

1033 5257 1104 5322 dire,
1122 5254 1146 5310 si
1162 5252 1305 5308 Dominus
1320 5251 1503 5323 providisset.
1521 5251 1661 5318 Sedecim
1675 5252 1728 5307 vais
1741 5250 1858 5307 bominis

1032 5361 1088 5402 ρορ
1101 5344 1158 5399 sint
1169 5343 1199 5396 io
1214 5356 1253 5405 eo,
1269 5339 1314 5395 sed
1328 5342 1420 5408 potius
1434 5343 1464 5394 io
1479 5341 1595 5411 itto,qai
1609 5355 1779 5412 quorumque
1788 5356 1859 5412 pres·

1033 5450 1078 5490 aas
1097 5432 1205 5503 diripit,
1227 5436 1253 5484 et
1271 5427 1392 5499 disponit
1412 5429 1495 5500 jacto
1518 5446 1570 5486 suo
1583 5430 1688 5502 placito
1707 5429 1857 5486 coturnatis

1036 5524 1142 5604 (tereto.
1159 5537 1188 5594 x,
1202 5518 1259 5591 23),
1275 5517 1348 5578 dum
1363 5534 1496 5579 essemus
1509 5517 1541 5577 ia
1555 5517 1658 5580 itinero
1682 5519 1856 5594 revertendi,
