3816 6006
404 310 1279 377 clnculsratus.Hlsr.ffluuosot.-L1B.1v.
1635 257 1694 374 utu

78 441 148 504 stris
163 446 267 501 urbem
282 446 388 512 tradat,
405 461 584 516 murumque
598 446 735 501 decorum
828 450 856 517 Α
871 444 1152 504 praemonstrabatur
1164 445 1247 521 regni
1261 445 1384 503 mutatio
1399 444 1474 501 leta.

79 536 145 601 bus,
162 539 190 591 et
205 534 302 607 capiat
315 551 367 606 pro
384 551 503 590 munere
521 532 634 590 culmen
660 534 814 591 honorum.
869 536 955 591 Astra
969 535 1113 609 polusque
1128 552 1202 593 novo
1218 539 1288 593 sunt
1302 535 1454 592 obfuscata
1468 534 1582 599 rubore,

77 625 113 682 lin
129 640 229 681 secum
244 624 431 691 cirtensem,
445 624 561 694 judicat
575 640 692 696 aequum
871 624 1021 696 cordaque
1036 628 1105 680 sunt
1119 624 1272 681 hominum
1289 623 1380 680 nimio
1396 621 1530 696 perculsa
1544 623 1658 677 timore.

77 715 120 771 ius
135 714 197 769 haec
213 712 323 786 pandat
334 713 513 781 Boimundo;
526 730 579 768 nee
590 712 814 780 moramandat,
1163 714 1291 771 Traditur
1305 715 1411 771 ciuitas.

77 807 157 861 nanta
172 807 264 875 paret,
281 818 311 857 sa
327 801 528 874 nequidquam
544 801 702 869 dubitaret,
872 801 971 859 Nautis
985 808 1048 859 erat
1064 802 1194 859 medium
1209 819 1277 859 eum
1292 801 1377 859 miles
1391 803 1427 859 ad
1443 800 1493 857 illa
1507 804 1637 875 paratus,

77 892 120 967 pit
133 896 166 948 ut
181 891 277 965 capiat
292 890 428 958 missum,
446 892 516 946 dum
533 908 579 947 res
594 906 628 946 ea
643 891 703 958 fiat,
871 891 1007 949 Constitit
1022 893 1066 949 ad.
1073 892 1189 959 turrim,
1206 908 1295 965 quam
1309 891 1433 948 traditor
1446 891 1495 947 ille
1510 891 1614 947 beatus

77 981 206 1055 parando
222 997 335 1036 moram
352 981 524 1052 producant,
539 983 655 1053 tempus
671 983 699 1036 et
713 978 815 1037 haram
871 981 1019 1051 Servabat,
1036 983 1208 1055 stupuitque
1224 981 1313 1038 nimis
1326 982 1362 1037 de
1375 985 1456 1038 turre
1469 984 1599 1037 vocatus.

77 1068 226 1144 asignavit,
242 1070 293 1125 sed
310 1069 339 1124 in
356 1068 410 1124 boc
425 1069 484 1124 dux
499 1068 683 1141 participavit
870 1070 937 1126 nial
953 1067 1098 1128 clamabat
1114 1073 1238 1140 Furcas,
1254 1071 1440 1129 conscendite
1454 1087 1565 1127 muros.

76 1159 115 1216 lio
130 1175 303 1232 procerum,
320 1159 460 1213 comitum
477 1174 544 1230 pars
567 1157 694 1213 maxima
714 1172 814 1213 verum
870 1160 993 1217 Summa
1007 1165 1087 1234 petat
1101 1161 1205 1226 virtus,
1221 1166 1335 1235 premat
1349 1161 1448 1218 hostes
1465 1161 1529 1233 jam
1553 1158 1693 1229 ruituros,

77 1264 112 1305 im
128 1249 202 1304 lerre
216 1251 311 1320 putat,
327 1247 465 1302 dubitans
480 1263 549 1319 pars
565 1247 656 1303 altera
671 1250 765 1302 nutat.
870 1248 1079 1324 scalarumque
1095 1252 1181 1308 modo
1197 1252 1282 1309 funes
1297 1251 1354 1308 buc
1369 1250 1441 1308 terte
1453 1250 1586 1324 plicatus.

83 1340 167 1394 nocte
177 1340 275 1392 tamen
292 1335 473 1392 Boimundus
488 1334 599 1410 colligit
614 1352 719 1409 agmen
869 1338 958 1396 blavit
972 1357 1021 1397 eos
1036 1340 1155 1397 tandem
1170 1340 1330 1413 latitantes,
1347 1357 1422 1414 saepe
1436 1344 1563 1413 rogatos.

80 1426 140 1484 rius
155 1430 314 1492 armatum,
330 1424 399 1482 belli
414 1427 519 1481 sudore
536 1425 701 1498 probatum.
868 1427 998 1501 Denique
1014 1428 1124 1487 calcata
1139 1429 1303 1501 tormidine,
1319 1430 1346 1486 vi
1362 1433 1506 1496 revocate,

77 1515 162 1573 mimo
178 1516 292 1588 llagrat,
305 1514 428 1571 divortia
443 1519 511 1571 nota
526 1520 670 1588 peragrat.
867 1516 1011 1590 Vepribus
1026 1520 1145 1576 extracti
1160 1519 1216 1589 vix,
1232 1519 1439 1593 vincentesque
1453 1517 1546 1576 coacti

79 1621 116 1663 na
131 1604 193 1678 pari
207 1609 272 1660 vota
288 1605 418 1677 suspirat
435 1608 549 1677 pectore
565 1609 635 1661 toto.
869 1606 937 1662 Sese
952 1609 1127 1676 confortant,
1139 1609 1234 1666 scalas
1249 1609 1285 1666 ad
1301 1608 1409 1665 maenia
1424 1611 1550 1681 portant,

77 1695 188 1752 tnebrae
203 1694 262 1750 dux
276 1693 355 1767 capit
368 1693 432 1762 iter,
449 1693 591 1767 galeaque
606 1694 716 1749 nitente
867 1695 1000 1769 Dantque
1016 1701 1092 1754 retro
1108 1713 1228 1770 gressus
1254 1698 1360 1754 iterum
1375 1701 1534 1773 turpesque
1549 1713 1691 1755 recessus.

77 1784 124 1841 rita
138 1782 214 1852 silet,
231 1788 259 1840 et
273 1782 407 1856 graditur
421 1783 476 1839 sub
493 1792 576 1839 nocte
591 1782 703 1839 silente.
868 1784 1013 1842 Fructetis
1028 1786 1117 1844 mersi
1132 1787 1263 1845 referunt
1275 1789 1332 1860 (86)
1347 1787 1383 1844 ad
1399 1791 1463 1843 tuta
1477 1785 1594 1855 reversi,

79 1891 97 1930 a
111 1872 256 1929 militibus
272 1872 392 1940 timidis,
410 1874 480 1946 juga
494 1873 585 1941 deria,
601 1871 702 1942 valles,
866 1874 902 1929 ut
915 1874 982 1930 licet
994 1874 1119 1932 instaret
1132 1878 1256 1946 Tarans,
1273 1876 1322 1933 lux
1337 1875 1532 1950 appropiaret,

76 1979 112 2020 ne
128 1980 179 2037 per
193 1962 332 2019 obscuras
348 1961 462 2018 lucebat
476 1963 583 2018 semita
596 1959 695 2030 calles,
866 1962 912 2018 Nil
927 1967 1025 2020 tnmen
1041 1966 1197 2034 audebant,
1212 1968 1262 2022 sed
1277 1967 1366 2024 corda
1379 1965 1475 2039 gelata
1489 1965 1656 2038 stupebant.

77 2051 120 2110 ale
135 2069 182 2108 res
197 2051 322 2120 caderet,
338 2053 442 2107 ductor
457 2050 524 2107 licat
537 2051 599 2123 ipse
615 2050 740 2118 timeret,
867 2052 1001 2125 Increpat
1015 2070 1030 2110 a
1045 2053 1138 2111 muris
1153 2054 1198 2110 vir
1210 2055 1330 2112 vocibus
1345 2054 1464 2130 agmina
1479 2051 1571 2122 duris,

82 2145 181 2198 tamen
197 2140 322 2214 angebat
337 2147 465 2197 mentem
486 2141 566 2197 trans
581 2141 636 2213 (85)
652 2138 718 2196 leta
731 2143 812 2212 tege·
866 2141 991 2214 Jamque
1005 2142 1159 2199 recedebat
1174 2160 1240 2212 nox,
1255 2148 1284 2200 et
1298 2145 1410 2201 Matuta
1423 2143 1480 2216 (87)
1496 2143 1629 2211 rubebat,

704 2228 775 2301 [hut.
866 2231 939 2306 Cum
955 2235 1036 2288 stans
1052 2231 1081 2287 in
1097 2198 1192 2288 morfia
1208 2232 1386 2306 reliquorum
1397 2233 1500 2305 junior
1514 2249 1602 2302 unus,

77 2336 139 2395 pem
154 2320 293 2386 tardanti,
310 2320 482 2392 tristemque
497 2322 612 2376 serenat
627 2317 722 2376 ovanti
867 2321 914 2377 Sia
929 2320 970 2377 ait
986 2337 993 2378 :
1010 2320 1157 2389 Oblatum,
1167 2322 1300 2394 juvenes,
1317 2338 1353 2380 ne
1368 2321 1496 2395 spernite
1511 2338 1630 2379 munna.

79 2409 241 2478 ,virtutem
257 2409 400 2476 stimulat,
418 2407 582 2482 populoque
598 2407 723 2465 salutem
867 2409 993 2482 Sergiis,
1009 2410 1123 2484 primus
1137 2428 1197 2468 ero.
1214 2410 1328 2481 Parent,
1344 2410 1516 2469 Fuleherius
1531 2409 1580 2467 ille

77 2516 134 2556 nus
147 2504 278 2572 optatam
295 2515 372 2555 nunc
387 2498 485 2554 innuit
497 2515 560 2555 csse
575 2503 717 2570 paratam.
866 2497 958 2554 Natus
972 2496 1090 2555 carnoti
1105 2515 1239 2571 proceres
1254 2499 1416 2573 precedere
1430 2498 1510 2556 mille

77 2588 193 2646 tlocnm
207 2588 282 2645 votis
297 2588 447 2660 multoque
461 2587 557 2642 labore
574 2588 697 2659 petitum
867 2585 929 2641 Non
945 2584 1039 2655 timet,
1056 2586 1168 2643 invictas
1185 2604 1344 2661 properans
1359 2587 1414 2660 (88)
1429 2588 1466 2643 ad
1485 2588 1594 2646 muenia
1606 2587 1691 2645 ville.

78 2677 180 2749 icium,
197 2679 372 2751 hostemque
385 2678 484 2733 vident
497 2676 616 2747 vigilare
632 2675 769 2749 paritum.
866 2673 927 2729 Nan
943 2673 1022 2730 hunc
1036 2676 1133 2732 tardat
1147 2693 1222 2732 onus
1237 2675 1340 2750 clypei,
1356 2677 1407 2734 sed
1424 2677 1460 2733 ad
1476 2679 1568 2734 ardna
1582 2694 1693 2752 pronus

88 2767 199 2841 procul,
214 2773 243 2824 et
258 2766 377 2823 latebris
393 2767 469 2834 tecti,
483 2766 635 2838 noctisque
650 2765 777 2820 tenebris
867 2761 967 2818 Evolat
979 2780 1061 2819 arma
1075 2780 1190 2836 gorens,
1206 2764 1349 2836 scalaeque
1363 2764 1484 2823 viriliter
1496 2766 1620 2836 herens,

77 2873 133 2914 :ere
148 2858 225 2912 laces
240 2860 383 2929 spectant,
401 2872 543 2927 arcusque
559 2855 697 2920 minaces,
868 2851 954 2907 lllum
969 2851 1126 2909 Venetiens
1141 2853 1285 2925 sequitur,
1301 2858 1401 2927 stupet
1415 2856 1508 2912 bostis
1526 2855 1656 2928 iniquus,

77 2951 236 3002 scurrantcs
252 2962 304 3018 per
318 2945 539 3017 propugnacula
554 2946 665 3001 'Furcas
868 2940 905 2995 Ut
919 2940 999 2996 stetit
1014 2941 1070 3013 (89)
1084 2939 1114 2996 in
1137 2942 1231 2999 muris
1256 2942 1436 3010 Fulchcrius,
1461 2960 1527 3000 ecee
1551 2948 1694 3000 necantur

77 3053 153 3092 ireos
168 3035 265 3090 cristis
281 3033 394 3107 gladios
409 3051 523 3090 versure
539 3050 686 3090 coruscos.
868 3027 1019 3086 Fulmineo
1033 3030 1146 3104 vigiles,
1162 3032 1240 3088 etad
1256 3031 1358 3088 infime
1374 3032 1602 3105 precipitantur.

77 3141 120 3181 aaa
135 3128 282 3180 mutantes
298 3124 466 3190 commissu,
483 3123 560 3179 vices
574 3122 729 3187 variantes,
867 3119 1000 3175 Exsultat
1014 3119 1113 3187 victor,
1131 3119 1297 3194 laniataque
1313 3122 1434 3196 proterit
1447 3137 1508 3178 ora.

77 3214 130 3270 tias
145 3212 238 3269 noctis
253 3213 452 3282 succederent,
468 3217 497 3268 ct
510 3213 665 3279 iaciebant,
828 3198 850 3264 C
869 3210 995 3281 Corpora
1009 3214 1113 3266 trunca
1128 3210 1563 3279 cadunt,laceranturmembra
1577 3210 1691 3270 decora.

77 3303 129 3359 bus
144 3300 307 3358 clamando.
321 3302 391 3368 Quis
405 3302 472 3357 est‘i
487 3318 539 3358 nec
555 3302 656 3358 adesse
671 3300 811 3357 sciebant.
866 3299 983 3372 Aspirat
997 3299 1115 3355 fortuna
1128 3299 1199 3369 viro,
1216 3298 1390 3374 plebemque
1404 3299 1532 3359 solutam

77 3408 151 3461 rora,
162 3393 211 3447 dat
222 3391 280 3446 dux
291 3391 498 3464 magnanimus
514 3391 619 3464 dignas
634 3392 707 3446 duce
717 3407 811 3455 voces,
867 3389 987 3456 Turbat,
1005 3404 1069 3461 qua
1084 3389 1215 3462 requiem
1231 3389 1320 3446 trahit
1333 3389 1410 3447 inter
1424 3391 1528 3464 pocula
1542 3395 1647 3449 tutam.

77 3480 199 3538 rulando
214 3481 290 3537 viros
304 3481 401 3536 vorbis
417 3481 589 3553 animosque
605 3480 733 3537 feraces:
866 3479 969 3536 livellit
982 3482 1090 3551 postes,
1106 3483 1259 3551 turresque
1271 3479 1427 3549 subintrat,
1443 3485 1472 3538 et
1486 3481 1585 3539 hostes

77 3587 123 3627 >ns
138 3573 272 3644 optatum
286 3570 370 3642 votis,
387 3570 459 3626 satis
476 3570 671 3643 invigilatum,
867 3567 1013 3642 Opprimit
1025 3566 1169 3636 incautos,
1183 3572 1354 3640 prospectus
1368 3574 1492 3641 occupat
1506 3568 1590 3640 altos,

77 3675 147 3733 rpus
159 3660 252 3727 adest,
270 3677 413 3733 proceres,
426 3659 541 3715 Domini
556 3659 663 3731 pietate
679 3664 813 3733 paratam
868 3660 998 3730 Tresque
1013 3656 1091 3730 capit
1104 3661 1199 3713 turres
1215 3657 1332 3729 propria
1345 3657 1451 3714 virtute
1465 3657 1592 3716 Boellus.

77 3765 117 3806 »us
131 3749 161 3804 in
178 3749 232 3804 hoc
248 3753 393 3820 protracta
410 3749 464 3804 luit
478 3747 597 3805 victoria
614 3766 688 3817 sera,
869 3749 951 3803 llune
966 3750 1072 3803 natura
1084 3749 1167 3803 vocat
1180 3745 1232 3801 tali
1246 3746 1419 3818 cognomine
1433 3747 1531 3805 tellus.

77 3856 99 3896 re
114 3856 218 3895 novem
234 3855 351 3895 menses
366 3838 481 3894 Domini
497 3838 626 3893 vindicta
641 3853 740 3895 severa
869 3837 1030 3892 Germanos
1044 3835 1092 3891 hie
1108 3836 1179 3891 torte
1192 3839 1269 3903 tuos,
1287 3836 1361 3892 bone
1375 3835 1500 3895 traditur
1513 3838 1606 3908 urbis,

77 3928 228 4001 astigavit;
245 3929 296 3983 sed
312 3933 383 3984 sunt
399 3943 488 4000 prope
503 3926 611 4001 gaudia
625 3944 702 3984 vera.
869 3924 988 3993 Sternit,
1004 3940 1079 3996 quos
1094 3921 1183 3997 pallet
1196 3923 1389 3982 morientibus
1405 3926 1511 3983 addere
1524 3925 1630 3996 turbis,

87 4016 252 4084 misertas,
267 4016 334 4073 lorti
350 4016 497 4089 persistite
513 4020 619 4072 mente.
869 4016 904 4071 ut
919 4015 1022 4071 iratres
1036 4012 1168 4087 geminas
1185 4013 1311 4087 impellit
1325 4031 1391 4071 arce
1406 4015 1538 4089 supinos.

77 4122 103 4162 re
118 4105 167 4161 citi
179 4106 314 4178 Juvenes,
332 4122 432 4162 muros
447 4112 581 4178 superate
598 4109 725 4176 repente,
868 4103 993 4176 Jamque
1008 4103 1061 4159 viri
1076 4102 1166 4160 fortes
1181 4103 1348 4175 pendebant
1361 4105 1491 4178 undique
1506 4105 1604 4163 scalis.

77 4198 100 4251 te
116 4194 167 4251 sed
182 4194 300 4261 celeres,
317 4195 426 4267 pudeat
440 4211 491 4250 vos
502 4195 616 4250 vincare
632 4192 719 4249 lente.
869 4192 926 4249 Nee
941 4191 1055 4248 dubitat
1069 4191 1227 4265 quisquam
1243 4190 1296 4248 niti
1311 4209 1362 4265 per
1376 4196 1510 4252 membra
1523 4193 1632 4252 sodalis

77 4299 136 4340 icus
151 4287 367 4356 (monstratque
388 4282 507 4354 locum),
524 4283 605 4355 prius
630 4281 818 4354 aggrediatur
869 4283 1000 4338 Ascensn
1015 4284 1155 4354 superant
1171 4297 1281 4349 muros,
1298 4282 1415 4355 fastigia
1430 4283 1539 4341 dextris

77 4371 100 4428 ni
126 4371 225 4444 palma
239 4373 333 4430 fidens
349 4378 440 4441 vocat,
457 4378 486 4428 et
502 4372 584 4445 prins
599 4371 667 4427 inde
689 4375 816 4444 petatur.
872 4371 1021 4438 transeut,
1037 4369 1179 4442 objiciunt
1193 4369 1310 4444 clypeos
1324 4388 1358 4428 ae
1372 4370 1430 4428 tela
1444 4371 1582 4429 sinistris.

88 4466 209 4518 manent
223 4479 335 4531 omncs,
352 4463 403 4518 sed
418 4480 475 4519 non
492 4479 557 4518 mea
572 4463 648 4518 dana
662 4461 780 4530 vocabo,
872 4461 1041 4516 Instaurant
1055 4458 1170 4516 animos
1185 4458 1282 4531 Turci,
1298 4460 1452 4517 detrudere
1466 4461 1577 4534 primos

87 4549 145 4607 sibi
163 4550 288 4623 quisque
303 4552 385 4607 dabit
399 4551 498 4607 victori
515 4550 595 4606 nulla
610 4550 732 4623 negabo.
833 4571 857 4636 D
873 4549 993 4606 Frustra
1007 4547 1165 4617 luctantur,
1183 4547 1353 4621 trepidaque
1372 4564 1460 4604 manu
1472 4548 1643 4621 jaculantur

77 4654 170 4707 noror,
187 4639 236 4708 ite,
253 4638 316 4708 viri,
335 4657 402 4695 cnm
418 4639 519 4712 paucis
534 4640 581 4695 bic
596 4656 648 4712 ego
664 4639 756 4696 stabo.
874 4639 1007 4693 Fratrum
1023 4638 1082 4693 lata
1095 4637 1197 4693 dolens
1213 4638 1338 4704 Furcas,
1354 4639 1404 4694 sed
1419 4638 1455 4694 de
1469 4653 1538 4694 nece
1553 4636 1655 4693 nolens

77 4732 165 4796 erute,
183 4728 251 4782 boni
268 4745 410 4800 proceres,
426 4745 478 4800 ego
494 4729 606 4783 tardius
621 4729 679 4784 ibo.
873 4727 992 4783 Sumere
1006 4726 1175 4795 vindictam,
1192 4742 1352 4800 pacemque
1367 4724 1508 4784 resolvere
1523 4727 1634 4796 fletam,

89 4833 175 4890 opus,
192 4818 281 4889 pedes
296 4818 358 4890 ipse
374 4820 452 4890 prior
467 4824 613 4874 certamen
629 4818 717 4874 inibo.
736 4841 750 4868 »
873 4817 966 4872 Frena
980 4816 1029 4872 dat
1042 4815 1111 4871 huie
1126 4814 1186 4883 iras,
1202 4820 1339 4889 pmperat
1353 4819 1451 4889 partas
1466 4815 1588 4889 aperire.

77 4911 127 4974 rat,
144 4907 312 4978 dubiusque
328 4906 395 4963 silet
410 4908 479 4975 dux,
496 4912 583 4979 atque
597 4911 742 4980 vagantur
872 4906 1063 4978 Educensque
1077 4921 1179 4979 graves
1194 4905 1321 4979 gemitus
1336 4906 1372 4962 da
1387 4910 1511 4978 pectore,
1527 4903 1622 4963 claves

77 4999 150 5051 atam
165 5000 293 5052 mentem
309 5013 491 5067 quacunque
506 4999 605 5052 lutura
619 5002 760 5069 putantur
872 4993 962 5050 Porta
977 4995 1105 5067 porrexit
1120 4995 1293 5063 Boimnndu,
1308 4996 1424 5068 duxque
1440 4994 1550 5053 rellexit
1563 4995 1620 5068 (90)

77 5089 159 5140 erant
169 5085 302 5156 juvenes.
314 5084 484 5141 Fulcbcrius
500 5085 636 5142 imminet
651 5091 727 5142 ante.
872 5082 1000 5157 Supplex
1015 5088 1081 5141 ante
1094 5085 1189 5141 virum
1206 5101 1321 5157 corpus,
1337 5086 1510 5159 vultumque
1525 5100 1669 5143 severum.

77 5174 197 5231 enebras
211 5174 282 5247 legit
296 5173 345 5230 ille
363 5174 424 5231 vias
439 5192 542 5247 gressu
558 5176 711 5232 titubante.
873 5173 1038 5247 Diffugiunt
1052 5173 1150 5230 miseri
1166 5173 1253 5243 eires,
1271 5174 1319 5231 ubi
1334 5180 1428 5232 morte
1441 5175 1534 5232 teneri

77 5263 251 5336 emporibus
266 5263 363 5320 radios
379 5266 503 5320 ducente
518 5268 641 5333 cometa,
874 5263 985 5319 Cuncta
999 5261 1107 5335 rident,
1124 5263 1189 5320 telis
1205 5268 1377 5322 sternuntur
1390 5265 1499 5324 moenia
1512 5269 1584 5334 tou,

77 5403 192 5474 leit.,
207 5423 283 5463 uram
297 5415 323 5463 et
333 5409 422 5480 [raus.
910 5407 965 5481 (88)
980 5407 1068 5478 uuit,
1083 5394 1240 5483 properare.

77 5474 190 5545 >adim
207 5478 328 5534 redeunt.
909 5481 968 5550 (89)
982 5479 1070 5546 uuit,
1085 5486 1164 5536 suat.

77 5545 189 5681 iffi,
204 5553 340 5608 matutina
356 5551 454 5608 minus
469 5551 561 5608 bene:
577 5555 622 5608 cst
645 5554 744 5609 autem
759 5551 819 5610 ltla·
910 5550 965 5629 (90)
980 5550 1068 5626 uuit,
1084 5549 1143 5609 dux
1155 5566 1259 5630 quaque
1271 5553 1359 5628 liccat.

155 5747 288 5818 Parnoi..
311 5749 397 5818 CLV.
