3816 6006
100 252 178 324 1093
364 254 416 321 Ab
438 255 693 331 concumbunt
715 253 881 319 terune.
903 251 1168 320 11.-tt0uuttt.
1192 256 1242 321 un
1263 256 1389 322 uentu
1410 254 1548 324 steno.
1719 253 1801 322 {024

41 387 43 390 ’
99 391 168 451 inde
191 408 277 449 mane
301 393 458 466 proiectus,
475 409 505 449 se
527 392 623 465 ipsum
649 406 870 464 praecessurum,
887 391 920 443 ut
933 385 962 454 Α
976 389 1054 445 omni
1072 390 1178 463 populo
1193 391 1356 448 Christiano
1372 390 1585 465 exspectatione
1599 406 1736 464 magnus,
1748 391 1799 448 ad-

100 483 228 557 primum
244 482 343 539 hostes
362 482 499 549 inveniat,
516 476 669 554 disponere
695 479 814 544 curavit,
831 477 921 534 comi·
976 482 1062 534 ventu
1077 481 1181 552 maJ'or,
1197 481 1374 553 protectione
1391 480 1547 537 maximus
1565 480 1618 547 Qui
1635 496 1702 536 cum
1717 479 1802 536 intel-

100 576 217 645 temque
232 589 297 626 curn
315 570 543 627 Prouincialibus
569 570 733 642 retrograde
758 568 922 625 custoditu-
975 567 1092 624 lenisset
1104 570 1281 642 perfidorum
1293 570 1476 643 tyrannidem
1487 570 1517 625 in
1528 569 1737 639 nostros,inira
1749 586 1800 626 cu·

100 678 177 730 rum,
195 660 334 732 subsequi
352 661 555 733 imperarit,ut
567 664 595 714 et
608 659 680 731 ipse,
694 658 717 713 si
733 658 805 713 torte
820 656 920 713 hostes
974 659 1031 713 tem
1048 662 1077 713 et
1092 676 1220 724 curnem,
1237 677 1269 715 ac
1286 659 1455 715 medullitus
1479 654 1634 725 exarsisse,
1650 675 1703 715 nec
1719 659 1800 732 ipsos

99 750 212 815 viderit,
225 749 284 821 regi
296 749 352 805 cito
364 749 465 803 nuntio
477 749 505 803 id
519 747 656 815 insinuet,
668 752 696 803 et
706 763 755 802 eos
771 751 920 818 pereutere
975 745 1031 803 ulio
1043 752 1170 804 retentos
1186 748 1278 804 milite
1294 748 1351 804 nisi
1368 749 1458 804 muris
1472 749 1552 803 unda
1567 747 1745 817 dehiscente,
1759 752 1801 804 ta-

18 896 21 902 ,
100 856 158 896 non
174 843 287 894 renuat.
304 838 408 909 Siequc
433 837 479 893 his
501 837 601 892 ordine
622 836 834 903 incedentibus,
851 852 919 891 eou-
975 840 1039 893 ctus
1054 837 1152 893 dolore
1167 837 1268 903 nimie,
1282 838 1384 894 urbem
1395 837 1502 893 intrare
1519 836 1666 893 festinavit
1678 857 1684 902 ;
1696 854 1756 894 non
1768 844 1801 894 ut

2 992 5 997 ⁸
100 928 166 1001 tigit
182 926 372 982 provinciales
391 925 499 981 vidisse
524 931 635 997 partem
662 925 789 980 hostium
807 928 873 978 ante
889 941 919 978 se
975 925 1145 998 quiesceret,
1158 927 1208 982 scd
1221 926 1393 999 utprimum
1410 942 1533 998 regnum
1545 925 1595 980 Dei
1607 930 1800 997 quaereret,et

99 1017 226 1091 pradum
243 1014 400 1070 maximnm
416 1015 619 1086 effugantium,
637 1031 711 1085 quos
731 1013 871 1068 citissime
887 1029 920 1067 ae
972 1013 1046 1087 ipse,
1059 1015 1213 1088 propatria
1228 1020 1422 1087 puguaturus,
1436 1015 1464 1068 in
1480 1013 1602 1069 eeclesia
1617 1013 1693 1070 beati
1710 1013 1798 1082 Petri,

98 1105 220 1161 viriliter
236 1109 385 1177 percutere
410 1121 467 1159 non
492 1103 639 1169 differunt,
658 1103 698 1157 ita
723 1103 800 1175 quod
825 1103 919 1174 ipsam
974 1104 1135 1159 utdeeebut
1150 1121 1258 1176 regem,
1271 1103 1456 1159 devotissime
1472 1108 1528 1158 Duo
1542 1101 1719 1176 supplicaret
1730 1121 1801 1175 qua-

98 1192 277 1268 praedamah
300 1193 342 1247 eis
366 1191 527 1246 excutiunt.
545 1191 627 1246 Sorte
656 1208 724 1263 ergo
755 1190 920 1247 miserrima
973 1196 1060 1247 tenus
1075 1192 1142 1248 inde
1156 1191 1256 1270 libere,
1274 1196 1302 1248 et
1317 1191 1450 1248 absoluto
1466 1191 1662 1248 ecclesiastico
1676 1192 1798 1250 consilio

97 1283 210 1358 pertuli,
227 1282 385 1352 resumptis
403 1281 522 1348 uiribus,
540 1279 732 1335 Provincialcs
756 1279 919 1335 invadendo
974 1282 1137 1348 roboratus,
1155 1281 1209 1337 iter
1224 1281 1357 1353 sequenti
1377 1281 1503 1353 perfidos
1528 1279 1621 1336 tutius
1646 1297 1799 1338 assumere

98 1373 133 1428 ad
150 1371 204 1426 hoc
220 1370 393 1442 perducunt,
411 1370 487 1440 quod
511 1368 546 1423 ad
572 1385 669 1441 regem
691 1367 740 1423 illa
755 1369 801 1423 die
817 1367 919 1423 reverti
973 1370 1126 1443 potuisset.
1139 1371 1196 1426 Nec
1208 1370 1235 1425 id
1248 1369 1372 1437 distulit,
1385 1371 1434 1425 sed
1448 1370 1664 1426 saetaoratione
1675 1374 1703 1424 et
1716 1387 1800 1444 vege-

97 1464 256 1533 nequeunt.
268 1457 448 1523 Quibusdam
462 1458 569 1513 etenim
582 1457 748 1529 peremptis,
761 1461 789 1512 et
801 1457 920 1529 quibus·
973 1464 1051 1515 tatus
1067 1459 1251 1532 patriarchali
1268 1459 1402 1526 consilio,
1416 1463 1513 1514 motus
1529 1458 1616 1514 etiam
1633 1459 1736 1515 ardore
1748 1460 1801 1515 du-

98 1550 165 1605 dam
182 1566 233 1621 per
248 1550 388 1603 montana
403 1546 563 1618 dissipatis,
580 1546 676 1601 caeteri
693 1547 825 1618 vagando
841 1547 918 1601 ince-
973 1549 1051 1621 plici,
1069 1549 1257 1612 intrinsecus,
1273 1547 1364 1603 animi
1388 1547 1554 1603 anhelantis
1573 1548 1609 1603 ad
1624 1547 1797 1617 vindictam,

98 1639 209 1701 dentes
219 1638 281 1707 jam
295 1640 379 1691 noete
391 1635 467 1706 apud
479 1637 580 1691 Casum
593 1633 700 1690 bellam
712 1651 808 1705 regem
820 1634 918 1706 hospi·
973 1643 1001 1693 et
1016 1638 1205 1704 extrinsecus,
1224 1636 1360 1692 militaris
1384 1637 1473 1692 officii
1495 1635 1645 1692 incitantis
1660 1636 1696 1692 ad
1719 1636 1799 1692 mili·

97 1731 192 1784 tutum
205 1725 365 1781 inveniunt.
375 1723 447 1779 Huic
459 1723 535 1780 sicut
546 1724 588 1779 eis
603 1724 763 1794 contigerat
778 1723 917 1779 referunt.
933 1754 958 1824 B
973 1727 1056 1793 tiam,
1072 1727 1232 1799 praemissis
1256 1724 1501 1799 speculatoribus,
1519 1726 1554 1781 ud
1579 1724 1798 1798 insequendum

97 1816 139 1873 lbi
150 1815 269 1888 quidem
281 1831 329 1870 rex
339 1813 469 1869 hostium
481 1817 559 1868 certa
570 1812 679 1867 invenit
690 1812 807 1868 indicia.
819 1814 921 1868 Castra
973 1816 1039 1872 citis
1049 1816 1200 1888 gressibus
1211 1820 1239 1871 et
1250 1815 1391 1871 ordinatis
1403 1814 1521 1870 aciebus
1531 1815 1586 1871 iter
1597 1814 1730 1888 arripuit.
1743 1815 1798 1881 Oui

97 1905 203 1962 etenim
221 1907 345 1976 quatuor
360 1901 486 1957 millium
499 1900 625 1957 militum
641 1903 779 1974 patebant
794 1901 920 1958 recentia
974 1922 1041 1961 carm
1058 1905 1227 1960 nuntiorum
1244 1904 1336 1960 relatu
1353 1903 1546 1976 persensisset
1560 1920 1609 1959 eos
1624 1918 1689 1960 esse
1705 1920 1799 1961 remo·

97 1993 222 2050 mortuis
233 1990 402 2048 hominibus
414 1995 443 2046 et
453 1991 593 2046 membris
605 1990 789 2056 animalium,
801 2007 864 2062 quae
876 2007 921 2045 eo·
973 1999 1061 2062 tos,et
1072 2010 1216 2066 nusquam
1234 1997 1312 2049 certo
1328 1992 1390 2049 loco
1407 1982 1630 2065 pausantes,scd
1646 1992 1735 2048 citius
1751 2008 1798 2050 so·

97 2084 227 2139 mederet
241 2081 337 2137 adhuc
351 2079 476 2152 turpiter
489 2079 607 2135 inlecta.
621 2080 680 2135 Rex
695 2083 792 2134 autern
810 2078 857 2135 his
868 2096 918 2134 au·
973 2082 1051 2150 litos,
1066 2083 1150 2155 quusi
1169 2082 1273 2139 timore
1297 2081 1411 2138 subacti
1428 2083 1604 2154 equitantes,
1620 2098 1750 2154 suosque
1764 2099 1799 2138 en

97 2170 177 2239 ditis,
194 2170 344 2226 aestimans
359 2185 407 2225 eos
423 2184 509 2241 posse
525 2168 653 2239 assequi,
667 2174 698 2223 ut
713 2168 770 2236 ille,
782 2169 832 2240 qui
844 2185 920 2224 com-
972 2171 1075 2228 itincre
1088 2172 1224 2245 fatigatos
1239 2171 1449 2244 conspexisset,
1462 2170 1548 2226 laude
1563 2170 1632 2226 cleri
1647 2171 1799 2243 totiusque

97 2261 265 2335 patiebatur
285 2257 450 2331 preteritis
466 2256 659 2330 presentibus
682 2257 874 2330 interemptis,
892 2261 920 2313 et
973 2261 1085 2318 ordinis
1095 2265 1274 2331 senatorum,
1287 2259 1469 2316 considerata
1480 2259 1600 2329 ratione,
1614 2259 1798 2317 Antiochiam

98 2350 181 2421 cujus
193 2347 270 2420 Juris
292 2351 354 2403 erat
371 2346 445 2402 tueri
468 2346 604 2419 patriam,
621 2345 703 2401 valde
720 2347 917 2418 conqueritur,
973 2367 1106 2407 reversus
1121 2353 1175 2405 est,
1187 2349 1252 2415 Ubi,
1266 2349 1324 2405 Deo
1338 2352 1468 2417 evocante,
1486 2354 1514 2404 et
1530 2348 1623 2421 ipsius
1637 2348 1713 2404 dono
1729 2365 1798 2421 pro-

97 2455 164 2495 cum
180 2439 293 2511 ignoret
308 2453 366 2507 quo
380 2435 487 2491 certius
497 2452 546 2491 eos
561 2433 643 2506 sequi
659 2436 918 2507 potuisset,secum
974 2444 1081 2504 motus,
1096 2437 1277 2511 principatus
1288 2436 1459 2511 dignitatem
1471 2437 1725 2510 adeptusest,jure
1735 2438 1800 2510 qui-

96 2532 195 2585 tameu
212 2529 327 2598 reputat
342 2523 446 2580 utilius
461 2523 642 2579 Antiochiam
657 2524 746 2591 adire,
763 2541 852 2580 causa
867 2542 918 2598 ge·
974 2529 1050 2584 dem.
1065 2528 1158 2599 Hujus
1171 2526 1279 2583 etenim
1291 2543 1390 2596 mauu,
1403 2525 1501 2581 divina
1511 2525 1703 2598 providentis,
1719 2528 1799 2582 eires

96 2616 186 2683 mina,
197 2614 331 2671 videlicet
346 2617 378 2668 ut
391 2618 419 2669 et
431 2611 576 2669 desolatos
590 2611 746 2668 Antiochia
762 2612 918 2680 consolari,
973 2617 1129 2682 moenibuS,
1145 2621 1174 2672 et
1189 2617 1291 2672 urbem
1307 2615 1428 2682 civibus,
1440 2614 1548 2687 quibus
1564 2613 1704 2670 destituta
1719 2618 1799 2672 sorte

96 2705 169 2762 etihi
177 2703 285 2760 auditis
294 2703 471 2770 rumoribus,
479 2708 673 2773 sumptocum
683 2702 920 2774 patriarchacon·
973 2705 1139 2762 miserrima
1162 2705 1268 2770 suerat,
1286 2704 1405 2760 reddere
1430 2704 1550 2760 curavit.
1568 2702 1727 2759 Eventilata
1742 2703 1798 2760 ita-

97 2794 173 2861 silio,
185 2793 284 2849 hostes
294 2792 377 2864 sequi
387 2789 489 2847 valeat.
503 2791 621 2846 Interim
633 2790 689 2847 tria
699 2790 792 2845 millia
802 2791 845 2846 val
857 2791 919 2862 plu·
973 2811 1029 2867 que
1044 2811 1132 2850 causa
1147 2810 1199 2865 pro
1215 2791 1380 2848 imminenti
1397 2791 1511 2864 negotio
1535 2791 1712 2858 necessaria,
1727 2809 1798 2848 cum

97 2901 143 2940 res
158 2886 242 2939 noete
257 2883 293 2937 ud
309 2886 424 2954 portum
442 2879 538 2936 Sancti
556 2880 700 2935 Simeonis
717 2880 847 2951 protecti,
864 2897 918 2934 au·
973 2884 1071 2940 hostes
1087 2882 1147 2938 sint
1161 2881 1270 2954 copiosi
1285 2881 1508 2953 fortes,sintque
1524 2884 1656 2953 potentes
1671 2879 1701 2935 in
1713 2881 1799 2938 mali·

97 2990 162 3030 rora
177 2974 335 3045 apparente
350 2969 447 3026 subito
468 2972 619 3041 soporatos
634 2974 841 3040 percusserunt
856 2967 918 3040 glu-
972 2973 1023 3033 tia,
1041 2971 1206 3044 patriarcha
1230 2974 1259 3026 et
1284 2970 1354 3025 ordo
1382 2967 1535 3038 clericalis,
1551 2971 1637 3041 quus
1657 2968 1735 3040 juris
1751 2973 1798 3026 est

96 3062 163 3129 dio,
179 3059 273 3116 crateri
296 3076 362 3137 vero
386 3061 540 3114 evaserunt
564 3056 689 3129 navigio.
707 3057 791 3129 lmpii
808 3061 916 3123 autem,
972 3064 1049 3117 bona
1064 3077 1190 3127 mouere,
1213 3059 1306 3115 lacere
1325 3062 1353 3113 et
1369 3057 1524 3125 decerevi
1540 3056 1797 3113 interiorishorni·

96 3150 249 3207 hominum
260 3147 421 3205 etaliarum
433 3164 530 3202 rerum
543 3147 670 3218 praedam
682 3127 953 3218 colligentesperC
973 3152 1020 3207 nis
1036 3148 1158 3215 suffulti,
1175 3148 1314 3220 inquiunt
1334 3147 1460 3219 perfidos
1476 3151 1504 3203 et
1519 3145 1684 3204 incredulos
1700 3162 1734 3202 ex
1750 3147 1797 3203 t'a-

96 3240 220 3312 abrupta
246 3237 389 3293 montium
414 3234 515 3308 elapsi,
526 3239 610 3291 'moto
624 3235 686 3305 jum
703 3235 763 3290 sole
779 3235 916 3291 horarum
972 3239 1019 3295 cili
1032 3255 1117 3312 posse
1132 3237 1207 3293 lleeti
1220 3240 1249 3292 et
1263 3235 1418 3308 prosterni,
1430 3233 1518 3290 ctiam
1534 3250 1694 3307 paucorum
1711 3235 1797 3291 Chri·

96 3330 220 3385 duarum
237 3327 340 3398 spatio,
359 3342 415 3381 non
432 3324 517 3397 longe
532 3324 568 3379 ab
585 3323 734 3379 Antiochia
752 3325 855 3379 erectis
870 3341 918 3380 ve·
972 3326 1142 3385 sticolarum
1160 3325 1307 3390 manibus,
1319 3325 1354 3392 si,
1367 3340 1433 3379 vera
1444 3323 1562 3394 justitia
1576 3340 1642 3378 eum
1654 3323 1697 3380 eis
1707 3325 1798 3379 comi·

94 3417 172 3473 xillis
188 3420 396 3488 apparuerunt.
414 3412 495 3467 Unde
508 3412 578 3467 visis
593 3412 739 3477 hostibus.
756 3413 841 3467 sicuti
855 3429 918 3468 mos
972 3421 1061 3483 tante,
1074 3415 1202 3489 legitime
1217 3411 1419 3486 pugnaverint,
1431 3416 1459 3466 et
1472 3416 1502 3467 ut
1512 3412 1565 3468 hoc
1577 3413 1638 3483 fiat,
1649 3418 1734 3469 reret
1744 3428 1797 3468 ere-

94 3504 248 3561 hemiuum
260 3503 358 3576 exigit,
369 3501 558 3556 circumcirca
569 3499 850 3557 uleururuumeusus
861 3500 918 3556 uri·
971 3506 1036 3574 teri,
1054 3522 1150 3560 mores
1166 3504 1309 3575 corrigere
1324 3501 1430 3557 horum
1446 3500 1579 3568 consilio,
1590 3504 1619 3556 et
1630 3500 1696 3556 aliis
1712 3501 1800 3557 bonis

94 3598 152 3651 tur.
168 3592 309 3657 Quocirca
319 3590 413 3646 clerus
428 3595 457 3646 et
472 3588 591 3658 rniliteS,
608 3589 657 3660 qui
675 3589 710 3645 de
726 3588 801 3645 bello
820 3590 917 3646 Antio·
971 3594 1123 3667 invigilare
1139 3595 1286 3666 satagunt.
1297 3592 1412 3647 Statuto
1422 3590 1520 3662 itaque
1529 3589 1662 3656 consilio,
1673 3589 1703 3645 in
1715 3590 1801 3646 curia

95 3683 192 3739 chiam
206 3684 355 3747 venerunt,
368 3678 493 3745 etuives,
504 3682 532 3733 ei
544 3682 687 3750 quotquot
697 3681 823 3747 inerunt,
837 3696 918 3734 sum-
972 3683 1047 3740 beati
1065 3682 1141 3738 Petri
1165 3680 1277 3736 rat-ione
1300 3679 1517 3752 pernecessaria
1541 3680 1691 3734 decretum
1708 3681 1802 3734 estut

95 3770 154 3844 ptis
171 3770 261 3826 armis
277 3769 359 3842 quasi
376 3766 534 3842 pugnaturi
550 3771 666 3834 exeunt,
680 3771 707 3822 ct
723 3769 822 3823 statim
835 3785 920 3840 quesn
972 3789 1031 3840 rex,
1049 3772 1095 3827 eui
1111 3787 1212 3843 aequus
1229 3773 1257 3824 et
1272 3785 1408 3823 summus
1433 3767 1552 3823 Arbiter
1576 3769 1634 3822 lere
1648 3782 1735 3823 omne
1751 3783 1802 3824 re·

95 3860 163 3916 dam
179 3876 214 3915 ex
228 3859 275 3914 his
290 3857 319 3912 in
336 3857 436 3913 hostes
458 3856 590 3928 dirigunt
611 3859 793 3912 scrutaturos
809 3860 919 3929 quauta
972 3878 1064 3934 gnum
1080 3857 1265 3916 orientalium
1289 3856 1531 3913 Christicolarum
1548 3855 1728 3925 subdiderat,
1746 3872 1802 3928 pro

95 3949 184 4006 luerit
199 3964 266 4021 pers
283 3952 311 4003 et
325 3947 369 4002 vis
382 3945 500 4002 iliorum
522 3943 663 4007 huetium·
680 3945 806 4018 Conligit
821 3951 918 4001 eutem
973 3951 1078 4007 affectu
1091 3946 1213 4019 justitie
1229 3951 1257 4002 et
1273 3961 1324 4018 pro
1341 3945 1490 4000 communi
1512 3942 1638 3999 utilitate
1653 3942 1713 3999 lilio
1729 3944 1801 4000 Bne-

95 4056 129 4096 ex
142 4037 200 4093 illis
215 4036 325 4104 missis,
343 4036 416 4092 duos
434 4035 462 4089 in
478 4033 590 4106 campis
612 4032 726 4106 perimi,
743 4037 771 4088 et
788 4039 917 4101 cataroe,
974 4037 1181 4108 mundi,cujus
1189 4033 1552 4108 juriserat,principatum
1564 4032 1721 4089 Antiochiae
1731 4042 1801 4090 cum

96 4130 208 4200 impetu
235 4124 366 4182 hostium
392 4122 545 4194 impulsos,
562 4122 693 4178 celeriter
717 4123 841 4195 regredi.
858 4126 919 4190 Quo
974 4128 1035 4184 fllia
1058 4144 1111 4182 sua
1135 4126 1272 4192 traderet,
1287 4124 1311 4179 si
1336 4122 1424 4178 ctiam
1454 4123 1609 4188 ducturus,
1626 4125 1655 4176 et
1679 4125 1800 4190 terram,

96 4216 167 4283 vise,
184 4216 275 4271 nostri
301 4231 359 4269 non
383 4212 468 4285 louge
491 4212 526 4266 ub
543 4211 613 4266 urbe
633 4210 841 4283 prestolantes,
859 4212 920 4267 visa
975 4217 1166 4292 principatus,
1182 4213 1276 4287 ipsius
1292 4211 1413 4269 consilio
1433 4215 1462 4267 et
1482 4211 1590 4267 auxilio
1614 4213 1806 4283 protecturus·

100 4303 205 4360 inermi
230 4303 314 4376 plebe
330 4301 458 4375 fugiente
474 4317 537 4372 qun
553 4317 619 4355 cuni
639 4299 712 4372 ipsis
729 4301 810 4369 iuret,
826 4317 920 4372 cuupe-
975 4304 1132 4363 adveniret.
1150 4305 1208 4359 Hoc
1223 4302 1311 4358 etiam
1332 4300 1515 4358 considerato
1539 4300 1739 4357 moderamme
1749 4301 1803 4373 ju·

97 4398 165 4450 runt
181 4393 287 4449 moveri
303 4397 332 4448 et
347 4389 473 4455 titillare,
490 4390 546 4444 Nec
563 4405 644 4444 mora
660 4405 666 4442 :
684 4388 782 4443 hostes
807 4387 856 4461 qui
876 4406 920 4445 se·
976 4396 1073 4461 stitia,
1091 4396 1240 4451 decretum
1264 4395 1309 4448 est
1333 4396 1366 4447 ut
1382 4390 1424 4447 illi
1439 4391 1489 4463 qui
1505 4390 1534 4446 in
1550 4396 1629 4447 terra
1644 4389 1749 4458 aliena,
1768 4396 1808 4447 ex'

98 4484 263 4555 quubuniur
279 4482 399 4554 primus,
416 4496 471 4534 11⁰⁰
499 4477 619 4533 ieiuniis
643 4475 723 4563 iuris,
741 4477 791 4533 sud
812 4478 921 4550 pressis
936 4497 959 4561 Ι)
975 4486 1051 4540 dono
1067 4482 1265 4546 dominorum,
1277 4477 1421 4551 multique
1437 4477 1623 4534 contumeliis
1637 4481 1666 4533 et
1680 4478 1800 4533 terrori·

98 4571 181 4643 equis
191 4569 366 4637 calcaribus,
379 4567 467 4624 simul
479 4567 508 4621 in
520 4570 636 4621 nostros
652 4563 778 4632 irruunt,
791 4567 832 4622 ita
842 4567 920 4638 quod
975 4573 1041 4640 bus,
1054 4569 1194 4627 effusione
1204 4568 1292 4625 etiam
1303 4567 1456 4640 sanguinis
1467 4566 1512 4623 sui
1524 4572 1552 4623 et
1562 4570 1718 4640 pareutum
1737 4582 1805 4623 suo·

99 4660 242 4730 quosdam
259 4658 346 4714 etiarn
361 4657 497 4714 loricatos
513 4655 543 4711 in
559 4654 679 4710 flumine
695 4655 786 4728 mergi
801 4654 921 4724 ssciuut,
978 4678 1055 4727 rum,
1067 4661 1096 4715 in
1108 4656 1275 4714 defensione
1290 4654 1521 4714 Christianitatis
1536 4660 1629 4712 terras
1639 4659 1668 4710 et
1678 4654 1808 4711 honores

99 4752 276 4820 ceterosque
292 4747 404 4804 mistim
421 4744 621 4819 percutiendo,
639 4761 731 4816 usque
747 4761 836 4816 super
851 4762 922 4818 pon·
978 4744 1189 4819 acquisierunt,
1206 4741 1288 4798 nulla
1303 4742 1464 4798 mutatione
1479 4742 1652 4798 Christiano
1667 4741 1806 4797 domina·

100 4840 158 4891 tem
170 4837 283 4909 insequi
298 4853 355 4892 non
367 4835 519 4891 desistant.
534 4832 640 4905 Exque
652 4833 761 4905 impetu
773 4836 807 4888 37
823 4850 857 4888 ex
871 4850 923 4889 no·

101 4925 168 4980 slris
180 4925 321 4998 perempti
335 4929 412 4981 sunt.
427 4922 523 4978 Nostri
536 4921 674 4976 tamenin
687 4927 774 4994 ponte
791 4922 926 4978 resisten-

100 5018 154 5081 tes,
171 5014 302 5070 dimissis
317 5012 401 5084 equis
416 5016 444 5068 et
460 5011 596 5066 extractis
607 5010 738 5076 ensibus,
748 5011 924 5082 pedetentim

100 5103 177 5158 vires
188 5102 372 5164 resumendo,
386 5101 483 5156 hostes
492 5097 654 5155 eliminant.
667 5098 814 5154 Etiminati
828 5101 925 5173 itaque

102 5208 135 5247 uc
151 5192 262 5246 caeteris
278 5189 383 5262 praedis
399 5189 508 5244 onerati
540 5187 628 5242 simul
653 5187 830 5254 incedentes,
849 5189 926 5244 ultra

102 5280 263 5334 Carbanum
294 5277 369 5332 inter
393 5277 467 5331 duas
492 5292 584 5347 aquas
606 5275 756 5348 paulisper
779 5278 925 5334 accubue-

104 5372 183 5422 runt.

423 5451 541 5510 CAPUT
561 5452 607 5509 Xl.

140 5544 198 5607 Nec
212 5542 305 5601 multo
320 5547 387 5617 post
399 5544 483 5602 adest
497 5541 658 5602 balduinus
673 5558 722 5599 rex
735 5547 926 5613 memoratus,

977 4835 1065 4891 tionis
1076 4831 1177 4888 hahita
1191 4835 1220 4886 et
1235 4847 1371 4903 possessu
1385 4831 1562 4897 amitterent,
1575 4828 1705 4900 sedjure
1714 4829 1806 4886 here·

978 4921 1083 4978 ditario
1100 4920 1292 4993 possiderent.
1304 4921 1395 4991 quue
1405 4919 1501 4976 verbis
1511 4921 1539 4975 et
1549 4933 1638 4973 manu
1650 4918 1806 4989 regissuu·

978 5011 1069 5067 citum
1083 5013 1112 5065 et
1127 5008 1331 5064 confirmatum
1347 5007 1468 5064 exstitit.

1294 5105 1411 5162 CAPUT
1430 5105 1490 5160 Xll.

1015 5187 1065 5243 llis
1081 5185 1216 5259 peractis,
1234 5201 1283 5241 ren
1307 5185 1464 5242 Antiochia
1489 5185 1616 5242 existens
1631 5184 1668 5239 de
1684 5184 1811 5241 remotis·

980 5276 1123 5351 partibus,
1138 5279 1167 5330 et
1187 5273 1340 5346 proximis,
1356 5278 1384 5330 et
1410 5275 1605 5348 undecunque
1628 5275 1735 5345 potest,
1751 5289 1809 5330 no*-

980 5366 1059 5421 mine
1074 5363 1141 5420 helii
1157 5367 1273 5437 gentem
1288 5362 1431 5419 citissime
1442 5365 1615 5436 congregat3
1626 5377 1716 5433 seque
1726 5371 1809 5419 suus·

981 5470 1038 5527 que
1054 5453 1145 5509 armis
1160 5451 1284 5521 bellicis,
1301 5456 1462 5524 ceteroque
1479 5451 1583 5508 bellice
1605 5452 1759 5523 apparatu,
1776 5456 1812 5507 ut

982 5542 1102 5599 decebat
1124 5556 1233 5615 regern,
1248 5539 1363 5597 munire
1386 5540 1502 5614 satagit.
1519 5540 1578 5598 lloe
1594 5537 1695 5595 audito
1710 5538 1810 5613 Aigeai
