3816 6006
63 261 124 326 ult
565 266 675 331 astu.
698 266 749 329 DC
772 265 913 334 sottus
933 266 1039 339 HlS'F.
1060 269 1267 338 blenosco.
1705 276 1765 340 ert

63 395 98 449 tot
119 393 170 451 ille
193 395 267 452 dixit
282 413 289 452 :
307 396 466 467 Cuiusmodi
490 398 659 454 Christiani?
684 399 716 454 tlt
739 400 884 469 sacerdos,
899 400 930 469 Α
946 400 1068 457 tationes
1084 419 1135 474 par
1149 404 1252 460 iratres
1268 407 1427 473 nostros,et
1441 405 1558 478 signum
1579 406 1609 462 in
1624 408 1695 465 caelo
1710 410 1767 465 mi·

61 485 119 554 Qui
131 483 246 541 medum
261 485 400 542 Christum
421 487 454 542 de
480 488 593 559 Vispine
615 497 751 557 autsimul
764 490 795 544 iu
810 505 888 545 cruce
942 488 1032 546 rabile
1047 490 1186 548 vidimus.
1203 493 1276 548 Nam
1303 493 1389 549 stella
1408 495 1541 566 quiedam
1561 496 1698 563 maxime,
1714 515 1767 569 per

59 589 184 644 passum,
199 581 348 643 mortuum,
359 576 555 648 ot·scpultum,·
570 585 597 632 et
609 580 792 634 resumenisse
807 581 888 634 tertia
941 584 1056 634 noctem
1072 597 1160 652 super
1170 580 1315 637 civitatem
1327 582 1485 655 stetitque
1497 588 1563 656 post
1572 584 1724 656 paululum
1736 585 1766 642 in

60 660 201 734 dicetque
215 665 246 718 iu
260 664 358 720 calum
381 664 541 722 ascendisse.
559 665 591 720 m
615 666 688 721 dixit
710 666 755 721 vir
768 667 817 723 ille
834 669 888 723 :Et
942 672 1001 723 tres
1018 671 1114 739 parles
1129 669 1223 725 divisa
1237 674 1382 743 astatque
1394 670 1423 726 in
1438 672 1598 727 Tuscorum
1615 675 1768 744 partesea-

60 751 87 805 si
101 748 255 808 Christiani
267 761 341 834 suut,
357 770 407 809 ccsr
430 770 602 827 papanomm
624 756 829 812 multitudinem
842 772 887 812 ue·
942 755 1021 811 cidit.
1038 756 1197 812 Conlortnti
1221 757 1311 829 igitur
1335 757 1551 830 aliquantulum
1567 759 1672 826 nostri,
1687 759 1766 816 diem

59 839 182 895 rentur?
197 840 231 896 Dl
243 841 370 898 addidit:
383 843 546 914 Apnoscisnc
561 844 624 900 use?
638 844 671 899 Ft
681 846 832 918 presbyter
845 862 888 901 re-
942 844 1089 916 quintum,
1106 861 1192 917 quem
1209 846 1380 918 praedixerat
1390 847 1536 914 sacerdos,
1548 848 1766 920 exspectabant.

62 926 183 1000 spondit
199 944 206 985 :
221 929 282 986 Non
295 946 410 1003 aquosae
425 939 459 999 tc,
474 932 593 1000 domine,
604 934 661 988 nisi
676 933 746 1005 quod
757 935 887 1006 pulcher·
942 933 993 988 Die
1009 938 1106 990 autern
1122 933 1363 1006 slia,prceparatis
1379 935 1633 1001 necessariis,cum
1648 935 1768 994 homine

61 1032 166 1073 nmum
187 1021 312 1074 omnium
325 1019 401 1076 uideo
421 1029 455 1078 lc.
473 1021 506 1076 m
528 1021 570 1077 ait
591 1022 654 1076 vir:
671 1023 888 1096 Dilipentissime
942 1021 1002 1090 illo,
1019 1023 1068 1095 qui
1085 1024 1119 1079 de
1135 1024 1235 1079 lancea
1250 1022 1370 1091 dixerat,
1383 1023 1484 1095 ejectis
1498 1024 1535 1079 de
1550 1023 1672 1080 ecclesia
1687 1024 1767 1082 Beati

61 1107 172 1162 intuere
183 1123 236 1164 mc.
252 1108 385 1181 Cumque
400 1109 430 1164 in
450 1126 518 1166 eum
533 1109 741 1184 perspicaciter
754 1112 888 1168 sacerdo·
943 1112 1018 1167 Petri
1034 1112 1172 1170 omnibus
1183 1112 1259 1179 aliis,
1272 1113 1368 1169 ludere
1379 1112 1530 1185 carpimus.
1543 1112 1609 1169 Fuit
1622 1117 1721 1170 autem
1736 1114 1768 1170 in

62 1195 117 1251 dos
131 1194 306 1267 intenderet.
321 1197 357 1253 de
371 1197 466 1271 capite
478 1200 553 1272 ejus,
570 1199 697 1272 speciem
717 1200 813 1257 crucis
829 1200 889 1257 sole
943 1200 1001 1257 illis
1018 1201 1171 1258 duodecim
1187 1201 1426 1274 viris,episcopus
1440 1200 1690 1270 bernaicensium
1700 1202 1767 1258 thai-

63 1283 158 1340 mutto
173 1283 326 1341 clariorem
343 1287 500 1359 procedere
523 1286 605 1344 vidit.
623 1289 656 1344 Ft
677 1289 718 1345 ait
739 1290 890 1362 presbyter
944 1291 1073 1346 mundus
1097 1289 1213 1346 comitis
1237 1290 1416 1363 capellanus,
1437 1290 1487 1363 qui
1513 1290 1574 1346 hac
1596 1289 1725 1363 scripsit,
1739 1295 1770 1348 et

61 1372 124 1428 siro
139 1371 332 1448 interroganti
356 1375 391 1432 de
414 1391 446 1432 se
463 1377 607 1444 :Domina
623 1380 757 1450 imapincs
780 1380 891 1436 Domini
944 1378 1007 1449 ipse
1023 1395 1129 1445 comes,
1141 1383 1169 1434 et
1184 1378 1303 1435 Pontius
1319 1380 1354 1435 de
1370 1379 1561 1446 Deludun0,et
1576 1378 1716 1436 Faraldus
1732 1380 1769 1436 da

62 1462 228 1519 nostrilcsn
252 1464 355 1520 Christi
377 1481 434 1521 assa
460 1466 586 1532 dicimus,
611 1483 674 1539 quae
696 1467 815 1524 similem
840 1468 891 1523 tihi
945 1465 1063 1522 icart.
1080 1468 1212 1540 Cumque
1236 1483 1322 1523 manc
1346 1483 1439 1539 usque
1454 1469 1489 1523 sd
1504 1485 1660 1540 vesperum
1675 1466 1768 1524 lodis·

62 1552 180 1624 speciem
191 1554 355 1626 preferrent.
373 1554 488 1609 Fidixit
499 1554 541 1611 illi
555 1556 699 1612 Dominus
715 1573 721 1610 :
740 1556 892 1612 Benedici·
945 1560 1021 1622 sent,
1034 1555 1062 1610 in
1079 1573 1196 1628 vespere
1212 1557 1333 1630 quidem
1348 1558 1384 1613 de
1408 1557 1574 1613 inventione
1597 1557 1704 1613 lancee
1720 1557 1769 1615 de·

61 1642 108 1705 sti,
124 1640 192 1714 quia
215 1656 263 1713 epo
284 1659 356 1698 sum.
371 1643 466 1699 Nonne
482 1645 616 1716 scriplum
636 1654 676 1701 est
701 1645 733 1701 de
757 1662 801 1700 mc
825 1647 892 1716 quia
946 1659 1062 1714 sperare
1078 1650 1234 1716 ceperunt.
1248 1644 1429 1702 Discesserat
1447 1645 1524 1701 eniin
1540 1661 1638 1702 comes
1653 1650 1771 1718 propter

62 1746 126 1785 sum
141 1750 156 1781 a
173 1731 308 1787 Dumium
326 1733 407 1803 fortis
430 1739 457 1788 ct
476 1741 592 1804 potcus3
608 1735 739 1789 Dominus
752 1741 847 1806 potens
861 1736 892 1789 in
906 1766 931 1834 B
947 1730 1058 1788 castelli
1074 1734 1258 1801 custodiam3
1275 1734 1325 1789 sed
1352 1734 1414 1789 loco
1430 1732 1509 1790 illius
1524 1738 1553 1789 et
1568 1733 1704 1802 aliorum,
1719 1734 1770 1806 qui

61 1818 184 1890 praelic?
199 1839 213 1868 n
237 1820 322 1888 (Psal.
347 1836 426 1885 xxiia,
443 1823 483 1890 8.)
506 1822 539 1877 Et
562 1823 623 1894 quis
644 1831 682 1878 est
708 1823 838 1878 Dominus
861 1824 892 1878 in
947 1822 1082 1877 fodiendo
1099 1822 1387 1894 t'atigabantur,alioa
1403 1827 1532 1879 recentes
1546 1821 1770 1893 inducebamus,

63 1908 424 1982 mctctmspondtt
439 1911 613 1982 presbyter:
629 1912 751 1976 Domine,
767 1928 822 1967 non
837 1913 893 1982 suit
947 1910 996 1982 qui
1013 1909 1134 1965 viriliter
1147 1911 1227 1983 operi
1243 1910 1534 1967 insisterent.Videns
1547 1915 1645 1968 autem
1653 1911 1772 1984 juvenis

64 1997 106 2052 ibi
119 2013 194 2052 unus
216 1998 289 2053 solus
312 1999 444 2054 Dominus
459 2015 591 2071 unquam,
607 1999 756 2071 cedmapis
770 2003 892 2073 episcopo
947 2000 998 2071 qui
1014 2001 1049 2055 de
1065 1999 1167 2055 lancea
1181 2001 1368 2069 dixeratnos
1384 1999 1548 2072 defatigari,
1565 1999 1773 2068 discinctus,ct

65 2085 190 2142 creduut.
208 2086 241 2142 Dt
256 2087 329 2143 dixit
343 2088 486 2144 Dominus
503 2107 511 2142 :
526 2090 590 2145 llaec
603 2089 674 2145 dices
684 2092 806 2161 episcopa
820 2093 892 2148 :Pe
947 2088 1129 2143 discalceatis
1146 2089 1268 2160 pedibus
1283 2088 1312 2143 in
1328 2088 1450 2144 camisia
1474 2089 1504 2143 in
1521 2088 1633 2144 foveam
1654 2088 1773 2145 descen·

63 2177 149 2248 putus
164 2177 216 2232 iste
229 2176 302 2232 mala
316 2177 421 2246 apendc
434 2193 478 2233 ma
490 2178 627 2246 cuneavit
641 2196 658 2233 a
671 2195 709 2242 sa,
725 2187 751 2234 ct
776 2180 834 2234 ideo
850 2180 893 2234 di·
948 2178 992 2232 dit
1004 2195 1010 2243 ;
1028 2181 1114 2249 etque
1130 2177 1294 2233 obtestatus
1318 2182 1363 2233 est
1378 2195 1431 2233 nos
1446 2181 1478 2231 ut
1493 2177 1585 2232 Deum
1602 2177 1772 2249 deprecare·

65 2267 161 2321 casem
176 2283 186 2322 :
202 2264 267 2320 Hace
281 2264 352 2321 dicit
367 2265 519 2331 Dominus,
537 2267 735 2323 Conuerlimini
755 2269 790 2324 ad
811 2285 854 2324 me
868 2276 895 2324 ct
948 2283 1024 2332 mur,
1042 2272 1189 2337 quatenus
1213 2267 1297 2322 nobis
1323 2265 1455 2322 lanceam
1481 2283 1566 2323 suem
1581 2264 1724 2334 redderet,
1742 2265 1773 2321 in

65 2369 115 2422 cqc
129 2359 254 2409 rmcrtur
264 2352 300 2409 ad
312 2369 367 2410 vos.
378 2353 491 2410 Ficum
502 2370 632 2427 pugnam
643 2355 874 2425 inierint,dicant
884 2375 894 2413 .·
948 2354 1190 2410 confortationem
1205 2359 1234 2410 et
1256 2354 1407 2411 victoriam
1431 2371 1490 2410 succ
1515 2352 1619 2426 plebis.
1641 2353 1773 2409 Tandem

68 2443 232 2514 mapali
252 2451 317 2498 sunt
340 2443 452 2498 inimici
463 2446 569 2509 nestri,-
584 2451 609 2499 et
622 2445 779 2515 plantantur
793 2448 821 2502 in
837 2448 894 2502 uir-
949 2458 1000 2514 per
1014 2443 1139 2514 gratiam
1155 2461 1214 2498 suae
1225 2443 1342 2516 pietatis
1352 2442 1550 2500 commonitus
1561 2442 1705 2499 Dominus
1713 2442 1775 2498 lan·

66 2538 122 2588 nu
135 2547 199 2597 sua,
225 2540 333 2588 conmre
355 2532 548 2603 fortitudinem
570 2534 694 2600 illorum,
720 2537 844 2600 Domina,
869 2543 894 2591 ct
949 2548 1029 2587 ceam
1046 2549 1130 2588 sunm
1146 2532 1231 2588 nobis
1246 2532 1382 2608 ostendit.
1398 2533 1433 2586 Et
1447 2547 1500 2603 ego
1516 2530 1566 2603 qui
1581 2529 1642 2586 hec
1656 2529 1773 2604 scripsi,

66 2620 191 2692 dcspsrpe
202 2620 275 2685 illas,
292 2622 358 2691 quia
381 2637 436 2676 non
462 2629 502 2677 est
517 2623 591 2678 alius
605 2625 654 2695 qui
665 2632 768 2695 mtpnet
779 2641 830 2696 pro
844 2640 894 2680 no·
949 2637 1016 2675 oum
1033 2620 1113 2675 solus
1129 2637 1240 2687 mucro,
1257 2620 1354 2675 adhuc
1377 2623 1531 2692 appareret
1551 2622 1772 2692 superterram,

67 2709 120 2773 tis,
136 2710 197 2765 nasi
219 2717 249 2766 tu
273 2710 343 2766 Deus
366 2710 602 2768 metientibus
627 2729 743 2785 quoque
763 2712 843 2768 dices
858 2712 894 2769 ad
949 2706 1773 2781 osculatussumeum.0uantumgaudiumetexsultatio

66 2814 116 2854 eos
133 2817 142 2853 s
156 2800 192 2856 Si
202 2800 333 2871 feceritis,
348 2815 412 2872 ques
435 2816 482 2872 epo
504 2803 638 2873 praecipic
659 2803 745 2866 uehis
763 2819 847 2876 usque
861 2801 896 2858 ad
949 2802 1020 2853 lune
1036 2797 1182 2854 civitatem
1196 2796 1387 2871 replevit,non
1404 2813 1525 2868 possum
1541 2796 1646 2853 dicere.
1657 2796 1775 2854 Inventa

66 2890 191 2960 quinque
213 2888 282 2956 dics,
305 2891 390 2945 uestri
402 2890 559 2947 miserebor.
587 2892 651 2946 tissa
676 2894 774 2947 autem
796 2909 829 2947 eo
851 2891 895 2946 di·
950 2889 994 2942 est
1009 2890 1106 2941 eutem
1121 2886 1333 2943 lanceaootnvo
1348 2885 1461 2940 decimo
1477 2883 1598 2941 Kalend.
1612 2883 1695 2941 tulii.

67 2981 162 3046 rente,
178 2976 287 3034 mulier
310 2979 444 3051 quadam
467 2995 557 3051 supra
581 2979 702 3035 modum
721 2979 895 3035 inflammati
1257 2973 1373 3029 CAPUT
1390 2972 1462 3029 XVI·

66 3064 171 3121 vuitus
187 3066 320 3121 accessit.
338 3067 371 3121 m
385 3067 491 3122 intuita
505 3067 673 3135 Dominum,
690 3067 763 3123 dixit
777 3067 804 3124 ei
821 3085 827 3122 :
843 3071 895 3125 Do·
986 3063 1194 3119 Secundavero
1206 3066 1289 3118 noctc
1301 3061 1394 3117 astilit
1404 3063 1508 3117 beatus
1518 3062 1648 3118 Andreas
1659 3061 1773 3134 juveni,

67 3153 259 3225 minc,clquid
269 3153 334 3209 huic
346 3157 407 3211 uiro
421 3156 533 3211 dicitis?
547 3161 576 3211 et
590 3156 732 3213 Dominus
743 3159 778 3213 ed
792 3157 873 3214 illam
887 3176 893 3213 :
910 3133 933 3200 c
952 3169 1105 3226 perquem
1129 3151 1213 3207 uobis
1236 3151 1367 3207 lanceam
1393 3151 1568 3219 reddiderat,
1585 3155 1614 3207 et
1637 3150 1711 3206 dixit
1722 3151 1749 3207 ei
1764 3167 1772 3208 t

67 3244 294 3314 Dominamquaerc
308 3243 381 3300 uteo
396 3243 429 3299 dc
442 3245 494 3299 hac
506 3253 593 3316 pente,
610 3261 674 3317 qum
688 3247 837 3304 incivitate
851 3250 895 3304 in·
950 3244 1015 3298 Ecce
1037 3243 1107 3297 Deus
1131 3241 1243 3295 dominil
1264 3241 1358 3296 cerriti
1381 3239 1451 3311 quod
1474 3241 1548 3295 nulli
1574 3240 1629 3295 alii
1652 3255 1775 3312 unquam

67 3347 163 3402 pressa
176 3338 226 3398 est,
241 3345 305 3403 quae
317 3332 364 3389 sit.
383 3331 416 3386 Ft
440 3332 481 3387 eit
504 3332 651 3389 Domina:
669 3334 689 3390 0
710 3337 827 3391 Domine
844 3339 894 3406 mi,
950 3332 1052 3388 donare
1075 3331 1208 3397 votuitet
1235 3331 1375 3385 amutiluit
1398 3345 1460 3384 eum
1483 3328 1672 3401 vexilliferum
1695 3329 1775 3385 istius

68 3420 100 3475 hi
112 3428 180 3476 sunt
191 3435 242 3492 pre
263 3420 362 3492 quihus
387 3436 433 3492 epo
448 3428 557 3477 tantum
572 3431 597 3478 te
612 3439 685 3494 rapa.
703 3421 834 3498 Cumque
849 3443 896 3483 sa·
949 3422 1084 3476 exercitas
1111 3420 1137 3474 si
1160 3418 1270 3490 quidem
1294 3420 1507 3490 perseveraverit
1531 3420 1562 3473 in
1585 3432 1679 3474 amere
1703 3418 1774 3490 ejus.

69 3508 176 3566 cardos
191 3524 280 3565 suum
291 3508 405 3565 socium
418 3509 468 3580 qni
479 3526 569 3583 prope
580 3511 744 3568 dormiebat
754 3513 894 3585 pulsaret,
950 3511 1082 3580 Cumque
1093 3508 1130 3564 ab
1143 3524 1176 3563 eo
1192 3506 1423 3564 misericordiam
1434 3524 1486 3581 pro
1497 3502 1776 3581 populupostularct

68 3601 102 3652 ut
116 3600 205 3653 muta
222 3594 344 3653 visionis
359 3599 463 3652 testem
474 3596 744 3669 haberepotuisset,
757 3601 792 3656 ab
804 3600 896 3657 oculis
946 3597 1073 3668 juvenis,
1089 3597 1238 3668 teSPOHdit
1260 3594 1286 3650 Θῑ
1310 3599 1430 3651 sancius
1448 3596 1581 3652 Assdtetss
1595 3595 1666 3668 quad
1679 3612 1776 3654 'ivm

67 3687 134 3758 ejus
148 3684 258 3742 sublati
273 3685 441 3742 sunttttane
456 3691 555 3742 autem
571 3687 646 3743 iacto
661 3687 691 3742 in
707 3694 837 3745 montem
854 3707 897 3746 sn·
949 3688 1080 3742 Dominus
1094 3688 1269 3741 muneretur
1281 3684 1378 3756 populi
1391 3685 1445 3739 sui.
1461 3685 1496 3739 nt
1510 3701 1613 3741 rursus
1623 3700 1776 3758 cumques-

67 3774 172 3831 cardos
186 3773 329 3842 ascendit,
347 3774 397 3829 ubi
420 3774 569 3848 principes
585 3776 678 3831 nostri
695 3779 895 3847 morabuntur,
950 3779 1026 3830 reret
1037 3774 1072 3829 eb
1087 3774 1189 3829 codem
1205 3773 1240 3828 de
1255 3771 1333 3828 socio
1348 3788 1401 3828 suo
1417 3771 1483 3844 quis
1499 3776 1576 3828 esset
1586 3789 1673 3844 quem
1689 3773 1776 3830 toties

68 3867 171 3919 contra
185 3863 348 3918 Furcarum
359 3862 895 3935 castellumpraterducem,illeenim
949 3864 1072 3930 viderat,
1090 3862 1162 3917 dixit
1185 3860 1211 3917 ei
1228 3862 1259 3916 D.
1277 3862 1405 3917 hndrees
1421 3877 1428 3914 :
1445 3860 1578 3916 dcccdccc
1590 3862 1714 3917 osculare
1726 3876 1775 3934 pe·

67 3951 224 4008 castellum
240 3952 318 4024 quod
331 3950 431 4007 eratin
440 3950 662 4024 septentrionali
671 3953 743 4009 colle
751 3955 892 4012 servabat.
949 3952 1090 4024 densius
1109 3950 1244 4007 Festinus
1258 3949 1357 4021 itaque
1372 3949 1470 4005 volens
1485 3949 1707 4019 accedere,vidit
1714 3949 1765 4024 pla

68 4039 339 4113 Convocataitaque
354 4039 489 4096 sacerdos
500 4039 757 4109 concione,babuit
766 4043 826 4099 heo
837 4060 897 4100 ver-
950 4058 1018 4115 gam
1034 4056 1124 4096 unam
1140 4056 1228 4111 super
1240 4039 1345 4112 pedem
1360 4039 1425 4109 ejus
1436 4037 1478 4094 ila
1492 4043 1649 4108 recentem,
1665 4043 1695 4096 et
1708 4056 1774 4096 san·

68 4130 106 4185 ba
120 4129 158 4185 ad
174 4132 289 4185 nomme
300 4128 458 4202 principes,
474 4132 562 4203 etque
577 4134 611 4184 ut
623 4147 724 4187 verum
739 4148 803 4189 esse
817 4150 897 4190 mon·
950 4129 1160 4203 guiuolentem,
1188 4144 1222 4183 aa
1237 4127 1262 4182 si
1278 4127 1365 4182 modo
1388 4126 1465 4183 iacta
1488 4127 1602 4185 luisset.
1625 4127 1699 4184 Cum
1718 4145 1775 4185 au·

69 4220 187 4286 straret,
198 4232 289 4290 super
301 4232 418 4273 crucem
429 4217 550 4289 juravit.
563 4218 724 4276 lncrcdnlis
739 4225 837 4278 autem
853 4240 897 4279 sa·
949 4224 1009 4275 tem
1025 4218 1173 4274 dubitaret
1187 4217 1325 4273 accedere
1339 4220 1457 4289 propter
1479 4217 1586 4273 vulnus
1601 4222 1631 4274 et
1654 4216 1774 4291 sangui·

69 4307 206 4364 tisiacere
220 4304 378 4372 volensve}
392 4307 518 4363 transire
532 4323 584 4380 per
599 4305 754 4379 igncm,vel
769 4312 897 4385 praecipi·
950 4325 1028 4376 nem,
1060 4310 1179 4362 sanctus
1206 4305 1337 4360 Andreas
1365 4304 1427 4361 ait:
1448 4306 1514 4362 Face
1543 4306 1591 4362 ille
1617 4308 1700 4363 Pater
1726 4308 1776 4380 qui

69 4400 135 4452 tare
145 4411 178 4452 se
192 4395 229 4451 de
243 4393 398 4450 altitudine
411 4394 501 4450 turris
518 4394 620 4451 voluit.
630 4397 712 4453 'Func
723 4399 897 4471 juraverunt
948 4414 998 4469 pro
1012 4397 1091 4453 nohis
1106 4395 1263 4451 autumatur
1277 4396 1334 4465 suit
1347 4396 1378 4448 in
1392 4401 1510 4462 cruceni
1523 4395 1582 4451 herc
1602 4395 1665 4452 inde
1677 4395 1773 4467 plapa.

70 4484 229 4558 principes,
241 4483 319 4556 quud
342 4484 379 4539 de
399 4483 555 4541 Antiochia
569 4501 627 4541 non
643 4487 786 4559 sugerent,
802 4506 934 4571 nequas)
951 4489 1016 4543 tiuec
1037 4487 1119 4541 ctiam
1141 4485 1272 4540 Dominus
1293 4484 1423 4554 precipit
1445 4491 1475 4539 ut
1494 4483 1624 4539 celebrem
1651 4483 1774 4541 habeatis

70 4574 288 4647 egrederentur,
300 4571 358 4628 nisi
380 4572 415 4627 de
436 4572 586 4628 communi
602 4574 723 4631 consilio
739 4576 894 4634 omnium:
950 4578 1024 4634 diem
1052 4576 1142 4640 illum,
1161 4575 1189 4627 in
1219 4587 1270 4642 quc
1296 4573 1419 4627 laureum
1440 4588 1518 4627 suam
1541 4572 1614 4627 nohis
1642 4571 1772 4630 reddidit.

70 4661 181 4720 etenim
209 4659 337 4735 popalus
360 4676 394 4716 ec
416 4663 589 4733 tempestate
613 4662 800 4721 existimabat
818 4669 894 4740 quod
949 4668 982 4723 Et
1006 4667 1071 4739 quia
1101 4665 1131 4718 iu
1158 4677 1266 4733 vespera
1295 4668 1400 4732 reperta
1429 4667 1584 4726 astatum
1605 4662 1696 4732 patuit
1716 4661 1773 4719 dim

68 4751 218 4827 principes
232 4749 340 4806 vellent
353 4749 453 4823 iugera
467 4751 503 4806 ad
514 4755 642 4824 portum.
654 4754 810 4810 Consortati
826 4761 897 4813 sunt
949 4756 1001 4812 illa
1015 4753 1128 4810 celebris
1152 4750 1256 4816 hateri,
1273 4750 1397 4821 sequenti
1419 4749 1585 4805 hebdomada
1608 4752 1640 4805 iu
1661 4752 1770 4821 octavu,

68 4842 171 4914 itaqua
187 4837 282 4895 multi.
298 4838 412 4895 Etenim
425 4838 456 4894 in
471 4842 556 4896 nocte
571 4841 717 4912 preterita
731 4844 816 4915 pauci
837 4849 897 4902 ste-'
947 4844 1147 4900 solemnitatem
1160 4839 1351 4906 celehrabitis,·
1365 4844 1391 4894 et
1412 4839 1533 4907 sinuatis
1547 4840 1629 4894 annis
1646 4838 1772 4912 deinceps

67 4934 169 4987 terunt
183 4928 215 4985 in
229 4928 297 4994 tide,
314 4926 364 5000 qui
375 4926 474 5000 fugere
489 4944 548 4984 non
563 4927 821 4999 voluissentouod
837 4933 895 4990 nisi
948 4935 979 4988 in
993 4932 1037 4987 die
1054 4929 1217 4986 satientatis
1231 4928 1318 4998 ipsius
1333 4928 1518 4984 lauceae.Haee
1531 4943 1637 5001 quoque
1650 4927 1721 4985 duas
1735 4927 1772 4986 ad

69 5019 225 5092 episcopus
240 5019 269 5072 et
283 5014 465 5072 boimundus
485 5020 584 5089 portas
608 5017 734 5075 civitatis
758 5019 894 5078 reclusis·
948 5022 1022 5086 illos,
1040 5027 1071 5075 ut
1090 5017 1247 5073 contineant
1259 5031 1287 5070 se
1300 5017 1372 5072 suut
1386 5017 1508 5088 Epistola
1520 5016 1595 5073 dccet
1607 5019 1705 5088 imnis
1716 5018 1772 5075 ussi

69 5110 146 5174 cent,
160 5106 321 5162 admodum
344 5103 430 5178 pauci
451 5105 672 5164 remansissent.
689 5108 775 5181 Fugit
796 5113 894 5167 tamen
947 5111 1033 5175 Petri,
1048 5122 1110 5181 quae
1124 5106 1203 5161 hodie
1218 5106 1327 5174 lepitur.
1343 5104 1532 5177 resupinata
1555 5105 1611 5161 luit
1632 5105 1694 5163 buo
1716 5108 1773 5166 im

70 5192 227 5251 Wiletmus
241 5194 278 5251 de
292 5191 553 5261 Granduns,simul
565 5194 692 5251 etirater
702 5197 808 5268 ejna,ut
819 5199 894 5255 mul·
947 5198 1100 5254 mittamini
1113 5196 1163 5250 suh
1170 5196 1367 5266 potentimanu
1383 5195 1433 5251 Dei
1446 5194 1471 5264 (l
1483 5195 1540 5250 Pet.
1555 5212 1583 5263 v,
1601 5195 1641 5268 C.)
1651 5196 1686 5252 m
1701 5213 1772 5269 quo·

68 5284 91 5340 ti
108 5282 169 5353 alii,
185 5281 253 5340 laici
267 5281 518 5340 stetericimattis
528 5288 626 5340 autern
642 5285 763 5359 contigit
777 5289 893 5356 ut,dum
947 5287 1018 5343 tidie
1032 5283 1129 5341 clerici
1144 5288 1211 5339 ante
1235 5281 1367 5339 lanceam
1382 5287 1500 5339 cantent
1520 5283 1599 5340 hunc
1613 5282 1768 5358 hymnum.

69 5374 106 5430 de
130 5371 248 5428 civitate
272 5388 339 5429 cum
363 5371 492 5428 maximo
516 5372 645 5444 periculo
669 5374 840 5443 evasissent,
863 5377 894 5433 in
949 5377 1046 5431 Lustra
1061 5390 1109 5429 scu
1125 5372 1404 5445 quijampcractotlt
1419 5388 1486 5429 cum
1501 5371 1636 5429 dixerunt
1652 5390 1658 5430 :
1675 5378 1769 5448 Apum

68 5478 178 5520 manns
188 5461 349 5519 Fumarnm
360 5462 458 5535 majus
468 5459 630 5536 periculum
641 5463 746 5519 mortis
763 5464 895 5522 incurre-
947 5468 978 5521 in
991 5464 1079 5520 crucis
1095 5464 1201 5517 levatur
1221 5461 1404 5519 imnsolandus
1417 5464 1518 5534 stipite,
1536 5461 1618 5519 flexis
1632 5463 1768 5538 genibus,

67 5553 152 5615 baal.
168 5549 360 5632 Contigerant
374 5564 407 5613 eo
420 5553 552 5632 tempore
564 5548 651 5610 nobis
665 5549 800 5633 plurime
814 5557 894 5617 reve-
947 5553 1089 5634 hymnum
1106 5549 1296 5611 finiuntCam
1310 5553 1407 5616 autem
1418 5551 1455 5612 ad
1469 5549 1531 5612 hac
1544 5551 1768 5654 episcopussu-
