3816 6006
69 252 150 316 also

572 252 824 316 coornantur.
845 250 899 316 DU
922 251 1039 313 SAINT
1060 249 1273 315 SEPULGRE.

1697 255 1775 317 ileo

68 384 150 443 obitu
166 383 313 440 iusticiam
328 382 447 457 gloriosi
462 383 594 456 Sepulori
608 402 693 457 posse
709 383 831 456 deprimi
843 384 897 440 lor·
910 384 937 451 Α
952 399 1051 439 remus
1065 383 1129 438 iuro
1144 382 1287 440 Dominioi
1303 382 1445 456 Sepulcri,
1461 400 1518 455 qne
1532 383 1712 458 temporibus
1727 403 1778 443 an·

68 473 227 541 midentes,
245 473 322 545 quod
347 489 395 528 ore
418 474 513 529 veraci
529 477 558 528 et
577 475 663 530 eorde
678 473 799 530 memori
815 476 898 529 erant

69 562 282 628 confirmaturi,
299 565 394 617 toturn
409 563 445 617 ad
461 560 581 634 plenum
597 562 701 619 litteris
723 568 896 619 annotatum

69 650 261 724 reliquerunt,
279 654 311 706 ut
325 651 355 706 iu
372 656 532 723 postorum,
549 651 573 707 si
586 652 744 708 necessitas
757 653 829 708 sorte
839 651 896 707 exi·

69 741 154 814 gerit,
181 757 232 813 pro
256 739 320 796 viva
343 756 411 795 voce
435 739 536 813 scripti
552 758 609 797 non
631 742 706 798 desit
726 741 896 798 aucteritas.

70 829 202 888 Testinm
219 846 336 901 quoque
351 830 471 885 nomino
492 835 562 887 sunt
576 829 648 887 heo:
669 831 836 905 Gregorius,
852 847 898 886 eo·

952 471 1100 544 liquorum
1110 472 1269 529 Greeorum
1277 476 1307 529 et
1317 472 1442 529 subinde
1452 475 1615 530 Tuscorum
1625 474 1719 530 eidem
1731 475 1778 532 Se·

951 561 1052 633 pulcro
1074 560 1280 630 deservierant,
1307 562 1383 617 inter
1406 567 1502 618 cetera
1525 562 1622 618 inveni
1637 562 1667 618 in
1683 563 1778 634 capite

952 651 1049 722 pontis
1064 655 1155 723 porte,
1173 667 1229 723 que
1245 652 1279 707 de
1295 651 1406 707 Gemite
1421 656 1617 724 nuncupatur,
1635 669 1724 724 super
1738 652 1777 708 ri·

952 756 1020 810 pem
1032 739 1162 796 lluminis
1172 739 1295 807 Orontii,
1305 741 1363 797 due
1375 740 1438 797 loca
1448 742 1483 797 ad
1496 740 1672 804 molendina,
1686 758 1778 797 unum

951 828 1120 884 edificatum
1131 833 1160 885 et
1170 828 1248 885 eliud
1260 834 1417 897 vastatum,
1430 847 1485 903 que
1499 829 1548 886 diu
1560 831 1779 902 predecessores

71 917 159 976 clesie
175 919 280 975 Sancte
304 918 393 975 llario
417 923 535 988 contor;
556 918 695 988 Thomas,
720 921 896 988 subcantor3

71 1007 208 1076 Michael,
224 1007 303 1064 iilius
327 1006 451 1064 ltlollrem
462 1010 509 1077 858;
526 1009 685 1079 Abraham,
702 1009 780 1065 filius
796 1010 897 1065 Suear.

952 917 1084 975 cononici
1101 917 1242 974 Dominioi
1265 918 1396 991 Sepulori
1411 918 1501 975 libere
1516 919 1689 975 hereditario
1705 919 1778 988 inre,

953 1007 1030 1061 sicut
1039 1006 1229 1079 prediximus,
1239 1007 1336 1079 quiete
1348 1009 1546 1081 possederant.
1557 1008 1638 1066 Unde
1647 1008 1780 1082 diligenti

71 1098 216 1154 Omnibus
232 1098 351 1153 tandem
377 1115 435 1153 non
451 1097 515 1153 sine
536 1098 682 1156 honorosa
704 1098 854 1155 differendi
865 1099 899 1133 ⁸⁵⁰
952 1095 1165 1153 examinatione
1173 1101 1377 1154 scrutatacum
1387 1097 1505 1154 domino
1516 1097 1691 1166 Roimundo,
1703 1098 1782 1172 prin·

70 1185 246 1260 prolixitate,
263 1186 321 1242 Deo
331 1191 458 1256 anctore,
469 1187 505 1243 od
518 1187 678 1260 perlectum
692 1188 834 1255 deductis,
846 1203 898 1261 ego
954 1185 1016 1257 cipe
1033 1184 1164 1241 eiusdem
1186 1185 1322 1254 civitatis,
1339 1190 1427 1260 atque
1441 1203 1509 1243 oum
1533 1187 1664 1261 antiquis
1679 1187 1780 1245 Surio-

71 1277 266 1345 liziimundus,
282 1276 333 1332 Dei
349 1281 423 1332 nutu
440 1277 577 1350 princeps
590 1277 798 1346 Antiochenns,
811 1277 861 1333 sod
872 1280 901 1334 et
953 1274 1054 1343 nisw,
1071 1275 1122 1347 qui
1146 1273 1271 1331 fideliter
1285 1274 1440 1332 nobiseum
1455 1293 1555 1333 curam
1572 1275 1779 1346 adhibuerunt,

71 1366 193 1422 domino
207 1365 377 1422 Constantio
393 1365 578 1439 principissa,
596 1383 662 1423 mea
677 1385 749 1423 uxor
762 1366 900 1422 illustris·
954 1380 1072 1435 operam
1084 1364 1234 1420 communi
1243 1363 1365 1421 oonsilio
1376 1365 1511 1421 dedimus
1522 1371 1554 1422 ut
1564 1366 1595 1422 in
1606 1365 1781 1424 molendinis

72 1456 158 1523 sima,
175 1454 341 1528 legitimum
357 1455 431 1512 locte
447 1455 642 1512 investitionis
652 1458 686 1491 ⁸⁶⁰
701 1456 812 1512 donum
827 1457 900 1512 Son·
955 1452 1023 1520 illis,
1041 1452 1158 1509 nomine
1172 1453 1328 1525 Funeidec,
1351 1454 1400 1527 qui
1416 1453 1475 1510 iam
1491 1455 1599 1526 partim
1623 1455 1781 1512 reedificati

72 1544 206 1600 ctissime
218 1543 334 1600 Domini
346 1543 485 1616 Sepulcre
496 1544 558 1617 pori
570 1562 692 1601 assensu
708 1549 737 1601 et
745 1545 901 1601 donatione
955 1545 1047 1608 crant,
1064 1542 1137 1598 duos
1153 1547 1231 1599 rotas
1247 1561 1264 1599 a
1278 1547 1359 1614 porte
1375 1542 1506 1600 {luminis
1529 1544 1625 1601 tribus
1649 1545 1782 1602 Surianis

73 1633 104 1687 in
121 1637 253 1688 eternum
268 1633 365 1705 quiete
379 1632 592 1705 possidendum
609 1634 713 1690 damus
725 1639 754 1690 st
768 1633 901 1690 concedi·
956 1632 1224 1699 accomodaremus,
1234 1631 1515 1699 seilicetlt'ieholore,
1525 1632 1668 1702 lllichaeli,
1680 1633 1785 1692 Nicho·

74 1738 162 1788 mue;
185 1720 340 1793 principali
361 1739 478 1794 quoque
493 1722 582 1779 huius
597 1722 739 1796 privilegii
752 1723 902 1795 nostrique
956 1720 992 1789 le,
1010 1720 1065 1777 sibi
1081 1725 1110 1776 et
1122 1721 1185 1777 suis
1207 1720 1344 1793 legitimis
1367 1721 1525 1777 heredibus
1549 1723 1784 1781 manutenendae

75 1808 164 1884 sigilli
179 1810 400 1866 confirmatione
417 1811 583 1867 decoratum
594 1816 735 1884 perpetua
745 1812 903 1868 stabilitate
957 1808 987 1864 in
1004 1810 1085 1866 leode
1099 1808 1233 1878 villonie3
1250 1808 1292 1866 ita
1306 1814 1338 1866 ut
1350 1827 1452 1867 omnes
1465 1827 1607 1885 expensas
1623 1812 1659 1869 ad
1670 1829 1785 1870 earum·

75 1898 292 1972 premunimus.
957 1898 1024 1954 dom
1033 1916 1121 1972 opera
1131 1899 1322 1966 necessarias,
1333 1903 1393 1956 tom
1402 1900 1432 1956 in
1441 1900 1516 1956 lcrro
1528 1905 1556 1957 et
1564 1899 1643 1976 ligno
1654 1917 1742 1974 quarn
1753 1901 1784 1958 in

113 1988 234 2044 Factum
248 1990 293 2043 est
303 1992 400 2044 autem
412 1987 466 2043 hee
477 1987 745 2062 privilegiumonuo
761 1989 903 2046 incarnati
958 1988 1054 2061 lapide
1069 1992 1097 2044 et
1119 1988 1257 2044 omnibns
1282 1988 1469 2057 utensilibus,
1492 1989 1547 2064 ipsi
1562 2006 1614 2062 per
1628 2006 1659 2048 ss
1674 1994 1783 2063 optent,

76 2077 128 2133 Dei
143 2077 231 2133 Verbi
246 2064 334 2145 nicus,
349 2093 449 2132 mense
464 2077 561 2150 aprili,
573 2078 731 2135 indictione
746 2097 787 2148 nr,
800 2084 904 2152 quarte
958 2082 1018 2133 tom
1034 2077 1063 2132 iu
1080 2094 1156 2150 aquo
1171 2095 1259 2150 quom
1274 2082 1354 2133 extro
1370 2094 1487 2150 aquom,
1502 2083 1563 2135 tom
1578 2078 1609 2135 in
1625 2080 1712 2137 domo
1723 2096 1785 2137 mo·

76 2183 194 2238 queque
210 2183 286 2222 anne
303 2167 486 2239 principatus
501 2166 613 2222 domini
624 2168 792 2235 boimundi,
805 2170 904 2225 Antie—
959 2166 1069 2222 lendini
1085 2183 1174 2239 quam
1191 2171 1271 2223 extro
1286 2167 1427 2235 domum;
1445 2168 1496 2224 sed
1508 2168 1657 2225 exclusam
1673 2186 1691 2225 a
1706 2173 1787 2242 parte

76 2255 162 2310 ebeni
178 2254 319 2327 principis
331 2253 524 2310 invictissimi.
542 2256 644 2311 Testes
660 2256 832 2329 subscripti:
961 2256 1100 2320 fluminis,
1118 2255 1194 2311 sicut
1209 2255 1314 2312 melius
1329 2259 1486 2328 potuerint,
1503 2258 1652 2313 communi
1668 2258 1787 2316 utilitati

151 2343 448 2412 DomnusGaudinus,
457 2344 904 2419 Momistonusarchiepiscopus.
960 2345 1093 2400 omnium
1110 2347 1250 2411 rotarum,
1264 2361 1320 2416 que
1332 2345 1360 2400 in
1371 2345 1458 2400 domo
1469 2346 1586 2414 luerint,
1597 2347 1747 2416 edificent;
1759 2351 1788 2404 et

185 2433 317 2489 Domnus
333 2433 425 2506 Huge,
442 2432 660 2489 Gabulensis⁸⁶¹
677 2435 842 2507 episcopus.
858 2435 905 2490 Ai-

185 2521 322 2589 moricns,
340 2522 467 2577 decanus
483 2521 641 2578 Antiochia.
657 2522 821 2579 willelmus
838 2525 907 2579 Bra·

187 2611 301 2681 chalus,
313 2617 341 2666 ot
357 2611 525 2679 linior-iens,
539 2617 627 2683 atque
637 2611 804 2668 willelmus
814 2613 907 2668 Picta-

187 2700 305 2768 vionsis,
322 2699 463 2772 capellani
480 2699 590 2756 scilicet
605 2700 713 2774 palatii.
732 2700 906 2771 Willclmns,

190 2790 264 2845 Petri
288 2788 422 2845 clericus.
450 2790 564 2857 Petrus,
596 2790 754 2847 cononicus
782 2791 906 2864 Templi.

189 2878 366 2935 Godolridus
384 2879 429 2947 ⁸⁸¹,
462 2880 622 2937 cononicus
655 2880 755 2936 Sancti
782 2881 907 2937 Abrabe.

189 2968 283 3041 Drogo
297 2971 326 3024 et
339 2968 517 3037 Goisbertus,
534 2969 647 3042 Templi
664 2968 782 3027 milites.

962 2434 1054 2506 utipsi
1063 2434 1098 2489 de
1107 2434 1222 2490 duobus
1231 2432 1302 2490 rotis
1312 2435 1450 2506 predictis
1461 2435 1647 2493 medietatem
1659 2438 1695 2493 de
1705 2441 1787 2498 omni
1824 2490 1831 2505 ,

961 2523 1167 2594 adquisitione,
1184 2540 1272 2595 quom
1297 2523 1427 2590 fecerint,
1444 2529 1503 2579 tom
1519 2524 1549 2579 in
1567 2542 1683 2581 annona
1697 2543 1787 2600 quam

962 2611 990 2666 in
1008 2613 1101 2667 larino
1115 2611 1158 2666 val
1174 2611 1305 2684 piscibus
1329 2629 1379 2668 seu
1396 2612 1470 2680 aliis,
1487 2614 1623 2682 habeant,
1640 2620 1668 2671 et
1682 2616 1718 2673 de
1733 2632 1788 2673 sua

964 2701 1118 2756 medietato
1132 2701 1284 2756 custodem
1295 2703 1475 2770 earumdem,
1488 2702 1599 2760 scilieet
1609 2704 1790 2762 molendina·

963 2789 1051 2855 rium,
1065 2789 1161 2860 precio
1174 2789 1349 2855 conducant,
1361 2794 1390 2845 et
1406 2791 1602 2849 concanonico
1622 2798 1721 2850 nostro
1736 2809 1789 2851 sou

963 2877 1056 2943 tratri,
1074 2876 1124 2949 qui
1149 2880 1267 2950 propter
1290 2894 1344 2934 nos
1358 2876 1468 2934 ibidem
1495 2879 1614 2936 domino
1632 2881 1788 2954 [bi]tnr⁸⁷¹,

964 2966 1052 3022 aliam
1068 2969 1179 3038 portem
1203 2965 1336 3032 reddant,
1353 2982 1386 3022 eo
1401 2971 1499 3024 tenore
1515 2971 1547 3024 ut
1561 2967 1681 3026 insimul
1697 2971 1789 3043 portis

154 3056 910 3130 Rogeriusdeltlontibus,constabularius.Golterius
965 3060 1132 3112 conservate
1149 3053 1227 3111 nullo
1244 3055 1330 3111 modo
1352 3055 1463 3129 absque
1487 3061 1586 3114 nestro
1601 3058 1723 3127 famulo,
1739 3059 1790 3134 qui

190 3146 225 3202 de
241 3144 421 3214 Surdavolle,
444 3146 569 3202 Garento
590 3146 625 3202 de
650 3146 753 3203 Saone.
772 3147 860 3204 Fulco
875 3125 947 3205 dec
966 3145 1075 3201 clavem
1089 3144 1223 3212 tenuerit,
1240 3143 1419 3201 dividantur.
1436 3145 1543 3210 Quodsi
1554 3145 1686 3220 quelibet
1699 3149 1790 3206 infor-

190 3234 291 3291 Boino.
307 3232 476 3290 willelmus
490 3234 651 3291 Fraisnelli.
665 3237 720 3292 Leo
736 3235 909 3309 Maiopolus,

191 3324 249 3379 dux
259 3323 421 3379 antiochie.
433 3324 592 3381 Gaul'ridus
604 3324 639 3392 de
650 3324 796 3381 Gnirohia.
808 3328 910 3382 Petrus

189 3411 331 3479 Armoini‚
362 3412 549 3469 castellanus.
582 3414 731 3471 Guiterius
759 3414 795 3472 de
830 3415 910 3473 Mozo

191 3501 333 3558 Ricardus
345 3502 379 3557 de
390 3501 569 3558 belmont⁸⁶³.
584 3503 737 3572 liebertus,
750 3502 829 3561 filius
839 3504 912 3563 Gau·

191 3591 269 3647 lridi.
286 3591 421 3663 Pogonus
436 3591 472 3646 de
499 3591 559 3647 Fal.
575 3592 733 3648 Garnerius
748 3593 784 3649 de
804 3593 910 3667 Burgo.

191 3680 273 3753 llngo
289 3680 325 3734 de
347 3678 466 3735 Boleiro.
483 3681 544 3736 Alie
560 3682 595 3736 de
620 3680 735 3737 lllelins.
765 3682 854 3738 Cholo
877 3683 912 3738 de

192 3768 910 3840 Mosioco⁸l⁸.Basilius,camerarius,et0liverius,

193 3858 281 3913 frater
304 3857 419 3913 einslli.
446 3858 572 3914 Garinus
596 3858 775 3929 llalmuelil,
802 3877 913 3917 mares·

192 3946 300 4013 colons,
318 3947 510 4013 boimundus,
527 3947 777 4005 marescalcusw.
794 3949 914 4005 Gotelri·

192 4037 249 4091 dus
268 4037 312 4107 ⁸⁶⁸,
347 4036 518 4092 vicecomes.
555 4035 734 4106 Theodorus,
770 4038 911 4094 notarius.

192 4124 344 4198 Georgius,
361 4125 502 4198 magister
516 4129 636 4182 secrete.

122 4212 369 4281 DotaAntiocbie,
395 4231 445 4268 ιιιιι
470 4213 610 4271 kalendas
626 4213 705 4284 maii,
732 4232 784 4288 per
807 4232 914 4273 manne

85 4304 197 4361 Odenis
212 4302 387 4359 concellarii.

452 4392 496 4448 XC
507 4394 551 4447 88⁹·

966 3232 1045 3290 tunie
1057 3232 1243 3289 molendinus
1253 3231 1302 3288 ille
1312 3232 1485 3301 vastabitur,
1498 3235 1618 3306 predicti
1628 3236 1791 3296 Surianids

965 3341 1018 3380 sue
1034 3327 1113 3381 rotas
1126 3322 1193 3378 illos
1208 3339 1274 3378 cum
1291 3322 1458 3380 molendino
1469 3328 1498 3380 st
1512 3329 1573 3381 toto
1583 3343 1636 3383 sue
1647 3331 1790 3400 apparatu

965 3412 1144 3479 reedificant,
1160 3416 1190 3467 et
1205 3410 1281 3467 siout
1297 3412 1425 3468 leoerant
1437 3419 1623 3483 conservenl;
1634 3415 1680 3472 sin
1691 3419 1790 3474 autem

965 3501 1037 3557 illud
1046 3501 1214 3557 reedificare
1224 3499 1379 3570 noluerint,
1392 3500 1494 3556 moniti
1505 3501 1561 3558 sub
1571 3503 1648 3559 trino
1658 3504 1791 3562 testimo·

966 3591 1014 3647 nio
1030 3590 1060 3645 in
1076 3593 1249 3661 perpetuum
1265 3589 1466 3645 exeredsntur.
1485 3589 1592 3646 lterum
1607 3592 1632 3648 si
1648 3591 1791 3650 molendi·

966 3679 1067 3735 narius
1081 3694 1182 3733 eorum
1195 3677 1271 3734 furto
1286 3678 1502 3735 convinctus⁸⁷¹
1515 3679 1611 3748 luerit,
1627 3685 1699 3753 quot
1714 3698 1791 3739 mar·

967 3768 1110 3824 eibonsw
1124 3765 1282 3839 subripuit,
1297 3771 1341 3822 tot
1357 3767 1499 3825 bisantios
1514 3769 1664 3838 emendet;
1680 3774 1709 3826 et
1720 3771 1745 3827 si
1756 3771 1793 3829 de

967 3874 1020 3914 sue
1035 3873 1093 3912 non
1109 3855 1254 3923 habuerit,
1270 3855 1429 3913 canonieus
1442 3857 1487 3913 vel
1501 3856 1629 3914 famulus
1642 3863 1742 3915 nester
1756 3859 1792 3917 de

967 3948 1048 4018 porte
1059 3943 1251 4000 Surionorum
1263 3943 1405 4001 bisantios
1416 3944 1590 4017 subputates
1601 3963 1653 4018 pro
1664 3947 1792 4019 dampno

967 4036 1144 4105 extorqueat.
1172 4033 1228 4088 Sed
1243 4032 1309 4089 etsi
1324 4033 1442 4089 Surioni
1458 4033 1501 4090 illi
1524 4033 1672 4091 villaniom
1688 4035 1793 4109 prndi-

967 4129 1045 4180 etam
1055 4121 1179 4179 vendero
1189 4139 1240 4178 seu
1253 4121 1282 4176 in
1292 4121 1491 4179 vadimonium
1503 4138 1608 4195 ponere
1618 4123 1721 4180 olienis
1731 4139 1794 4196 pre-

968 4210 1156 4283 sumpserint,
1169 4228 1226 4267 nen
1237 4209 1279 4266 eis
1289 4209 1374 4266 liceat
1385 4210 1442 4267 nisi
1453 4212 1602 4268 communi
1612 4211 1736 4270 consilio
1748 4229 1794 4270 oa-

968 4300 1063 4376 pituli,
1080 4299 1149 4373 quia
1163 4298 1311 4355 caritative
1325 4303 1355 4355 et
1372 4301 1482 4370 absque
1497 4300 1621 4374 pecunie
1643 4299 1793 4359 villoniam

968 4386 1795 4464 illisdedimus.Heoitaquetlrmitermanebuntsubpre·

87 4498 275 4538 earv'nnernsr
284 4499 365 4536 earm
376 4498 489 4536 nnroms
498 4498 533 4537 nn
542 4498 655 4536 neonus
664 4498 847 4550 arenosorum,
859 4498 915 4545 our
929 4499 952 4565 D
968 4484 1051 4553 cepto
1064 4477 1194 4535 canonici
1204 4476 1306 4545 nostri,
1318 4477 1369 4550 qui
1379 4476 1574 4550 superomnia
1583 4478 1793 4536 deminabitur.

141 4570 231 4608 HABET
247 4570 376 4609 ECCLESIA
387 4569 486 4608 SANCTI
501 4569 637 4609 SEPULCRI
654 4570 683 4608 IN
698 4570 859 4609 numacius.

123 4660 155 4715 ln
172 4658 290 4716 nomine
299 4659 391 4715 Patris
402 4664 431 4716 et
442 4658 506 4716 Filii
516 4663 545 4716 ct
558 4659 686 4732 Spiritus
697 4660 807 4727 Sancti,
818 4676 914 4716 omen.

124 4750 184 4821 Ege
200 4749 312 4815 Petrus,
330 4749 379 4805 Dei
397 4749 491 4822 gratio
506 4748 585 4820 prior
597 4748 740 4805 Dominioi
753 4748 915 4821 Sepulchri,

89 4836 207 4893 notilico
223 4837 335 4893 cunctis
351 4837 497 4905 fidelibus,
510 4843 569 4893 tom
582 4838 766 4910 presentibus
776 4855 865 4911 quom
876 4837 918 4894 lu·

88 4925 174 4992 turis,
192 4927 269 4998 qued
285 4926 402 4981 veniens
426 4943 493 4981 oum
512 4925 690 4997 quibusdam
714 4925 919 4982 concanonicis

90 5015 200 5071 nestris
215 5016 250 5071 ob
263 5014 461 5073 iherosolimis
472 5014 502 5070 in
513 5014 708 5084 Antiochiam,
721 5019 753 5071 ut
762 5015 918 5090 investigo·

1004 4570 1091 4626 Tacta
1098 4566 1153 4624 luit
1163 4571 1242 4622 carta
1252 4582 1328 4622 onno
1337 4566 1482 4624 dominice
1492 4565 1702 4624 ineamatienis
1713 4584 1793 4637 auxi,

970 4657 1128 4715 indictione
1143 4673 1184 4724 111,
1201 4655 1231 4711 iu
1256 4660 1359 4729 quarte
1375 4671 1451 4713 anno
1476 4654 1658 4729 principatus
1682 4655 1795 4714 domini

971 4745 1138 4811 llaimundl,
1149 4745 1303 4802 uenerandi
1316 4745 1466 4818 principis,
1478 4749 1507 4802 et
1517 4761 1570 4801 sue
1580 4745 1714 4819 coniugis
1725 4745 1796 4803 Con·

972 4836 1089 4893 stantia.
1105 4835 1178 4891 Hinc
1194 4838 1264 4891 sunt
1278 4838 1384 4892 testes:

1043 4922 1204 4996 wlgrinus,
1239 4923 1405 4995 prepositus
1439 4923 1538 4980 Sancti
1570 4922 1712 4996 Sepulori.
1744 4925 1796 4980 At·

1079 5013 1179 5085 quew
1202 5011 1375 5081 Aimerious,
1400 5011 1529 5070 eiusdem
1552 5013 1720 5072 canonicus.
1746 5012 1797 5071 Ni·

126 5273 161 5309 ’θ’
177 5278 209 5341 Β,
226 5273 345 5330 steterim.
384 5275 418 5309 ⁸³⁹
433 5279 464 5342 B,
479 5273 639 5330 disserendi.
677 5274 712 5308 ⁸⁶⁰
726 5278 757 5340 B,
775 5274 971 5330 investicionis.
1009 5272 1089 5338 881Β,
1115 5269 1281 5326 Gauianus.
1319 5270 1354 5306 ⁸⁶¹
1368 5274 1400 5337 B,
1426 5269 1594 5343 Gedsfridss.
1631 5271 1666 5308 ⁸⁸⁸
1680 5275 1710 5337 B,
1735 5270 1797 5328 oss-

90 5353 181 5401 muet.
220 5346 300 5413 ⁸⁸⁸3,
326 5345 455 5416 lluaiepe.
494 5347 528 5381 ⁸⁸⁵
542 5351 574 5413 B,
589 5346 651 5401 eius
673 5348 770 5416 frater.
809 5346 843 5380 ⁸⁶⁶
857 5350 889 5415 B,
912 5345 1050 5402 Melinos.
1087 5342 1120 5377 ⁸⁶⁷
1137 5341 1259 5397 Lenem
1285 5342 1368 5398 dece
1391 5341 1500 5398 temoin
1523 5358 1650 5416 maeque
1672 5342 1795 5398 donsA.

127 5415 161 5452 ⁸⁶⁸
172 5421 205 5484 B,
222 5416 291 5472 Gede
305 5420 393 5474 iidem
432 5418 466 5453 ⁸⁶⁹
477 5419 511 5484 Α,
529 5417 551 5472 l⁰
565 5419 673 5485 82,1a;
691 5416 821 5485 eaeo,
837 5429 874 5472 re.
911 5416 1081 5487 ⁸³⁰Manque
1096 5413 1170 5469 dans
1187 5415 1217 5466 B.
1255 5412 1288 5448 ⁸²¹
1300 5412 1554 5484 Restitned'opres
1567 5417 1600 5470 B.
1636 5413 1796 5482 ⁸⁷¹B,eon·

90 5487 188 5543 victm.
227 5489 261 5523 ⁸³⁸
299 5493 390 5545 emet
406 5491 501 5562 parolt
515 5504 547 5544 se
571 5487 749 5561 ropprocber
763 5487 799 5544 ds
814 5486 922 5545 l’orabe
942 5484 1064 5553 merlai,
1080 5483 1132 5557 qui
1147 5481 1263 5556 signifis
1277 5484 1392 5556 boues,
1408 5482 1429 5539 il
1445 5484 1469 5541 si
1513 5484 1561 5540 ills
1583 5485 1732 5557 peut-otre
1754 5483 1798 5547 les

92 5556 220 5617 boteaux
234 5559 358 5636 charges
374 5561 409 5617 de
423 5560 534 5637 grains,
551 5559 623 5617 dent
636 5558 663 5617 le
677 5559 811 5618 meunier
828 5557 1028 5620 detournerait
1040 5556 1084 5619 les
1097 5555 1169 5618 freis
1184 5553 1220 5615 de
1235 5558 1380 5618 monton.
1417 5555 1453 5596 ⁸²⁴
1497 5571 1594 5636 enque
1608 5555 1683 5618 dens
1696 5559 1730 5619 Β.
