3816 6006
167 234 245 300 {967

428 245 480 309 AD
503 246 754 309 oebnralnnn
778 245 945 307 APPEND.
968 240 1222 306 ll.-lllONUb{.
1246 245 1297 307 aa
1319 242 1444 307 BELLO
1466 244 1602 308 SACRO.

1789 243 1871 308 {2OE

166 377 371 452 maximeque
387 379 417 435 in
433 385 533 437 sancta
552 381 667 436 civitate
682 379 843 436 Jerusalem
859 380 944 444 siunt,
960 382 988 434 et
1002 379 1030 446 Α
1044 380 1173 433 atrorum
1188 378 1485 451 archiepiscoporum,
1502 378 1866 451 episcoporum,abbatam

166 466 201 521 do
216 472 318 523 cetero
334 469 413 538 sient,
433 471 588 543 participes
604 475 632 525 et
647 472 798 525 consortes
815 469 950 523 facimus.

558 567 592 621 V.

507 665 641 703 arnsnrru.

199 735 244 801 A,
256 735 305 790 Dei
318 737 412 808 gratia
422 736 533 792 Sancta
551 736 783 792 llesrrrreetionis
794 735 928 790 Ecclesia
940 753 987 808 pa-

164 824 300 891 triarcba,
316 824 490 881 charissimo
506 826 533 880 in
550 825 664 880 Christo
684 824 744 881 lilio
770 827 921 890 Lonovrco,
937 842 987 880 ea-

165 912 231 967 dem
242 913 335 984 gratia
346 913 444 969 Galliae
455 914 608 970 victorioso
620 920 648 970 et
660 914 778 980 illustri,
790 915 825 969 ab
837 931 869 969 eo
881 913 984 970 salvari

165 1001 214 1072 qui
232 1002 281 1056 dat
296 1002 420 1058 salutem
437 1004 563 1077 regibus
917 1013 921 1020 '

202 1091 321 1146 Sincera
344 1108 402 1163 qua
423 1109 474 1150 vos
502 1092 707 1164 amplectimur
734 1110 806 1148 verae
835 1091 986 1148 charitatis

170 1178 298 1248 dilectio,
321 1182 348 1236 et
372 1181 471 1236 debita
495 1181 698 1254 patriarchalis
726 1181 812 1237 olfieii
845 1199 909 1253 qum
935 1197 986 1235 no-

167 1268 213 1324 bis
242 1269 387 1326 incumbit
417 1270 592 1339 sollicitudo,
622 1289 674 1326 nos
704 1269 852 1343 compellit
880 1273 908 1324 ot
935 1270 986 1324 ad-

166 1361 265 1412 monet
292 1357 429 1414 Ecclesiis
459 1359 568 1415 nostris
604 1359 765 1432 providere,
797 1364 834 1425 et,
863 1359 892 1413 in
922 1358 986 1431 qni-

166 1445 221 1501 bns
240 1448 402 1503 secundnm
427 1450 518 1504 Deum
547 1450 821 1521 possumus,totius
845 1447 986 1503 Christia-
1050 1469 1053 1476 ·

165 1535 267 1591 nitatis
283 1537 461 1609 profectibus
476 1543 504 1593 et
519 1538 695 1593 utilitatibus
708 1538 869 1611 invigilare.
882 1538 913 1593 ln
930 1554 987 1592 me-

1042 484 1157 539 quoque
1168 472 1195 523 et
1206 469 1304 540 prioru
1316 485 1335 523 n
1344 470 1379 524 ad
1390 473 1502 524 tantam
1515 467 1667 524 ecclesiam
1679 468 1865 526 revelandam

1042 557 1175 624 serlione,
1192 557 1274 612 vobis
1289 558 1434 613 ostendat.
1447 559 1486 612 Ea
1499 561 1616 629 propter
1631 556 1761 629 regalem
1777 561 1864 631 maje-

1042 651 1146 701 statem
1162 650 1287 701 vestram
1304 645 1432 702 assiduis
1448 645 1584 717 precibus
1600 645 1754 701 humiliter
1768 664 1863 703 exora·

1042 752 1118 801 mus,
1131 738 1277 806 quatenns
1285 735 1478 791 venerabilem
1489 734 1606 789 tratrem
1618 740 1756 790 uestrum
1767 737 1864 808 predi·

1041 829 1092 879 ctae
1108 823 1232 879 civitatis
1248 824 1523 896 episcopnm‚quem
1536 822 1674 879 honestas
1689 828 1719 880 et
1735 825 1862 896 probitas

1041 912 1135 986 ipsius
1150 912 1221 968 salis
1237 913 1434 976 commendat,
1451 912 1500 968 Dei
1516 913 1610 983 gratia
1626 916 1653 968 et
1669 917 1774 970 nostra
1788 931 1860 972 rere-

1041 1002 1143 1069 rentia,
1157 1002 1280 1074 benigue
1290 1002 1437 1074 recipiatis
1452 1007 1480 1056 et
1492 1000 1649 1067 honoretis,
1661 1007 1691 1056 et
1700 1002 1730 1056 in
1748 1002 1859 1076 snisjn·

1040 1091 1094 1147 stis
1106 1090 1296 1163 petitionibus
1305 1091 1441 1146 eundem
1454 1089 1681 1146 misericorditer
1691 1092 1858 1150 exaudiatis.

1040 1179 1148 1236 Valotc.

1426 1269 1463 1323 Vl
1468 1311 1474 1324 .

1041 1358 1561 1433 alstannus]nuersnansona,courns
1570 1374 1859 1429 roccamarsncerorn

1370 1447 1536 1486 rnovrucrm.

1078 1538 1199 1594 Domino
1211 1555 1264 1593 sno
1275 1537 1487 1604 Lunoi·1co,Dei
1498 1535 1592 1609 gratia
1603 1536 1784 1592 Francorum
1795 1538 1859 1610 regi.

166 1624 375 1697 diosiquidem
406 1626 532 1682 nationis
561 1631 703 1699 provocet
725 1645 864 1698 perversa
887 1626 984 1699 positi,
1043 1624 1730 1696 ltdnxNarbona,eomesTolosaeetmarehio
1749 1625 1860 1681 Provin-

167 1714 203 1770 eb
218 1714 381 1771 infidelium
397 1716 551 1788 tyrannide
566 1715 692 1788 singulis
709 1717 766 1772 lere.
779 1716 882 1772 diebus
894 1716 986 1787 impu·
1002 1751 1026 1816 B
1041 1717 1102 1779 cire,
1119 1717 1221 1772 debita
1235 1714 1383 1771 fidelitatis
1399 1713 1584 1785 obsequium.

166 1818 302 1875 gaamnr,
314 1808 339 1859 et
348 1803 483 1859 assiduas
493 1804 678 1860 inimicorum
691 1805 847 1860 Christiani
860 1804 987 1859 nominis
1077 1806 1130 1860 Pro
1142 1805 1256 1877 negotio
1267 1821 1356 1876 snper
1368 1821 1425 1875 quo
1436 1802 1522 1875 legati
1533 1802 1718 1875 imperatoris
1727 1804 1861 1859 Constan-

165 1893 289 1950 insidias
303 1896 331 1948 et
346 1893 474 1966 pericula
490 1893 681 1950 sustinemus.
698 1897 810 1961 Quanto
825 1893 915 1966 igitur
930 1910 988 1948 nra·
1042 1894 1236 1967 tinopolitani,
1254 1910 1320 1948 enm
1337 1890 1446 1948 nostris
1461 1892 1497 1947 ad
1513 1891 1652 1948 bonorem
1669 1892 1753 1965 regni
1768 1893 1860 1959 vestri,

162 1985 227 2056 jora
239 1986 267 2038 et
275 1982 416 2037 viciniora
424 1981 507 2036 nobis
519 1983 676 2038 imminent
687 1982 825 2055 pericula,
837 1987 916 2038 tanto
928 1999 988 2037 mn·
1042 1984 1118 2039 sieut
1133 1984 1290 2047 eredimus
1303 1982 1456 2037 nobiseum
1474 1986 1681 2047 convenerunt,
1695 1979 1808 2054 legatos
1819 1998 1861 2037 nc·

165 2073 210 2147 gis
226 2089 279 2128 nos
295 2071 428 2144 providos
440 2071 619 2128 etsollicitos
630 2077 742 2144 oportet
757 2075 784 2127 et
800 2073 835 2127 ab
853 2072 910 2128 illis
921 2090 986 2128 cou-
1041 2077 1117 2129 stros
1133 2089 1198 2127 cnm
1226 2070 1329 2143 legatis
1353 2069 1463 2125 domini
1479 2071 1512 2124 Α.
1530 2069 1637 2124 summi
1654 2070 1814 2141 pontificis,
1830 2071 1860 2126 ad

164 2160 264 2218 silium
281 2166 309 2217 et
333 2159 473 2216 auxilium
504 2177 632 2232 quarere
657 2160 707 2233 qni
731 2166 759 2216 ct
782 2162 942 2229 abundant,
959 2167 986 2218 et
1041 2158 1860 2232 Graeorunrimperatoremtransmisimus.Porrodiscre·

164 2251 294 2306 conterre
320 2253 462 2304 noverunt
488 2253 516 2303 et
543 2250 612 2304 dare
638 2256 862 2306 consueverunt.
889 2253 984 2307 Habe·
1040 2249 1111 2306 tioni
1127 2254 1233 2305 nostrae
1259 2247 1368 2320 placuit
1391 2246 1501 2320 legatos
1526 2245 1693 2303 nostrosab
1710 2247 1865 2325 itineread

162 2357 230 2395 mus
245 2342 343 2394 antem
359 2338 388 2391 in
405 2337 514 2391 sinibus
535 2338 751 2409 patriarchatus
780 2340 881 2407 nostri,
900 2341 928 2395 in
945 2342 984 2395 ei·
1039 2345 1164 2394 vestram
1177 2337 1360 2409 praesentiam
1373 2353 1501 2390 evocare.
1513 2335 1593 2391 Unde
1604 2336 1673 2408 qnia
1685 2336 1716 2391 in
1727 2337 1862 2393 omnibus

160 2428 250 2483 vitate
266 2426 455 2491 Paneadensi,
473 2442 536 2496 qua
559 2426 666 2481 dicitur
688 2425 815 2493 Belinas,
832 2428 984 2485 ecclesiam
1039 2427 1128 2483 vestri
1141 2426 1254 2483 consilii
1269 2424 1454 2498 prudentiam
1467 2424 1862 2497 uobisducempradximus,

162 2517 321 2589 quamdam
351 2519 410 2569 tam
442 2515 598 2569 reverenda
628 2515 801 2587 antiquitate
831 2517 983 2587 celebrem,
1040 2513 1861 2587 etvestramsequentesauctoritatemlegatisGraecorum

162 2623 251 2678 quarn
271 2605 416 2659 multiset
434 2603 594 2658 multorum
625 2604 832 2659 miraculorum
862 2605 984 2679 iusigni-
1040 2624 1093 2662 nos
1108 2605 1312 2678 obligavimus,
1329 2619 1485 2675 precamur
1506 2603 1622 2665 iterum,
1640 2604 1782 2675 quoniam
1804 2607 1863 2677 jam

164 2695 220 2750 bns
251 2694 415 2749 decoratam
445 2695 473 2746 et
502 2691 668 2749 exaltatam.
700 2695 767 2757 Qriae
805 2692 915 2749 scilicet
939 2713 985 2751 ec·
1040 2690 1729 2766 scraessetpoeeiteatia,excellentiamvestram
1743 2694 1862 2766 regiam,

163 2783 251 2839 clesia
266 2782 295 2836 in
311 2780 360 2836 illo
376 2781 439 2836 loco
455 2780 584 2836 Caesarea
613 2780 738 2853 Philippi
768 2780 837 2837 olim
864 2784 985 2839 lundata
1039 2781 1554 2856 uitaleslcgatosadimperatorem
1568 2780 1865 2854 Constantinopolita-

164 2872 230 2938 fuit,
247 2871 277 2926 in
293 2887 350 2942 qno
366 2870 494 2942 primum
511 2875 539 2924 ct
553 2869 648 2925 solum
665 2869 797 2926 Christus
818 2871 909 2928 Filius
933 2873 984 2928 Dei
1039 2889 1110 2928 nram
1127 2871 1323 2943 mittatis,per
1338 2887 1411 2942 qnos
1428 2869 1575 2941 negotium
1593 2875 1744 2941 speratum
1756 2871 1793 2926 ad
1806 2871 1864 2944 glo·

163 2961 263 3024 vivia
279 2960 361 3015 Petro
386 2958 583 3030 apostolorum
608 2959 715 3014 vertice
740 2959 879 3030 per.fidei
901 2967 984 3017 recta
1039 2963 1113 3018 riam
1130 2967 1157 3017 et
1173 2959 1358 3016 securitatem
1372 2959 1451 3030 regui
1465 2959 1562 3024 vestri,
1575 2958 1632 3013 Deo
1644 2958 1771 3030 propitio
1782 2960 1864 3016 adel-

163 3049 374 3106 conlessionom
389 3047 630 3103 manifestissime
641 3046 984 3120 predicatusetdeclara-
1039 3054 1147 3108 lectum
1163 3049 1256 3105 valcat
1272 3048 1399 3121 perduci,
1416 3051 1445 3103 et
1465 3048 1499 3102 ad
1526 3065 1579 3103 uos
1594 3051 1693 3118 optata
1708 3050 1864 3104 commoda

161 3143 209 3194 tus
225 3143 279 3203 est,
295 3155 362 3193 cnm
379 3155 436 3209 pree
456 3136 593 3192 omuibus
608 3140 636 3191 et
651 3154 702 3209 pro
719 3137 856 3193 omnibns
872 3138 982 3209 procla·
998 3119 1020 3188 C
1039 3138 1197 3214 pervenire.
1211 3138 1376 3193 interventu
1393 3141 1555 3207 namqueet
1566 3135 1706 3191 instantia
1721 3137 1864 3194 discreto-

162 3227 252 3283 mnvit
268 3245 274 3283 z
295 3229 331 3282 Ta
354 3243 381 3281 ea
405 3228 537 3290 Christus,
553 3227 643 3282 Filias
666 3227 715 3280 Dei
730 3227 786 3280 trini
800 3227 908 3295 (rituali.
926 3246 981 3297 xvi,
1038 3247 1103 3285 rum
1118 3232 1146 3283 et
1160 3226 1290 3281 llrlelinm
1306 3225 1468 3298 legatorum
1485 3229 1698 3280 consueverunt
1713 3232 1864 3297 magnast

163 3318 216 3388 ld).
230 3318 262 3371 la
274 3314 431 3388 quostiam
443 3315 505 3370 loco
520 3315 609 3385 hujus
625 3314 715 3369 beatae
731 3315 922 3370 contessionis
939 3334 982 3373 rc·
1037 3319 1129 3373 ardua
1143 3315 1258 3389 negotia
1274 3319 1406 3387 optatum
1419 3318 1447 3369 et
1458 3331 1629 3386 prosperum
1645 3315 1735 3369 linem
1752 3316 1862 3372 sortiri.

160 3405 348 3459 tributionem
376 3405 477 3459 audire
493 3421 526 3458 ex
541 3421 589 3457 ore
604 3402 755 3457 Dominieo
771 3404 825 3458 sibi
842 3405 956 3460 dicente
974 3424 980 3462 :
1036 3407 1145 3462 Valcte.

163 3495 197 3548 Ta
212 3510 239 3547 es
254 3495 361 3558 Petrus,
378 3502 402 3548 et
417 3510 498 3563 aripcr
514 3493 586 3546 lisine
600 3499 704 3562 petreia
727 3492 868 3562 avlifirnlie
890 3494 981 3549 Eccle—
1419 3493 1479 3549 Vll.

159 3583 230 3636 sirim
245 3597 333 3636 mcum
347 3581 437 3650 (ibid,
450 3582 504 3649 le),
521 3585 549 3635 et
565 3579 658 3635 claves
675 3579 755 3652 regni
771 3580 920 3647 caelorum,
935 3600 991 3654 po»
1036 3604 1063 3641 u.
1085 3600 1121 3640 ns
1141 3601 1258 3646 nature,
1280 3598 1383 3637 strictis
1410 3599 1597 3638 rarrsaarours
1616 3598 1861 3640 consrsnmuoeo-

159 3673 355 3741 testatemque
366 3668 476 3741 ligandi
489 3674 575 3741 atque
583 3667 710 3723 solvendi
719 3668 844 3739 recipere
852 3671 912 3741 ipse
921 3689 983 3743 pro·
1400 3671 1498 3709 ΗΤᾹΝΙ·

160 3758 276 3812 meruit.
285 3758 349 3812 Haec
359 3757 448 3829 igitur
456 3757 587 3823 ecclesia,
598 3757 745 3826 quondam
759 3762 817 3811 tam
836 3759 943 3831 inclyta
954 3765 982 3815 et
1073 3765 1226 3826 Lanuvino,
1244 3760 1293 3815 Dei
1310 3760 1402 3832 gratia
1416 3758 1661 3815 excellentissimo
1681 3760 1861 3818 Francorum

158 3847 238 3902 omni
255 3847 438 3901 veneratione
452 3845 626 3916 etobscquio
640 3844 737 3916 digua,
752 3846 891 3914 aTureis,
903 3848 981 3903 Chri·
1036 3850 1106 3922 regi,
1119 3851 1152 3905 R.
1166 3866 1199 3904 ee
1211 3849 1331 3912 llacsso,
1342 3850 1376 3903 de
1388 3865 1510 3904 nnnrero
1523 3848 1651 3903 tidelium
1663 3849 1777 3904 domini
1793 3850 1862 3921 Elar-

158 3936 245 3992 sliani
258 3935 385 3990 nominis
396 3934 534 3996 inimicis,
547 3951 624 3988 nune
637 3934 694 3988 scre
705 3939 845 3998 eversa‚ct
856 3937 981 4006 peccatis
1036 3938 1186 4008 stanneus]
1202 3935 1515 4008 Constantinopolitani
1538 3935 1724 4008 imperatoris
1744 3954 1862 4010 semper

157 4025 265 4080 nostris
276 4023 469 4096 exigentibus,
482 4022 674 4078 tamillustris
685 4021 831 4086 olim,tam
845 4024 981 4095 praeclara
1035 4026 1163 4101 angusti,
1180 4025 1298 4081 sincera
1316 4024 1464 4079 lidelitutis
1479 4023 1663 4095 obsequium.

157 4113 269 4180 civitas,
286 4129 349 4184 quas
365 4117 469 4168 nostrae
484 4111 665 4168 Hierusalem
683 4111 935 4183 propugnaculum
952 4120 981 4170 et
1072 4114 1235 4188 Legationis
1250 4113 1396 4185 negotium
1414 4130 1569 4184 superque
1580 4112 1859 4184 adrianopolitanus

155 4200 455 4258 antemuralecnuetis
464 4200 668 4256 lidelibusesse
679 4200 979 4272 dignoscitur,nomen
1034 4204 1135 4271 abbae,
1148 4207 1176 4258 et
1187 4203 1266 4274 prior
1280 4201 1439 4273 Hospitalis
1454 4199 1778 4272 constantinopolitani,
1791 4219 1859 4257 rum

156 4290 242 4345 inane
258 4290 399 4345 duntaxat
419 4293 559 4346 remanet.
576 4290 625 4344 Est
641 4289 717 4344 enim
736 4289 764 4343 in
782 4290 979 4360 spurcissimas
1033 4291 1137 4365 legatis
1162 4291 1273 4346 domini
1290 4292 1322 4346 ll.
1340 4290 1438 4345 Sancti
1460 4289 1564 4361 AEgidii
1588 4288 1714 4357 comitis,
1730 4295 1859 4346 vestram

155 4378 326 4453 gentilitatis
341 4379 396 4434 sita
407 4378 543 4443 confinio,
554 4382 582 4432 et
594 4377 717 4432 barbara
727 4377 875 4431 ferocitate
886 4377 980 4449 ipsius
1033 4381 1184 4436 visitavere
1201 4380 1385 4452 presentiam
1405 4397 1411 4433 :
1429 4378 1500 4433 mihi
1526 4395 1592 4433 enm
1609 4378 1652 4433 eis
1668 4377 1779 4450 pariter
1792 4384 1858 4435 tan-

154 4468 335 4540 impugnata,
344 4472 372 4522 et
388 4466 507 4523 assidua
523 4465 687 4537 captivitate
703 4469 728 4519 et
746 4469 839 4519 morte
852 4466 978 4522 liliorum
994 4488 1017 4552 D
1034 4486 1123 4541 qnam
1136 4468 1250 4540 imperii
1263 4465 1815 4539 tidelissimoadominoincollinelyto
1831 4473 1858 4523 et

154 4574 274 4614 suornm
292 4557 411 4630 optimis
424 4557 590 4628 quibusque
601 4554 781 4621 destituitur,
795 4559 824 4609 et
835 4554 977 4612 minorata

153 4644 279 4718 singulis
297 4647 354 4701 l'ere
369 4645 473 4701 diebus
497 4643 686 4716 periclitatur.
703 4641 864 4698 Novissime
880 4650 976 4699 autern

152 4735 334 4806 temporibus
358 4735 466 4790 nostris
491 4731 643 4788 suscitavit
660 4736 732 4786 [teus
750 4731 885 4802 spiritum
902 4735 976 4788 servi

153 4822 197 4880 sui
212 4824 232 4878 l.
243 4823 416 4879 venerabilis
428 4822 526 4878 lralris
537 4820 639 4887 nostri,
650 4821 678 4874 in
695 4820 795 4874 eadem
810 4819 925 4875 civitate
940 4823 975 4875 ‹le

152 4911 549 4967 novoordinatietecustituli
562 4907 968 4981 episeopi,quirnrrltocorpo·

152 4997 193 5053 ris
207 4997 315 5064 labore,
334 5000 425 5054 multa
441 5017 537 5054 rerum
554 5014 675 5054 suarum
691 4996 975 5066 impensa,camdem

151 5085 303 5142 ecclesiam
321 5088 355 5140 ad
373 5088 530 5158 pristinum
558 5092 667 5143 statum
694 5101 826 5140 revocare
842 5086 973 5157 cnpieuS,

151 5190 203 5246 per
213 5174 291 5228 varia
306 5174 434 5245 pericula
446 5176 535 5231 uraris
547 5180 574 5231 et
584 5180 666 5231 terre
683 5174 838 5229 transitum
853 5175 972 5240 taciens,

150 5263 186 5317 ad
203 5279 298 5334 genua
314 5262 464 5319 eharitatis
479 5269 579 5319 vestra
596 5265 714 5319 tandem
737 5262 854 5335 elapsus
870 5269 924 5330 est,
941 5269 974 5319 nt

150 5350 345 5406 calamitatem
358 5356 385 5406 et
396 5354 613 5407 mendicitatem
626 5357 712 5407 tantm
725 5354 752 5406 et
767 5355 826 5405 tani
844 5369 973 5407 reveren-

149 5437 277 5494 dissima
289 5440 415 5497 ecclesia
426 5441 508 5496 vobis
519 5441 659 5503 insinuet,
671 5446 699 5496 et
709 5440 936 5496 condonationes
944 5447 972 5497 ct

149 5527 426 5601 relaxationes,qnas
436 5530 558 5586 consilio
570 5529 778 5584 venerabilium
792 5530 912 5583 fratrum
924 5547 971 5585 ne·

1033 4564 1132 4614 sancto
1148 4557 1321 4628 imperatore
1334 4557 1497 4626 injunctum
1511 4554 1574 4610 luit.
1587 4554 1708 4610 Proinde
1721 4556 1792 4627 qnia
1802 4556 1857 4629 ipsi

1031 4649 1171 4718 apparatu
1180 4661 1243 4699 meo
1252 4648 1278 4699 et
1288 4641 1856 4715 p1·ovideutin,jamaddeminummenm

1031 4734 1235 4805 imperatorem
1249 4732 1361 4787 alarino
1371 4731 1473 4786 itinere
1485 4731 1577 4786 redire
1588 4734 1749 4802 coepernnt,
1762 4731 1856 4786 ssdcli·

1031 4822 1099 4877 tatis
1115 4821 1319 4891 detritaquam
1333 4819 1414 4874 vonis
1429 4819 1563 4874 exhibere
1578 4825 1718 4890 tanquam
1734 4819 1856 4876 domino

1030 4910 1172 4975 desidero,
1190 4909 1370 4963 conlidenter
1391 4906 1569 4963 consulendo
1585 4924 1664 4979 rogo,
1680 4910 1708 4962 et
1724 4909 1855 4980 rogando

1030 4997 1161 5062 consulo,
1179 5002 1210 5052 nt
1225 4997 1336 5069 legatus
1351 5003 1462 5052 vestros
1477 5000 1505 5052 et
1519 4995 1631 5052 litteras
1647 4996 1683 5050 ad
1699 4996 1854 5052 dominum

1030 5104 1127 5142 meum
1144 5087 1173 5141 ll.
1190 5086 1395 5158 imperatorem
1421 5090 1566 5154 sanetum,
1583 5084 1646 5140 siue
1666 5086 1856 5142 cunctatione

1027 5183 1055 5230 et
1067 5192 1147 5230 mora
1164 5173 1297 5230 nrittntis
1310 5175 1375 5230 Scio
1391 5174 1469 5229 enim
1486 5174 1555 5245 quin
1570 5173 1697 5228 fraterno
1713 5190 1814 5230 amore
1825 5181 1855 5230 et

1026 5260 1763 5336 germanaclraritatepersonamvestram,bonerem
1771 5263 1853 5334 regni

1026 5352 1124 5413 vestri,
1141 5357 1170 5406 et
1184 5350 1306 5422 gloriam
1323 5349 1428 5422 diligit,
1441 5354 1468 5403 et
1484 5348 1682 5404 indissolubili
1697 5349 1815 5405 viuculo
1826 5356 1853 5405 et

1026 5456 1165 5512 germano
1177 5439 1320 5494 ronsortio
1332 5438 1413 5494 vobis
1424 5437 1529 5494 sociari
1540 5443 1569 5493 et
1580 5437 1657 5493 uniri
1668 5442 1795 5510 exoptat.
1807 5438 1854 5494 Vi-

1024 5533 1071 5583 vrit
1086 5533 1113 5584 et
1138 5527 1230 5582 valeat
1254 5543 1305 5598 per
1333 5526 1427 5581 multa
1457 5531 1589 5599 tempora
1617 5527 1788 5584 sublimitas
1804 5544 1853 5584 ve·
