3816 6006
130 262 162 320 a
545 264 647 326 msr.
669 266 890 328 rrransmr.
915 267 947 327 s.
970 238 1194 330 aueusr'rnr.
1211 301 1251 311 -
1265 268 1339 330 na.
1362 268 1401 328 n.
1784 272 1821 330 aa

128 395 328 450 sexcentesimo
354 394 467 451 decimo
488 400 579 453 sexto.
591 421 604 447 a
617 398 682 466 Qui,
694 403 727 454 ut
752 399 833 455 Beda
856 399 943 455 rerba
957 400 984 467 Α
999 399 1362 467 Dominamdecantatur,et
1380 417 1452 472 puer
1467 417 1482 455 a
1499 400 1682 456 naturalibus
1697 401 1822 456 rineufs

128 484 363 556 ponamusinter
378 491 483 541 catera
496 487 653 559 bonaque
670 488 748 559 genti
766 505 825 543 sua
837 506 944 543 consu-
1000 489 1146 544 resolutus
1176 489 1203 543 in
1234 489 1359 544 claruere
1386 494 1530 544 uersatur.
1561 489 1670 544 Salutis
1700 488 1822 544 inversis

127 572 945 650 lendoconferebat,etiamdecretaillijudiciarum,juxta
999 576 1152 642 calcaneis,
1170 579 1367 633 extenduntur
1395 577 1521 632 incurvae
1550 577 1636 645 tilria,
1663 577 1758 633 ssrrxns
1787 578 1823 632 de

87 716 91 737 Ι
126 659 246 732 exempla
257 662 549 730 Romanorum,cum
565 664 686 720 consilio
698 664 862 738 sapientum
875 683 944 721 con·
999 670 1133 721 concreta
1145 682 1232 721 carne
1243 667 1367 721 ubertim
1381 670 1513 722 cruentat
1529 666 1737 737 perimentum,
1751 682 1824 738 puer

125 750 307 823 stituit:quae
323 753 493 825 conscripta
506 753 666 826 Anglorum
691 771 825 811 sermone
846 755 943 811 hacte-
999 755 1127 810 extensis
1160 754 1277 810 lacertis
1310 755 1404 809 sancti
1438 755 1571 809 tumbam
1606 755 1823 826 apprehendere

124 854 170 891 nus
185 836 347 905 habentur,
359 842 388 893 et
403 839 595 896 observantur
609 841 646 896 ab
661 858 702 897 oa.
718 841 748 898 ln
766 843 874 915 quibus
888 843 944 915 pri·
999 842 1163 911 contendit;
1178 859 1245 898 mox
1264 843 1293 898 in
1318 844 1406 915 pedes
1430 849 1545 898 erectus
1569 843 1707 898 constitit.
1726 843 1823 914 l'opu-

122 927 944 1006 uitusposuit,qualiteridemendaredoberet‚quiali·
998 928 1045 985 lus
1068 931 1104 986 ud
1129 930 1285 987 clamorem
1315 932 1397 1004 pueri
1427 932 1588 1004 irrumpere
1612 933 1746 1000 certarit,
1772 932 1821 986 scd

122 1016 183 1088 quid
197 1016 944 1093 rerumrelecclcsioerelepiscopi‚velreliquorum
998 1036 1100 1074 nunna
1124 1019 1232 1075 ostium
1257 1019 1378 1087 obdidit,
1402 1021 1492 1075 donee
1515 1021 1618 1075 fratres
1644 1020 1821 1087 advenirent,

122 1104 250 1161 ordinum
267 1106 372 1162 furtim
387 1108 526 1176 auferret,
537 1109 637 1166 volens
659 1109 771 1167 scilieet
790 1110 944 1167 tuitionem
998 1111 1026 1163 et
1056 1107 1198 1180 hymnum
1227 1107 1322 1163 laudis
1352 1125 1403 1180 pro
1434 1107 1574 1163 miraculo
1605 1109 1820 1164 decantarent:

121 1195 166 1260 eis,
181 1211 259 1266 quos
282 1201 312 1250 ct
334 1212 463 1267 quorum
487 1197 650 1254 doctrinam
667 1204 846 1272 susceperat,
871 1219 943 1274 pra·
998 1213 1071 1268 puer
1085 1197 1204 1252 domum
1221 1195 1296 1252 redit
1318 1197 1443 1268 pedibus
1462 1197 1588 1269 propriis
1603 1196 1651 1268 qui
1668 1198 1823 1252 advenerat

121 1289 198 1340 stare.
212 1284 434 1357 »Prosequitur
456 1286 533 1342 idem
556 1287 730 1344 reparabilis
754 1289 943 1362 historiogra-
998 1284 1111 1340 alienis.

123 1372 189 1444 pbus
204 1373 300 1428 attam
325 1374 527 1448 genealogiam
544 1377 630 1448 regis,
643 1378 679 1433 ad
694 1395 782 1451 quem
805 1378 943 1434 lectorem
1034 1373 1101 1429 Car.
1113 1374 1195 1429 XXXI
1201 1375 1219 1430 1.
1232 1375 1298 1446 Ejus
1312 1391 1360 1446 ape
1371 1376 1491 1429 narratas
1506 1377 1622 1429 arne'sraa
1638 1376 1822 1430 inuenitur.-

122 1461 270 1517 mittimus.
283 1463 357 1534 Ep'us
372 1468 470 1519 autem
486 1465 651 1522 sanctitatis
664 1467 747 1522 testis
760 1471 804 1523 est
819 1467 945 1540 antiqui·
998 1463 1153 1536 Egregium
1176 1465 1318 1520 artificem
1343 1465 1477 1519 norimus
1502 1465 1637 1519 abbatem
1666 1464 1820 1518 abbando-

121 1557 165 1610 tas.
176 1555 373 1624 veterumque
385 1557 554 1608 sanctorum
566 1558 665 1610 terens
680 1556 849 1612 auctoritas.
861 1557 943 1623 Quod
999 1554 1053 1608 uiae
1070 1555 1125 1627 (33)
1140 1556 1271 1627 pictusa,
1289 1554 1445 1627 sculptura
1462 1560 1490 1609 et
1510 1554 1632 1609 aurificii
1649 1553 1822 1626 probatissi-

124 1638 223 1694 seiticet
237 1638 408 1714 antiquitus
423 1657 440 1696 a
455 1640 614 1713 primordio
629 1642 705 1699 iuter
719 1649 836 1705 sanctos
850 1644 943 1717 ipsius
999 1643 1426 1715 mun1‚Sperarernanriue.ls
1448 1642 1590 1697 annulum
1612 1643 1716 1715 regina.
1737 1641 1822 1714 Edgi-

123 1728 257 1784 eelrbrata
274 1729 316 1785 sit
331 1729 513 1788 solemnitas.
526 1731 606 1798 Quod
633 1750 685 1788 nce
709 1750 818 1802 amore,
835 1751 886 1790 nec
903 1751 945 1790 er·
998 1730 1065 1798 the,
1077 1731 1321 1804 pretiosissimum
1333 1730 1507 1804 perdiderat,
1517 1749 1574 1804 qut>
1589 1731 1699 1803 ubique
1715 1731 1823 1786 frustra

124 1834 184 1885 rore,
197 1833 251 1873 uec
266 1818 435 1875 temeritate
447 1819 483 1875 ab
495 1817 592 1892 aliquo
607 1819 683 1878 inter
696 1825 739 1879 tot
752 1821 900 1895 sapientes
915 1826 943 1879 et
998 1819 1129 1892 quaesito,
1141 1819 1228 1875 etiam
1243 1836 1324 1893 spem
1336 1835 1453 1875 omnem
1469 1819 1634 1875 inveniendi
1647 1818 1820 1892 perdiderat.

124 1905 275 1978 religiosos,
302 1911 336 1962 ut
363 1906 522 1976 credimus,
547 1917 783 1982 praesumeretur,
809 1911 865 1968 nisi
895 1910 943 1970 ille
997 1909 1126 1965 'landem
1144 1909 1179 1964 ad
1196 1913 1329 1965 sanctum
1343 1909 1512 1979 Letnrdum,
1524 1926 1591 1964 nam
1604 1908 1652 1964 hie
1665 1908 1822 1980 tonoapud

88 2006 93 2065 (
124 1995 174 2049 rita
190 1995 321 2068 puritate
334 2000 366 2052 et
379 1996 547 2054 coelestibus
562 1998 678 2055 iudiciis
689 1999 797 2072 dignus
809 2002 944 2073 probare·
997 2000 1131 2052 sunctum
1148 1998 1345 2070 augustinum
1369 1997 1508 2053 inritatus
1524 1998 1560 2050 ab
1577 1997 1680 2051 abbate
1706 1995 1822 2051 Elstano

125 2089 258 2151 uacum
275 2084 328 2141 tilii
347 2084 806 2156 suialiiquesuccessoras,boni
830 2106 864 2144 ao
883 2106 943 2145 nra·
997 2086 1184 2158 operabatur,
1209 2086 1351 2159 confugit,
1376 2087 1512 2160 precibus
1536 2091 1564 2140 ct
1593 2083 1729 2158 laorprnis
1749 2102 1822 2157 quas

125 2190 235 2246 gnarum
245 2173 392 2230 virtutum
406 2191 500 2249 reges,
512 2179 626 2232 tautum
642 2175 718 2233 iuter
732 2176 833 2234 fideles
843 2177 944 2234 defun·
998 2175 1134 2247 augustia
1148 2176 1274 2247 potentis
1294 2175 1417 2248 depositi
1438 2180 1608 2246 exterserat,
1618 2176 1681 2246 ejus
1696 2172 1821 2229 clcrnen·

126 2267 174 2318 ctos
190 2267 412 2320 memorentur:
426 2279 479 2319 neo
494 2262 577 2319 illum
593 2264 688 2321 fidelis
714 2266 791 2322 Beda
814 2266 942 2338 primum
998 2264 1069 2318 tiam
1086 2265 1224 2336 exposcit.
1239 2265 1294 2320 lies
1320 2264 1408 2318 mira!
1436 2264 1512 2319 illico
1537 2263 1592 2318 sibi
1616 2261 1754 2330 annulus,
1771 2261 1822 2317 ubi

126 2349 274 2422 ungrorum
306 2368 409 2425 regum
431 2352 621 2409 adscendisse
648 2371 773 2426 reguum
802 2355 942 2411 caelorum
998 2351 1308 2421 orabat,reln.rit‚ubi
1333 2352 1380 2407 ille
1406 2369 1556 2424 rrurrquarn
1573 2369 1603 2407 se
1619 2350 1762 2423 posuisse,
1779 2349 1822 2405 rel

127 2439 292 2510 scripsisset,
305 2441 362 2495 nisi
379 2440 517 2496 meritum
533 2441 777 2497 didicissetNam
790 2448 818 2498 el
835 2442 942 2499 inultos
997 2441 1132 2496 amisisse
1157 2443 1257 2513 jurare
1288 2441 1402 2496 innoxie
1431 2446 1553 2512 proterat.
1574 2439 1717 2495 Continuo
1747 2439 1822 2511 rapit

127 2533 179 2597 post
194 2545 262 2584 eum
277 2529 475 2585 celeberrima
486 2530 651 2587 sanctitatis
667 2548 750 2604 reges
761 2532 865 2604 anglia
879 2552 944 2606 pra·
997 2545 1064 2584 cunr
1079 2533 1159 2583 tanta
1172 2527 1363 2582 arrtmirntione
1374 2534 1404 2584 et
1420 2529 1646 2600 latitia,quanta
1658 2527 1822 2599 perdiderat

128 2614 185 2670 tulit
197 2623 226 2672 ct
240 2623 406 2684 veneratur,
417 2623 473 2674 etc.
997 2616 1197 2689 desperatione
1213 2622 1240 2672 et
1257 2616 1405 2685 molestia3
1425 2635 1476 2673 nec
1496 2618 1576 2673 solus
1599 2617 1754 2689 gaudebat,
1771 2615 1821 2670 sed

154 2709 215 2760 Car.
231 2705 324 2762 stix
336 2706 446 2763 letandi
454 2709 723 2765 sanctitas—Nunc
736 2711 811 2767 beati
828 2712 941 2767 Letardi
997 2713 1025 2762 et
1041 2723 1143 2763 ornnes
1159 2707 1262 2761 fratres
1278 2707 1350 2761 tanti
1366 2706 1504 2762 relatione
1516 2704 1649 2761 miraculi
1660 2705 1760 2760 l'estire
1775 2703 1821 2758 la·

129 2793 642 2868 atteranturinduciantgnnalleo
654 2800 776 2855 antistes
788 2801 940 2872 Lelantus,
997 2795 1136 2850 titicabat.
1148 2795 1207 2850 Nee
1222 2794 1317 2849 saturn
1334 2795 1407 2850 tanti
1424 2793 1555 2850 beneficii
1573 2810 1687 2849 memor
1702 2792 1821 2858 exstitit,

89 2910 95 2943 ,ι
130 2898 277 2952 praecursor
302 2887 330 2938 el
355 2882 467 2954 janitor
481 2885 595 2940 venturi
609 2887 766 2958 Augustini
795 2890 940 2961 apparuit,
997 2886 1048 2940 sed
1065 2890 1097 2939 ut
1112 2883 1223 2939 diutius
1242 2883 1303 2938 haec
1324 2883 1465 2938 memoria
1480 2887 1676 2955 perseueraret
1691 2881 1821 2937 clabora-

129 2971 253 3040 prevenit
266 2970 346 3027 bunc
362 2976 394 3027 ut
413 2971 529 3029 Lucifer
551 2973 658 3043 solem;
686 2976 835 3047 paravitei
853 2978 939 3046 riam,
996 2974 1046 3030 rit.
1058 2974 1129 3044 Ejus
1151 2972 1258 3046 quippe
1273 2977 1302 3028 et
1315 2971 1488 3028 venerabilis
1515 2971 1620 3044 regine
1646 2972 1821 3043 [lacteaque

130 3057 283 3130 ingressum
299 3066 327 3116 et
342 3059 439 3116 locum
453 3065 486 3117 ut
500 3060 549 3117 ilic
565 3069 680 3135 pararet
697 3064 827 3121 nomino.
843 3066 941 3123 Prodi·
997 3080 1056 3119 sue
1072 3061 1313 3135 peregrinationis
1333 3066 1377 3117 est
1401 3077 1517 3127 corona,
1539 3060 1683 3133 imagines
1707 3058 1820 3115 enormi

131 3162 176 3217 gns
191 3148 317 3220 ingentis
331 3149 436 3205 anima
457 3167 514 3205 non
535 3150 632 3207 timuit
647 3152 771 3208 lerinam
786 3127 978 3227 gentiliumc
998 3150 1201 3224 magnitudine
1224 3166 1256 3204 ao
1281 3150 1384 3205 decore
1399 3148 1545 3221 elligiarit,
1560 3166 1592 3204 ac
1616 3165 1705 3220 super
1728 3147 1822 3219 ipsius

131 3233 402 3305 brementensi
424 3237 607 3310 principibus
631 3241 801 3298 terribilem.
814 3243 878 3317 lpse
890 3245 941 3302 Dei
995 3239 1144 3297 tumulum
1155 3237 1324 3294 solemniter
1333 3238 1431 3294 erexit.
1442 3242 1601 3310 Separatur
1613 3237 1670 3290 alia
1685 3236 1821 3291 miracala

132 3322 234 3380 famula
248 3325 355 3398 ragina
373 3326 557 3394 Berraum
576 3328 751 3387 AEthelberto
761 3332 856 3389 adhue
871 3351 943 3407 gen·

130 3410 164 3464 tili
175 3412 366 3471 Christianae
379 3419 500 3488 paterno
515 3434 604 3491 regno
619 3419 797 3477 Francorum
813 3422 941 3479 mittere·

130 3503 177 3566 tur,
188 3501 255 3568 dur,
272 3519 382 3572 comes,
395 3505 506 3575 doctor,
522 3511 651 3564 serrator
665 3525 698 3565 ac
718 3510 809 3567 totius
825 3509 942 3585 pietatis

128 3587 277 3664 instigator,
291 3598 346 3650 ete.
367 3594 436 3661 Quis
460 3594 548 3668 digne
571 3595 696 3654 estimet
720 3604 830 3672 quauta
853 3600 941 3658 mira·

126 3678 182 3734 cula
194 3686 261 3753 post
275 3687 319 3738 tot
333 3683 439 3740 merita
451 3684 617 3741 exhibuerit
630 3686 661 3742 in
678 3690 746 3757 rita,
759 3690 845 3762 cujus
860 3696 943 3747 tanta

126 3769 301 3826 erebrescunt
315 3772 424 3828 uostris
439 3774 620 3847 temporibus
639 3780 706 3848 post
720 3782 762 3833 tot
782 3779 827 3834 sui
844 3779 942 3836 obitus

87 3908 89 3915 .
127 3858 231 3928 secula,
242 3860 278 3916 de
293 3859 402 3933 quibus
418 3860 528 3934 injuria
551 3869 596 3921 est
620 3882 677 3922 non
702 3884 864 3925 memorare
888 3869 940 3924 ali·

128 3963 186 4017 qua.

153 4040 213 4092 Car.
224 4036 308 4093 m.
321 4038 432 4096 Caecom
448 4042 601 4100 illuminat.
612 4075 647 4088 -
658 4045 718 4102 Sub
734 4046 839 4104 abbate
854 4065 941 4120 supe-

126 4122 177 4179 rius
187 4131 349 4184 memorato
357 4127 487 4187 vulfrico
498 4131 625 4204 puellam
637 4151 654 4190 a
664 4134 814 4192 natiuitate
824 4152 941 4206 caeam,

126 4220 151 4266 ut
165 4214 225 4286 ipse
241 4215 325 4272 testis
341 4223 404 4274 erat
424 4218 557 4289 idoneus,
569 4223 604 4278 ed
625 4223 719 4296 ipsius
734 4224 826 4281 sancti
842 4231 941 4282 tumu-

125 4299 177 4358 lum
188 4321 205 4359 a
215 4305 391 4377 parentibus
400 4307 566 4380 deductam,
576 4311 626 4369 llei
637 4312 741 4370 lucifer
751 4313 850 4387 ignota
861 4315 942 4387 prius

123 4389 179 4449 luce
192 4394 325 4464 donavit,
335 4401 366 4452 et
380 4396 528 4456 natalibus
543 4400 671 4458 tenebris
690 4402 831 4460 obvoluta
855 4422 941 4461 mun-

123 4479 184 4536 dum
199 4499 269 4538 cum
285 4483 348 4540 sole
363 4486 505 4544 attribuit.

150 4571 215 4627 Car.
229 4570 328 4628 xxm.
341 4574 512 4632 Cornutum
525 4581 618 4652 eripit.
629 4612 663 4621 -
676 4580 707 4637 In
724 4583 851 4655 quadam
864 4585 939 4650 Qua·

122 4658 283 4733 dragesima
298 4661 403 4720 mulier
417 4669 518 4722 natum
532 4686 620 4726 suum
634 4670 745 4728 inolitis
755 4670 784 4726 in
797 4677 878 4744 terga
887 4672 943 4728 eal·

122 4748 213 4804 tanais
229 4755 413 4808 contractum
433 4755 470 4811 sd
497 4757 562 4828 ejus
585 4758 734 4814 tumulum
754 4760 898 4833 deposuit,
914 4767 943 4818 et

122 4836 235 4896 hortatu
250 4858 358 4898 nunna
369 4844 425 4915 (37)
438 4844 589 4919 religiosa,
601 4865 664 4921 quae
680 4848 763 4905 illum
775 4849 871 4906 locum
885 4868 942 4907 ser-

122 4929 214 5000 nbat,
235 4928 337 4987 relicto
356 4931 473 5002 misero,
485 4934 637 4992 abscessit.
649 4937 763 4994 lntcrea
782 4940 817 4995 ad
842 4956 942 5012 respe-

996 3345 1059 3401 qaac
1074 3330 1217 3384 omisimus
1232 3326 1268 3382 ad
1281 3344 1341 3399 cap.
1356 3328 1400 3382 tu.

1032 3417 1099 3473 Car.
1116 3417 1185 3472 XLI.
1197 3417 1360 3473 Scultenna
1375 3415 1456 3486 abbas
1471 3416 1570 3471 obit.—-
1581 3414 1673 3488 Igitur
1683 3414 1821 3470 omnibus

996 3507 1031 3562 de
1041 3505 1129 3562 reteri
1140 3505 1262 3562 eeclesia
1273 3505 1409 3573 sublatis,
1420 3510 1448 3560 et
1463 3503 1493 3559 in
1509 3504 1684 3577 paratiorem
1697 3503 1820 3560 transla-

995 3596 1105 3651 tionem
1122 3595 1289 3666 reconditis,
1303 3611 1377 3667 sape
1393 3598 1573 3649 memoratus
1588 3593 1678 3649 abbas
1694 3592 1822 3649 Scollan·

996 3685 1052 3741 dus
1067 3685 1162 3757 ipsam
1178 3683 1330 3740 ecelesiam
1344 3684 1406 3754 jam
1418 3682 1563 3738 excidium
1577 3681 1820 3753 minantem‚jam

996 3791 1079 3830 ruere
1099 3776 1249 3846 parentem
1278 3773 1378 3839 diruit,
1391 3777 1419 3827 et
1435 3788 1508 3826 nora
1535 3770 1575 3825 ibi
1590 3769 1712 3825 aedificia
1727 3785 1821 3842 usque

996 3864 1031 3919 ad
1047 3862 1143 3935 ipsam
1166 3862 1310 3934 porticum
1327 3878 1360 3916 ue
1375 3858 1597 3916 translationem
1622 3858 1820 3930 praecluentis·

996 3950 1064 4008 simi
1079 3950 1235 4024 Augustini
1255 3953 1377 4023 ejusque
1393 3952 1562 4006 consortum
1582 3946 1704 4017 attollit;
1719 3963 1819 4002 verum

995 4039 1075 4096 hunc
1090 4038 1213 4095 ulterius
1240 4038 1372 4111 progredi
1394 4054 1521 4110 superno
1537 4042 1611 4093 nutu
1641 4053 1721 4093 mors
1737 4035 1821 4092 ebria

995 4129 1096 4185 retuit.
1111 4128 1248 4185 Praercnit
1262 4131 1358 4183 numm
1381 4127 1485 4181 faciem
1507 4125 1622 4181 Domini
1638 4125 1685 4197 pia
1700 4126 1821 4182 elcemo-

996 4235 1137 4292 synarum
1151 4222 1380 4287 caeterorumque
1396 4214 1540 4270 bonorum
1561 4218 1680 4269 actuum
1698 4231 1820 4271 exsecu-

996 4309 1087 4377 tione,
1099 4311 1127 4363 et
1142 4305 1339 4362 famosissimo
1359 4302 1565 4377 archipraesule
1585 4303 1747 4358 Lanfranco
1762 4320 1821 4358 om·

997 4415 1063 4454 nem
1093 4396 1225 4454 ordinem
1253 4392 1385 4467 obsequii
1400 4392 1590 4465 persolvente,
1612 4389 1714 4446 multis
1742 4389 1819 4447 hune

954 4486 1162 4565 plagentibus
1182 4484 1295 4558 placido
1311 4484 1368 4538 fine
1383 4480 1503 4553 quierit.
1528 4481 1675 4536 fracessit
1695 4497 1754 4535 uno
1774 4479 1819 4534 dio

995 4577 1109 4635 obitum
1126 4574 1202 4647 regis
1217 4571 1369 4640 Willelmi,
1383 4570 1434 4642 qui
1451 4570 1628 4642 condignum
1645 4570 1739 4624 filium
1754 4568 1820 4624 reli-

996 4665 1059 4739 quit
1074 4663 1218 4719 haeredem
1239 4660 1366 4718 nominis
1380 4663 1409 4716 et
1432 4659 1513 4732 regni
1541 4659 1588 4715 sui
1604 4676 1611 4713 2
1628 4660 1713 4731 cuius
1728 4659 1758 4713 in
1775 4675 1821 4715 ec·

996 4753 1084 4810 alesia
1112 4755 1140 4808 et
1169 4749 1279 4808 sanctis
1298 4747 1492 4822 provehendis
1518 4747 1676 4804 sollicitum
1705 4747 1820 4804 deside·

997 4843 1084 4909 rium,
1102 4842 1179 4914 qnod
1195 4839 1327 4913 gratuita
1343 4840 1393 4894 Dei
1416 4839 1543 4913 largitati
1566 4855 1598 4895 ao
1627 4839 1652 4896 si
1677 4839 1740 4911 jam
1756 4855 1821 4910 per-

997 4937 1096 4989 actum
1113 4932 1150 4987 ad
1171 4930 1418 4986 remunerandum
1444 4929 1564 4999 sufficit,
1581 4946 1734 4986 successor
1757 4929 1821 5000 ejus

123 5032 165 5072 ras
187 5018 319 5091 hymnus
339 5020 389 5076 Dei
405 5022 560 5080 Genitricis
581 5025 737 5098 Magnificus
761 5031 856 5086 anima
882 5048 945 5087 ma
997 5019 1122 5093 explerit
1137 5019 1179 5075 uti
1195 5019 1308 5091 primus
1322 5017 1439 5074 libellus
1455 5018 1603 5075 disseruit.

154 5198 209 5265 (37)
219 5198 260 5254 Eo
270 5199 399 5269 nomine,
410 5200 500 5258 etiam
513 5199 676 5276 Anglorum
690 5202 767 5280 leges
789 5207 944 5266 sanetimo

125 5266 225 5326 uiatcrn
241 5270 381 5329 feminam
395 5273 600 5348 designabant.

1034 5196 1342 5268 (33)Vetustissimum
1360 5199 1571 5255 monasterium
1587 5198 1744 5256 comitatus
1760 5199 1822 5257 Ber·

999 5287 1084 5347 traria
1100 5287 1136 5346 ad
1153 5286 1285 5345 Tamesis
1300 5292 1329 5346 et
1343 5286 1423 5347 Oooa
1440 5289 1629 5346 confluentes.
