3816 6006
52 263 115 330 'itt
409 264 446 328 1³.
468 261 667 329 rabanoni
689 260 792 326 alsa.
814 260 865 324 1111
886 258 1092 323 alueosot.
1115 258 1199 322 1le
1204 303 1211 320 .
1227 292 1268 306 -
1280 258 1355 323 LlB.
1377 258 1403 322 1.
1698 261 1758 324 tte

53 419 107 459 vos
122 399 205 467 estis,
217 398 297 473 quod
312 415 379 456 cum
396 399 498 455 Turois
514 397 638 471 praeliari
653 396 783 454 valeatis.
793 419 807 446 »
823 395 881 469 Ipsi
896 394 1016 468 Aquod
1032 394 1165 467 nequiret
1181 394 1303 451 retinere
1318 393 1467 451 indomitae
1483 393 1577 468 gentis
1591 395 1756 468 vesaniam

53 508 121 549 vero
137 488 296 546 Christiani
320 488 454 561 nequiter
469 506 500 545 se
515 488 545 544 in
561 487 699 543 omnibus
724 486 881 543 habebant.
938 484 987 556 qui
1003 501 1055 540 neo
1070 485 1099 539 in
1116 485 1231 540 modico
1247 486 1446 557 obtemperare
1456 484 1592 541 volebant
1606 485 1759 543 saluberri-

53 581 130 638 Nam
146 577 256 652 palatia
281 576 406 633 civitatis
431 577 622 633 destruebant
644 581 672 632 et
687 577 838 643 ardebant,
855 579 884 631 et
938 575 995 629 mis
1019 574 1139 629 monitis
1164 573 1268 646 ipsius.
1286 574 1378 646 lgitnr
1393 575 1491 642 Turci,
1507 575 1652 630 irruentes
1672 591 1761 647 super

54 669 227 727 auferebant
240 665 492 740 plumbum,unde
503 667 631 723 ecclesie
647 671 730 722 erant
742 671 883 740 cooperta
938 680 997 730 eos,
1015 662 1123 719 multos
1140 663 1318 730 occiderunt,
1336 663 1409 719 alios
1432 663 1619 735 dormientes,
1632 662 1704 720 alios
1715 665 1760 737 ja-

54 761 83 813 et
92 755 260 813 vendebant
270 755 387 812 Granis.
400 758 581 829 Quapropter
594 755 752 828 imperator
767 754 883 812 hierius
939 758 1047 819 centes,
1063 751 1137 809 alios
1150 754 1256 820 nudos,
1274 770 1326 808 nec
1342 770 1399 808 non
1411 756 1439 808 et
1453 745 1637 826 presbyteros
1652 752 1760 810 missas

55 844 148 903 nimis
176 845 279 903 iratus.
291 844 384 915 jussit
414 843 480 900 illos
512 850 692 901 transmeare
718 845 882 900 brachium.
939 842 1118 899 celebrantes
1134 843 1340 914 superaltaria
1364 843 1632 915 martyrizaverunt.
1649 842 1694 900 llli
1710 842 1760 915 qui

22 941 26 955 ’
55 935 216 1007 Postquam
243 949 310 988 vero
339 932 613 1002 transfretaverunt,
643 951 702 989 non
731 934 885 989 cessabant
939 933 1240 1004 potuerunteradere,
1260 930 1761 1004 fugeruntCivitoth,aliimiseruut
1868 989 1872 993 ,

57 1039 144 1097 agere
158 1021 258 1078 omnia
277 1021 365 1077 mela.
382 1021 455 1076 Nam
480 1023 622 1078 ardebant
644 1028 673 1078 et
696 1023 886 1079 devastabant
939 1039 970 1077 se
985 1021 1014 1076 in
1031 1039 1120 1090 mare,
1138 1021 1186 1077 alii
1210 1021 1239 1076 in
1264 1019 1363 1087 silvas,
1380 1020 1429 1076 elii
1454 1021 1483 1075 in
1506 1025 1655 1077 montana.
1672 1020 1760 1077 Tuci

59 1113 164 1170 domos
175 1115 204 1167 et
214 1108 498 1167 ecclesias.Taudem
510 1116 702 1184 pervenerunt
712 1112 884 1168 Nicomiam.
940 1127 1067 1183 namque
1079 1114 1287 1183 persequentes
1302 1127 1351 1166 eos
1367 1111 1396 1165 in
1412 1111 1762 1180 castrum,aduuaverunt

58 1199 123 1257 illic
135 1198 221 1256 divisi
231 1199 464 1255 suntLombardi
477 1205 504 1256 et
516 1201 742 1273 Langobardi,et
752 1200 887 1257 aleman·
939 1200 1031 1273 ligna,
1043 1205 1075 1255 ut
1085 1216 1134 1256 eos
1145 1201 1280 1255 arderent
1291 1215 1357 1254 oum
1369 1203 1476 1254 castro.
1487 1196 1645 1255 Christiani
1660 1197 1760 1272 igitur,

58 1290 88 1346 ni
104 1307 123 1346 a
137 1287 269 1355 Francis,
285 1287 355 1361 quia
370 1288 470 1344 Franci
483 1288 560 1361 pleni
576 1295 659 1345 erant
672 1289 782 1346 invidia
796 1294 824 1346 et
838 1295 886 1346 tu·
942 1290 989 1362 qui
1006 1289 1035 1345 in
1052 1288 1170 1344 castello
1185 1292 1279 1355 erant,
1295 1287 1498 1343 submiserunt
1516 1287 1614 1360 ignem
1627 1286 1657 1342 in
1672 1285 1762 1360 lignis

58 1376 299 1450 midasuperbia.
311 1376 527 1451 Elegeruntque
539 1377 887 1450 seniorem,nominellsi-
941 1378 1089 1445 adunatis,
1107 1382 1135 1434 et
1149 1394 1184 1433 ex
1200 1378 1249 1434 Dei
1263 1376 1413 1433 voluntate
1428 1393 1560 1432 reversus
1573 1379 1618 1431 est
1632 1374 1709 1450 ignis
1724 1374 1761 1431 ad

58 1467 194 1533 ualdum,
210 1471 238 1522 et
251 1465 437 1522 intraverunt
452 1467 637 1536 Rementem,
652 1473 681 1525 et
694 1487 746 1542 per
761 1475 888 1542 quatuor
941 1470 1061 1536 Tureos,
1074 1472 1103 1523 et
1117 1467 1224 1523 idcirco
1240 1483 1290 1523 eos
1305 1465 1494 1539 reliquerunt.
1510 1465 1604 1539 Igitur
1616 1464 1703 1521 Turci
1717 1462 1761 1520 di·

57 1557 123 1614 dies
138 1555 236 1612 ierunt
246 1554 324 1611 ultra
336 1556 483 1611 Nicanam
500 1557 657 1620 civitatem,
674 1564 702 1614 et
714 1558 887 1615 invenerunt
940 1559 1071 1613 videntes
1084 1555 1159 1623 illos,
1171 1573 1245 1629 quos
1256 1550 1509 1629 apprehenderant
1518 1555 1608 1625 vivos,
1620 1554 1762 1610 distraxe·
1779 1590 1782 1594 ι

59 1646 210 1721 quoddam
236 1648 366 1701 castrum
388 1646 580 1719 Enerogorgo,
597 1649 888 1720 quodvacuum'erat
942 1651 1011 1702 runt
1039 1647 1181 1718 quosdam
1209 1647 1396 1712 corosanam,
1413 1643 1487 1701 alios
1510 1644 1539 1700 in
1559 1643 1719 1711 Persidem,
1735 1645 1765 1698 et

59 1739 158 1810 gente.
175 1734 210 1790 Et
224 1733 481 1807 apprehenderunt
496 1734 579 1804 illud,
596 1737 625 1791 in
642 1754 699 1810 quo
714 1737 887 1793 invenerunt
901 1773 925 1837 Β
942 1735 1014 1792 alios
1028 1753 1080 1808 per
1094 1735 1224 1791 diversas
1237 1733 1411 1806 provincias.
1424 1734 1483 1789 Hoc
1493 1737 1588 1789 toturn
1599 1734 1707 1790 factum
1720 1736 1765 1789 est

60 1825 246 1881 frumentum
260 1824 455 1895 abundanter,
469 1825 619 1893 stainam,
631 1832 771 1883 etcarnes
782 1832 810 1883 et
825 1844 887 1882 om·
942 1825 972 1880 in
991 1842 1092 1881 mense
1111 1823 1256 1880 Octobrio.
1272 1823 1400 1879 Audiens
1424 1823 1479 1879 hoc
1500 1823 1669 1896 imperator,
1686 1825 1764 1898 quod

61 1914 113 1971 nia
127 1916 215 1970 bona.
230 1913 389 1969 Audientes
409 1914 508 1986 itaque
533 1916 620 1971 Turci
636 1917 713 1987 quod
730 1916 886 1980 Christiani
942 1914 1030 1970 'larci
1040 1916 1082 1970 ita
1096 1913 1290 1986 dissipassent
1306 1917 1430 1980 nostros,
1440 1912 1686 1986 latusetgavisus
1698 1914 1763 1983 fuit,

62 2007 163 2062 essent
177 2003 207 2059 in
223 2006 328 2070 castro,
340 2009 483 2058 venerunt
499 2004 636 2060 continuo
655 2005 788 2061 obsidere
802 2005 886 2062 illud.
943 2005 1068 2076 fecitque
1079 2020 1129 2059 eos
1140 2019 1269 2058 remeare
1280 2006 1361 2058 trans
1372 2000 1608 2059 brachiumPost
1618 2003 1679 2059 hec
1689 2020 1766 2060 com·

61 2096 137 2151 ltnte
148 2097 262 2165 portam
273 2092 392 2164 quidem
404 2092 492 2149 castri
499 2097 561 2148 erat
570 2098 687 2166 puteus,
699 2100 727 2150 et
738 2096 773 2150 ad
785 2096 887 2166 pedem
943 2094 1057 2167 paravit
1072 2093 1171 2149 omnia
1186 2109 1267 2148 arma
1283 2108 1394 2148 corum.
1411 2091 1477 2148 Hac
1501 2092 1600 2148 omnia
1623 2092 1665 2148 ita
1683 2096 1766 2166 gesta
1788 2156 1790 2160 ,

62 2181 153 2240 castri
168 2186 230 2239 erat
244 2181 310 2239 fons
324 2183 418 2249 vivus,
431 2184 517 2255 juxta
531 2200 618 2256 quem
634 2184 704 2241 exiit
729 2184 889 2241 Rainaldus
944 2189 1022 2239 sunt.

62 2272 208 2329 excubare
231 2275 350 2343 propter
373 2273 492 2328 Tureos.
510 2272 664 2329 Venientes
688 2274 787 2346 itaque
802 2273 889 2331 Turni
980 2273 1189 2330 secundavero
1200 2289 1268 2345 pars
1284 2271 1402 2328 intravit
1419 2275 1515 2345 partes
1531 2269 1692 2338 sclavinia,
1709 2269 1765 2327 sci·
1786 2285 1789 2289 ’

62 2360 94 2416 in
105 2359 152 2416 die
163 2359 356 2416 dedicationis
368 2362 397 2417 S.
410 2361 572 2434 Michaelis,
583 2362 756 2419 invenerunt
772 2363 889 2420 Rainal-
943 2362 1012 2419 licet
1027 2363 1212 2420 Raimundus
1232 2362 1330 2419 Sancti
1353 2361 1460 2434 AEgidii
1484 2376 1591 2428 comes,
1607 2363 1636 2416 et
1649 2376 1716 2415 cum
1732 2376 1766 2416 eo

63 2450 148 2517 dum,
158 2454 187 2506 et
197 2448 270 2506 alios
282 2466 384 2506 omnes
395 2450 445 2524 qui
456 2465 523 2507 cum
536 2469 569 2509 eo
581 2457 673 2520 erant,
684 2458 712 2510 et
722 2453 891 2509 occiderunt
944 2451 1125 2509 honorabilis
1141 2451 1291 2508 Podiensis
1305 2450 1578 2524 episcopus.Tertia
1588 2453 1686 2506 antem
1697 2463 1766 2521 pars

64 2538 176 2595 multos
190 2555 225 2594 ex
240 2538 291 2594 eis.
305 2538 361 2594 alii
377 2556 444 2597 vero
466 2541 516 2614 qui
532 2548 738 2599 remanserunt
753 2544 891 2617 fugerunt
945 2542 1158 2615 perantiquam
1171 2542 1294 2598 Romam
1308 2540 1397 2597 venit.
1411 2540 1443 2596 lu
1457 2540 1513 2596 ista
1527 2543 1609 2613 parte
1624 2540 1768 2613 preerant

64 2627 95 2683 in
113 2632 253 2693 castrum,
270 2627 348 2698 quod
365 2628 451 2684 'l'urci
468 2630 646 2687 obsederunt
669 2633 818 2698 continuo,
834 2632 890 2689 eis·
946 2630 1134 2687 Flandreusis
1149 2647 1258 2697 comes,
1274 2635 1303 2687 et
1316 2629 1473 2686 lietbertus
1490 2628 1724 2695 Northmannus,
1739 2630 1767 2684 et

66 2732 125 2789 que
149 2732 256 2788 aquam
281 2716 474 2774 abstulerunt„
494 2720 622 2775 Fuerunt
636 2721 735 2793 itaque
752 2722 845 2778 nostri
860 2722 891 2777 in
945 2721 1029 2794 Hugo
1044 2721 1180 2793 Magnus,
1196 2724 1224 2776 et
1239 2718 1288 2777 alii
1307 2719 1417 2792 plures.
1433 2720 1468 2775 lii
1492 2735 1594 2776 omnes
1619 2717 1767 2792 applicue-

66 2808 150 2862 tanta
171 2803 328 2860 afflictione
352 2806 428 2875 sitis,
444 2809 523 2880 quod
548 2809 737 2866 flebotomare
763 2811 892 2867 facerent
946 2813 1015 2865 runt
1042 2810 1078 2865 ad
1108 2814 1224 2882 portum
1252 2807 1462 2878 Brundusium,
1483 2812 1513 2865 et
1540 2810 1655 2876 lterum,
1679 2813 1768 2880 atque

66 2910 138 2951 suos
148 2909 241 2965 equos
251 2897 280 2949 et
289 2893 399 2963 asinos,
412 2913 537 2968 quorum
549 2899 722 2971 sanguinem
733 2899 889 2968 bibebant;
947 2899 1116 2954 Tarentum.
1134 2898 1199 2954 Mox
1215 2898 1297 2971 Hugo
1313 2898 1448 2972 Magnus,
1460 2903 1489 2954 et
1504 2896 1678 2955 Guillelmus
1693 2912 1768 2953 mar·

67 2981 170 3040 atalia
190 2982 410 3055 quamplurima
430 2985 572 3043 terribilia
594 2993 713 3060 propter
738 2989 891 3061 penuriam
947 2987 1020 3044 chisi
1040 2987 1129 3054 filins,
1146 2987 1296 3043 mittentes
1317 3003 1348 3042 se
1372 2987 1402 3041 iu
1431 3003 1511 3043 mare
1537 2990 1619 3059 porto
1648 2986 1766 3052 Barum,

67 3089 151 3145 aquae
167 3075 382 3144 perpetrarunt.
394 3073 449 3129 Alii
464 3092 532 3131 vero
548 3076 704 3133 mittebant
718 3078 848 3134 cincidas
861 3079 891 3133 in
946 3079 1208 3132 transfretaverunt
1225 3074 1391 3130 Duraohim.
1404 3075 1483 3140 Quod
1496 3075 1620 3130 audiens
1634 3072 1769 3130 duxciri·

67 3160 212 3234 piscinam
228 3164 256 3217 et
271 3165 372 3233 postea
397 3162 585 3221 dimittebant
614 3165 642 3220 in
667 3184 700 3222 os
722 3144 1113 3232 enumericensium
1141 3163 1276 3220 videlicet
1304 3161 1476 3235 applicatos,
1501 3163 1639 3219 contiuuo
1667 3162 1768 3235 iniqua

66 3248 890 3327 quippemingehantinpugilloalterius,etsiehihebant.
946 3254 1121 3328 cogitatione
1146 3269 1306 3309 succensus
1330 3251 1422 3323 jussit
1449 3250 1515 3308 illos
1540 3251 1770 3325 apprehendi,et

66 3339 121 3394 Alii
140 3343 240 3395 autem
264 3339 414 3397 fodiebant
438 3342 590 3398 humidam
615 3348 733 3408 terram,
750 3350 779 3400 et
794 3345 892 3416 supini
947 3341 1229 3415 Constantinopolim
1259 3346 1327 3397 ante
1353 3341 1559 3413 imperatorem
1592 3342 1706 3407 deduci,
1736 3347 1770 3399 ut

62 3427 218 3500 jactabant
226 3444 267 3494 se,
280 3432 309 3484 et
320 3430 549 3486 mittebanteam
562 3449 650 3502 super
664 3449 766 3488 eorum
776 3440 892 3505 pectora
947 3434 972 3490 ei
989 3431 1160 3488 fidelitatem
1175 3431 1312 3487 facerent.
1325 3434 1385 3485 Dux
1399 3429 1497 3503 itaque
1511 3430 1685 3487 Godefridus
1700 3447 1768 3487 cum

66 3522 120 3575 aut
134 3533 257 3589 corpora
270 3534 322 3590 pro
338 3519 430 3575 nimia
449 3520 583 3576 ariditate
598 3521 674 3577 sitis.
690 3522 824 3594 Episcopi
839 3540 893 3578 au·
946 3539 1000 3578 suo
1028 3520 1155 3577 exercitu
1185 3518 1468 3591 Constantinopolim
1496 3519 1653 3576 adveniens
1676 3518 1769 3592 pridie
1821 3568 1824 3572 .

66 3611 127 3663 tem
141 3606 355 3679 etpresbyteri,
373 3607 422 3681 qui
436 3607 496 3665 illic
518 3610 649 3678 aderant,
667 3612 893 3668 commonebant
946 3610 1047 3668 Natale
1058 3608 1184 3677 Domini,
1195 3608 1361 3680 hospitatus
1371 3612 1416 3664 est
1425 3608 1511 3678 juxta
1523 3607 1680 3676 civitatem,
1698 3607 1769 3663 fuit·

67 3712 117 3752 eos
132 3695 264 3751 dicentes
281 3712 287 3751 :
305 3718 319 3746 a
336 3697 434 3752 Estote
459 3698 557 3766 fortes,
579 3698 773 3767 dilectissimi,
790 3700 819 3754 in
835 3700 892 3755 fide
946 3700 1064 3774 queibi‚
1077 3700 1168 3755 donec
1179 3698 1338 3769 imperator
1345 3697 1436 3769 jussit
1446 3713 1513 3752 eum
1525 3696 1554 3752 in
1565 3696 1659 3770 burgo
1667 3696 1767 3769 recipi.

67 3783 187 3853 Christi,
199 3787 228 3839 et
245 3783 334 3841 nolite
349 3784 451 3841 timere
467 3802 516 3842 eos
531 3788 581 3860 qui
597 3805 648 3843 vos
664 3790 891 3860 persequuntur.
946 3790 1077 3862 Cumque
1092 3792 1226 3860 receptus
1247 3787 1361 3854 fuisset,
1378 3785 1504 3859 eligebat
1527 3802 1628 3842 securo
1652 3801 1686 3842 ex
1705 3785 1768 3842 suis

66 3872 140 3929 Nam
155 3872 298 3929 Dominus
312 3873 402 3930 dixit:
417 3876 507 3932 Nolite
528 3878 624 3932 tiniere
647 3879 754 3951 eosqui
768 3879 893 3933 occidunt
946 3895 1020 3952 quos
1035 3895 1086 3951 per
1101 3876 1233 3949 singulos
1247 3875 1310 3932 dies
1331 3874 1549 3932 transmittebat
1571 3875 1658 3942 foras,
1673 3878 1705 3930 ut
1721 3890 1768 3930 as·

65 3960 315 4031 aequalissimam
333 3968 425 4017 auten
444 3979 500 4018 noo
515 3973 629 4034 possunt
647 3965 765 4021 occidere
781 3966 890 4038 (rhottb.
946 3972 1096 4042 portarent
1121 3966 1218 4040 paleas
1240 3970 1269 4021 et
1292 3964 1349 4021 alia
1371 3963 1545 4021 necessaria.
1562 3963 1617 4020 Sed
1639 3963 1768 4036 pertidus

65 4061 93 4114 x,
104 4048 165 4116 28).
180 4044 244 4102 liaeo
261 4047 424 4118 persecutio
440 4049 495 4104 fuit
512 4048 616 4106 diebus
626 4056 702 4107 octo.
715 4052 827 4108 Interea
840 4054 893 4109 do·
946 4056 1105 4129 imperator
1119 4055 1182 4111 suis
1197 4053 1370 4127 Turcopolis
1384 4058 1412 4109 et
1427 4052 1608 4109 pincinnatis
1632 4053 1687 4109 sub
1703 4050 1769 4108 dole
1813 4094 1820 4104 .

67 4134 168 4190 miuus
191 4132 419 4191 Alamannorum
447 4137 618 4195 consiliatus
633 4144 678 4195 est
693 4157 760 4196 cum
777 4142 891 4209 Turois,
945 4145 1110 4217 imperabat
1123 4160 1173 4199 eos
1188 4142 1323 4198 invadere
1338 4145 1366 4196 et
1381 4141 1521 4197 occidere.
1538 4142 1619 4207 Quod
1635 4141 1767 4198 animad-

65 4221 194 4294 qualiter
218 4222 345 4279 traderet
368 4223 441 4282 alios
461 4243 572 4282 omnes.
589 4228 624 4283 Et
640 4229 753 4301 fingens
768 4246 799 4286 se
814 4231 892 4288 exire
945 4239 1061 4291 vertens
1071 4233 1239 4288 Baudoinus
1251 4231 1339 4286 frater
1350 4229 1443 4298 ducis,
1456 4247 1522 4286 mox
1532 4229 1768 4304 sagacitercoepit

65 4312 102 4368 ad
112 4309 236 4379 bellum,
248 4311 335 4386 fugiit
347 4314 382 4369 ad
394 4313 460 4371 illos
471 4332 538 4371 cum
548 4315 660 4373 multis.
671 4316 715 4373 illi
724 4321 891 4392 eutem‚qui
946 4323 1114 4397 perquirere
1127 4339 1164 4378 an
1180 4320 1253 4377 forte
1267 4319 1332 4376 illos
1348 4323 1497 4392 utcunque
1511 4319 1641 4376 iuvenire
1655 4319 1767 4393 potuis·

65 4399 225 4456 Dominum
239 4416 344 4473 negare
359 4402 526 4472 noluerunt,
543 4404 698 4476 capitalem
714 4409 891 4465 sententiam
946 4418 1000 4468 set.
1011 4412 1141 4467 Tandem
1149 4408 1765 4483 gentemsuameosdevastantesreperieus,

64 4493 271 4561 susceperuut.
282 4490 362 4546 Alios
378 4491 635 4564 apprehenderunt
645 4495 777 4562 'farciat
788 4497 892 4553 divise·
906 4517 929 4582 D
946 4500 1132 4556 animositate
1145 4496 1260 4561 invasit,
1274 4501 1302 4552 et
1317 4496 1375 4553 Deo
1390 4496 1546 4567 adjuvante
1561 4496 1716 4568 superavit.
1732 4497 1768 4553 lit

64 4580 136 4633 runt
149 4576 228 4633 inter
242 4593 273 4633 se
288 4578 366 4634 sicat
381 4581 518 4651 quelibet
541 4582 690 4639 animalia.
706 4583 786 4641 Alios
802 4586 890 4642 mise·
946 4588 1168 4663 apprehendens
1180 4605 1213 4643 ea
1224 4587 1267 4642 eis
1279 4586 1438 4658 sexaginta,
1450 4584 1523 4641 alios
1533 4585 1686 4655 interfecit,
1694 4585 1766 4641 alios

64 4672 135 4722 runt
147 4666 184 4722 ad
195 4665 325 4740 signum,
338 4672 366 4723 et
378 4669 712 4741 sagittabanteos;alios
727 4674 891 4732 vendebant
946 4684 1012 4736 ante
1028 4677 1111 4734 ducis
1127 4679 1315 4749 conspectum
1331 4673 1461 4730 deduxit.
1478 4675 1558 4741 Quod
1574 4673 1696 4730 audiens
1710 4672 1766 4730 im-

64 4760 94 4812 et
104 4755 265 4826 donabant,
277 4761 364 4828 prout
374 4756 434 4814 illis
448 4763 509 4813 erat
524 4759 669 4816 voluutas.
682 4761 891 4836 Unusquisque
946 4772 1071 4840 perator,
1089 4764 1183 4821 tristis
1198 4762 1287 4819 nimis
1302 4764 1422 4818 allectus
1437 4767 1490 4819 est.
1507 4762 1571 4818 Dux
1587 4767 1683 4818 autem
1698 4779 1765 4818 sen·

63 4843 228 4900 deducebat
242 4860 312 4901 suos
327 4844 378 4901 ubi
394 4846 450 4919 ipsi
463 4848 632 4917 manebant,
649 4848 698 4904 alii
719 4849 750 4904 in
773 4853 891 4907 Carasa·
944 4850 1215 4925 tiensimperatoris
1230 4850 1502 4920 stomachationem,
1511 4851 1602 4922 jussit
1611 4867 1680 4907 suos
1689 4867 1766 4907 com-

63 4949 147 5002 num,
163 4930 213 4988 alii
228 4931 260 4988 iu
274 4933 470 5004 Antiochiam,
487 4935 536 4991 alii
553 4936 652 5009 tleph.
671 4938 722 4994 lsti
739 4939 826 5011 primi
842 4958 889 4997 ac·
944 4942 1093 4998 militonos
1116 4941 1151 4997 de
1173 4941 1265 5013 burgo
1287 4939 1375 5010 exire,
1390 4943 1419 4994 et
1433 4944 1513 4995 extra
1527 4939 1674 4996 civitatem
1689 4940 1767 4997 sicut

62 5023 204 5094 ceperunt
227 5021 351 5078 feliciter
378 5023 562 5098 martyrium.
580 5026 720 5082 Posthac
738 5029 890 5087 audientes
943 5031 1025 5105 prius
1042 5035 1138 5087 castra
1153 5046 1269 5104 ponere.
1291 5030 1453 5102 Imperator
1464 5045 1531 5086 vero
1546 5046 1610 5086 sero
1626 5046 1764 5104 superve-

61 5110 150 5168 'l'urci
165 5110 246 5182 quod
260 5110 364 5169 Petrus
379 5114 507 5170 ilremita
518 5119 546 5170 et
557 5116 710 5172 Canterius
725 5117 888 5176 fuissentin
915 5118 917 5121 ’
943 5122 1041 5176 niente
1064 5119 1155 5175 misso
1179 5118 1305 5175 exercitu
1330 5117 1398 5174 feeit
1421 5117 1557 5176 invadere
1575 5119 1689 5189 ducem,
1704 5118 1764 5195 ple·

62 5197 201 5267 Civitoth,
218 5201 295 5272 quod
311 5206 357 5257 est
370 5218 461 5275 supra
475 5203 621 5259 Nicaenam
646 5205 804 5274 civitatem,
820 5224 888 5264 con·
943 5211 1068 5282 bemque
1092 5213 1234 5264 sanctam.
1255 5210 1332 5274 Quos
1358 5225 1535 5281 persequens
1557 5208 1682 5266 invictus
1706 5199 1765 5267 dux

62 5292 220 5344 currerunt
233 5286 303 5344 illuc
318 5307 386 5347 cum
412 5308 518 5365 magno
543 5293 660 5366 gaudio,
676 5295 823 5351 trucidare
839 5314 888 5353 eos
943 5315 1009 5355 cum
1035 5297 1208 5353 Christianis
1229 5296 1383 5364 militibus,
1400 5298 1506 5354 oceidit
1520 5303 1632 5372 septem
1647 5315 1680 5355 ex
1694 5298 1763 5367 illis,

62 5375 274 5450 rapfaneam
288 5396 357 5435 curn
372 5380 552 5438 invenissent
564 5383 734 5439 Cauterium
745 5399 812 5439 cum
826 5385 888 5442 suis
942 5387 1144 5460 persequendo
1155 5384 1227 5442 alios
1239 5403 1330 5459 usque
1342 5387 1377 5442 ad
1388 5391 1503 5459 portam
1513 5386 1647 5444 civitatis.
1656 5388 1763 5445 Dehinc

61 5464 888 5534 militibus,omnesconfestimocciderunt.Petrusautem
942 5494 1077 5532 reversus
1088 5477 1123 5531 ad
1136 5474 1271 5545 tentoria,
1283 5475 1393 5531 mansit
1402 5475 1474 5532 inihi
1487 5493 1538 5549 per
1548 5476 1678 5549 quinque
1689 5477 1761 5533 dies.

61 5554 193 5612 fremitu
207 5556 296 5627 paulo
313 5563 380 5614 ante
403 5564 520 5616 venerat
543 5560 838 5634 Constantinopolim,
855 5580 888 5619 eo
943 5565 1080 5622 Posthac
1091 5562 1288 5620 transfretavit
1298 5565 1355 5619 dux
1366 5563 1518 5621 brachium
1534 5564 1632 5621 Sancti
1647 5565 1762 5641 Georgii
