3816 6006
112 249 170 311 807
367 246 418 311 ΑΙ)
440 245 695 311 concentuum
717 246 884 309 APPEND.
907 246 1001 309 11.κ-
1016 247 1171 312 lthNUM.
1194 248 1244 310 DE
1265 244 1547 316 setensteten.
1752 248 1814 313 Μ

110 385 173 442 Nun
188 387 254 458 pest
278 381 404 439 multum
427 400 493 440 vero
508 383 647 456 temporis
660 381 850 438 Beamundus
864 397 932 436 cum
947 382 974 448 Α
990 381 1062 437 riam
1092 386 1217 455 prestet,
1242 400 1385 457 suamque
1407 388 1540 442 sanctam
1560 385 1813 444 Ghristianitatem

111 492 164 530 sn«)
178 472 305 530 exercitu
321 476 439 529 secutus
449 476 494 528 est
509 472 758 538 Raimundam,et
769 470 935 542 hospitatus
989 470 1104 538 exaltet,
1130 475 1158 526 et
1181 471 1377 544 paganitatem
1405 474 1546 530 destruat.
1567 474 1648 530 Tunc
1669 474 1814 534 Gellerius

111 562 165 618 luit
179 562 256 619 cirea
270 560 415 617 civitatem
432 561 461 616 in
479 560 524 616 die
544 559 704 617 [lominica.
722 559 856 616 Secunda
868 575 935 614 vern
989 559 1109 631 quidam
1134 561 1170 617 ds
1193 560 1336 618 Turribus
1360 562 1585 620 honestissimus
1600 563 1686 621 miles
1700 564 1815 636 primus

110 652 249 709 feriatam
258 651 362 707 acriter
371 651 540 706 invaserunt
550 649 679 721 undique
688 648 844 712 civitatem,
857 647 934 721 qued
989 649 1119 704 ascendit
1133 666 1184 721 per
1199 667 1287 705 unam
1299 651 1408 707 scalam
1420 652 1449 706 in
1460 668 1589 720 murum,
1602 669 1666 724 quae
1676 654 1815 710 contiuuo

106 742 132 799 si
150 740 675 798 scalaeluissenterectaoedmurum
693 737 933 806 civitatatum·
989 736 1044 792 luit
1077 738 1168 793 fracta
1198 738 1389 796 multitudine
1416 740 1544 797 illorum.
1575 741 1719 798 Gellarius
1747 758 1814 803 vem

108 835 169 888 stra
183 834 325 903 potestate
340 833 417 885 esset
432 827 544 894 civitas,
565 827 664 899 ibique
687 826 888 899 percutiebant
903 844 933 882 se
985 829 1143 898 postquam
1161 827 1217 882 luit
1243 844 1332 900 super
1356 845 1485 897 murum,
1502 829 1589 902 coepit
1601 846 1668 886 eum
1684 828 1746 886 illis
1760 846 1814 904 pu·

105 919 241 975 eominus
266 935 332 973 curn
357 916 466 973 lanceis
481 921 509 973 ct
530 917 661 973 ensibus.
679 917 734 973 Sed
750 921 810 972 tam
826 932 933 989 magna
986 930 1077 987 gnare
1092 932 1158 971 cnm
1175 915 1285 984 lancea,
1301 933 1351 973 eos
1366 918 1534 975 occidendo.
1548 917 1604 975 atii
1618 934 1685 975 vero
1700 919 1817 976 invene·

106 1008 162 1063 luit
175 1007 269 1064 virtus
284 1022 475 1080 paganorum,
500 1007 577 1078 quod
601 1005 642 1060 illi
660 1005 731 1060 nibil
747 1004 806 1060 illis
830 1021 933 1061 nocere
988 1008 1056 1058 runt
1070 1003 1156 1059 aliam
1172 1003 1292 1073 scalam,
1314 1008 1343 1060 et
1359 1006 1530 1063 festinanter
1544 1009 1580 1063 ad
1604 1020 1723 1064 marum
1745 1023 1816 1065 σιο-

105 1100 272 1170 potuerunt,
288 1096 338 1151 sed
353 1094 448 1150 multa
462 1094 540 1150 male
554 1094 595 1151 ibi
610 1093 739 1167 perpessi
756 1096 835 1149 sunt.
849 1093 933 1147 Nom·
986 1097 1101 1159 xerunt,
1118 1097 1146 1149 et
1156 1094 1352 1149 ascenderunt
1362 1094 1447 1150 multi
1458 1095 1566 1153 milites
1578 1101 1607 1152 et
1619 1097 1741 1169 pedites,
1753 1101 1816 1153 tan·

104 1202 161 1259 quc
175 1185 260 1241 cibus
284 1183 447 1251 deficiebat,
474 1183 612 1257 quoniam
629 1199 687 1238 non
702 1187 783 1237 erant
799 1182 863 1238 ausi
880 1181 932 1236 ali·
985 1181 1068 1254 tique
1082 1183 1288 1250 ascenderunt,
1305 1183 1382 1256 quod
1407 1184 1454 1239 vix
1468 1183 1534 1240 illos
1549 1185 1683 1258 capiebat
1698 1200 1813 1242 murus.

102 1272 227 1332 cubiire
243 1272 509 1345 quesitum3tanta
520 1271 934 1345 multitudopnganorumcir·
985 1269 1136 1326 sarraceni
1153 1271 1245 1343 igitur
1266 1276 1325 1326 tam
1350 1272 1468 1329 robuste
1493 1273 1748 1330 invaseruntilles
1763 1291 1816 1347 par

102 1363 249 1420 cumeirca
266 1362 439 1417 habebatur.
986 1375 1104 1415 murum
1121 1358 1255 1426 civitatis,
1272 1365 1301 1415 et
1315 1360 1396 1416 intus
1412 1377 1463 1434 per
1474 1367 1580 1418 terram
1596 1363 1774 1437 sagittando,
1784 1366 1816 1419 st

155 1454 271 1509 Sanctae
285 1450 405 1506 Arrdrens
420 1453 548 1523 eppenruit
571 1455 651 1506 Patro
672 1450 875 1505 Bortbotemo’o.
984 1447 1120 1503 eominus
1148 1447 1320 1520 spiculando
1343 1466 1411 1505 eum
1437 1449 1498 1506 suis
1523 1451 1643 1519 lanceis,
1666 1452 1707 1506 ita
1733 1451 1814 1524 queat

137 1542 217 1607 Quod
241 1540 421 1614 prospiciens
446 1539 549 1596 boatus
577 1539 708 1595 Andreas
724 1539 773 1610 qui
790 1555 846 1594 non
864 1539 930 1594 der·
985 1536 1070 1593 multi
1095 1553 1130 1593 ex
1153 1537 1262 1593 nostris
1286 1538 1391 1594 timere
1416 1539 1560 1612 perterriti
1584 1539 1814 1596 demiseruutse

102 1631 166 1700 mit,
183 1631 233 1686 sed
245 1646 360 1700 semper
375 1645 464 1701 super
478 1628 609 1684 anxiatos
625 1627 805 1683 Christianos
820 1627 929 1699 vigilat,
984 1626 1121 1682 deorsum
1133 1643 1185 1698 per
1195 1644 1325 1681 murum.
1343 1627 1385 1682 llli
1398 1628 1619 1699 prudentissimi
1629 1628 1693 1696 viri,
1706 1629 1756 1702 qui
1768 1646 1814 1685 rs-

99 1719 248 1777 uuntiavit
270 1719 353 1774 Petro
384 1716 603 1783 bartholomaeo,
633 1721 778 1789 quatenus
795 1717 818 1773 si
848 1717 928 1772 Chri·
985 1715 1816 1791 manseruntinmurum,sufferebantillorumperseau-

100 1809 190 1866 atiani
211 1807 386 1880 poeniterent
407 1806 443 1861 ds
458 1805 620 1862 malefactis
646 1808 717 1868 suis,
741 1810 829 1877 utque
851 1823 928 1860 unus
982 1802 1102 1859 tionem.
1119 1803 1185 1872 Alii,
1209 1804 1259 1876 qui
1274 1806 1330 1860 sub
1346 1809 1442 1861 castro
1455 1811 1548 1873 erent,
1565 1806 1714 1862 fodiebant
1726 1807 1814 1863 deor·

97 1914 170 1971 erga
186 1896 275 1952 alium
293 1896 399 1951 bonam
416 1894 557 1951 haberent
571 1895 670 1958 fidem,
693 1895 769 1967 quod
786 1894 928 1951 Dominus
982 1910 1048 1951 sum
1064 1910 1165 1948 muros
1176 1893 1310 1949 civitatis.
1322 1893 1570 1950 Videnteaautem
1586 1895 1749 1963 Ssmaosni,
1760 1897 1812 1968 qui

100 1986 245 2058 pracepit,
263 1984 377 2040 dicens:
390 2006 404 2033 «
420 1983 536 2056 Diligite
549 1984 651 2039 iratres
660 1989 772 2038 rastros
786 1988 926 2055 tanquam
981 1983 1098 2037 stabant
1111 1999 1200 2054 super
1210 1999 1328 2037 murum
1340 1983 1418 2053 quod
1434 1982 1528 2038 nostri
1539 1983 1811 2041 fodissent-murum

100 2074 303 2145 nosmetipsos,
322 2096 335 2123 n
348 2078 436 2144 atque
446 2072 599 2127 redderent
611 2071 689 2127 illam
702 2077 824 2144 partem,
838 2089 926 2144 quam
981 2071 1118 2137 civitatis,
1136 2072 1236 2126 statim
1254 2071 1356 2127 timore
1370 2072 1515 2144 perterriti
1526 2073 1656 2128 inierunt
1669 2073 1770 2146 lugam
1780 2073 1812 2129 is

100 2163 163 2237 ipse
185 2162 333 2234 propriam
357 2161 488 2225 retinuit,
513 2162 630 2232 quande
650 2161 793 2216 mundum
817 2161 926 2233 ipsum,
981 2160 1137 2215 civitatem.
1156 2160 1213 2215 Hoc
1228 2164 1322 2214 tutum
1339 2160 1448 2217 lectum
1464 2161 1494 2216 in
1509 2161 1556 2217 die
1569 2160 1699 2233 Sabbati,
1710 2162 1747 2219 ad
1758 2162 1812 2217 bo-

99 2268 260 2323 omnesque
276 2254 435 2315 creaturas,
453 2266 516 2321 qua
527 2250 555 2304 in
572 2267 605 2306 ee
621 2255 701 2315 sunt,
713 2250 831 2316 creavit,
847 2250 925 2305 scili·
980 2265 1042 2303 rain
1058 2249 1181 2321 vesperi,
1198 2249 1349 2304 occidente
1362 2248 1435 2315 sole,
1451 2250 1607 2306 undecima
1618 2251 1666 2306 die
1680 2251 1809 2308 iuuante

100 2345 145 2397 cet
160 2339 303 2395 decimam
320 2338 452 2394 omnium
463 2356 560 2394 rerum
576 2355 639 2411 qua
656 2339 851 2412 possidentur.
864 2339 926 2411 ipse
981 2354 1081 2394 mense
1105 2337 1266 2393 Decembri.
1291 2339 1482 2401 Boamundus
1506 2338 1597 2413 igitur
1617 2340 1685 2396 lecit
1700 2357 1750 2413 per
1765 2340 1810 2397 iu-

98 2431 182 2485 daret
196 2427 254 2485 illis
273 2427 419 2484 civitatem
436 2427 514 2483 brevi
529 2432 671 2501 tempore,
688 2432 776 2500 atque
791 2426 925 2499 impleret
980 2430 1135 2497 terpretem
1164 2426 1242 2498 loqui
1268 2427 1438 2484 Sarraceuis
1459 2424 1631 2500 majeribus,
1646 2430 1725 2502 quod
1752 2429 1809 2503 ipa·

38 2540 43 2547 ·
99 2535 217 2575 omnem
226 2534 310 2573 suam
321 2517 509 2572 voluntatem.
520 2518 611 2581 Quam
622 2517 789 2589 praedictam
801 2522 924 2588 partem,
980 2531 1047 2570 eum
1064 2516 1126 2570 suis
1142 2515 1316 2571 mulieribus
1332 2521 1361 2571 et
1373 2517 1536 2573 infantibus
1551 2522 1581 2573 st
1594 2517 1661 2575 aliis
1674 2518 1810 2574 substan·

98 2606 232 2663 videlicet
240 2606 395 2672 decimam,
404 2606 494 2678 jussit
504 2605 593 2660 dividi
605 2605 633 2660 in
645 2610 770 2678 quatuor
782 2606 923 2677 partibus,
979 2604 1029 2659 tiis
1055 2604 1206 2660 misissent
1230 2622 1260 2660 se
1277 2605 1305 2660 in
1334 2623 1391 2660 uno
1416 2603 1535 2678 palatie,
1552 2608 1629 2679 quad
1644 2610 1706 2662 erat
1720 2623 1811 2678 supra

99 2713 159 2752 una
182 2711 308 2769 quarum
323 2695 408 2750 detur
426 2695 572 2767 episeopo,
596 2694 687 2750 altera
713 2694 924 2760 sacerdotibus,
979 2693 1808 2766 portam;ipsequedetendereteosdemortalimetentis.

98 2784 157 2842 alia
171 2783 312 2850 ecelesiis,
328 2781 386 2838 alia
402 2784 589 2855 pauperibus.
606 2783 686 2848 Quod
704 2787 857 2855 postquam
871 2784 926 2838 luit
979 2781 1164 2838 intraverunt
1192 2786 1289 2837 autern
1314 2798 1415 2838 omnes
1439 2783 1530 2840 nostri
1554 2784 1585 2839 in
1608 2784 1765 2852 civitatem,
1780 2789 1810 2840 et

99 2874 129 2930 in
153 2873 274 2931 concilio
298 2872 462 2939 recitatum,
488 2876 694 2928 concesserunt
722 2889 833 2928 omnes.
863 2870 925 2927 Non
979 2870 1124 2943 quidquid
1141 2870 1208 2926 boni
1223 2870 1352 2926 invenire
1367 2876 1527 2944 potuerunt
1542 2873 1571 2927 iu
1587 2872 1724 2931 domibus
1739 2873 1808 2929 etia

96 2968 165 3037 post
179 2961 302 3018 multam
313 2960 454 3033 temperis
465 2960 532 3017 lecit
546 2961 729 3017 ltaimundus
740 2960 836 3017 Sancti
848 2960 925 3033 AEgi-
980 2960 1080 3026 foveis,
1097 2960 1152 3016 hoe
1176 2959 1380 3033 unusquisque
1395 2961 1431 3016 ed
1447 2978 1536 3017 suu-m
1552 2961 1719 3029 continebat
1740 2979 1808 3035 pro·

97 3053 139 3108 dii
150 3053 249 3108 lacere
261 3051 408 3124 quoddam
419 3055 549 3106 castrum
565 3050 695 3122 ligneum
708 3050 789 3116 sorte,
802 3055 830 3105 et
843 3050 926 3106 valde
980 3048 1088 3122 prium.
1106 3049 1192 3105 Facto
1208 3053 1305 3105 autem
1322 3049 1368 3106 die
1389 3051 1526 3118 crastino,
1542 3051 1710 3124 ubieunque
1725 3067 1807 3125 rispe-

96 3140 202 3197 altum.
216 3142 297 3206 Quod
313 3144 442 3196 castrum
456 3139 638 3213 ingeniatum
650 3143 737 3210 atque
748 3139 923 3194 aedificatum
939 3124 961 3192 G
981 3137 1095 3193 riebant
1109 3154 1288 3209 quemquam
1305 3137 1420 3194 illorum
1437 3139 1497 3195 sive
1513 3140 1676 3196 masculum
1690 3139 1752 3196 sive
1766 3141 1808 3197 ta

99 3231 153 3287 luit
168 3247 257 3304 super
267 3233 392 3302 quatuor
402 3233 490 3292 retas,
507 3245 595 3300 super
610 3228 688 3299 quod
699 3227 817 3283 stabant
827 3228 925 3299 plures
980 3226 1102 3291 minam,
1118 3225 1273 3298 capitalem
1288 3226 1330 3281 eis
1346 3227 1456 3283 dabant
1471 3227 1609 3284 continuo
1620 3227 1805 3285 senteutiam.

97 3319 215 3387 milites,
232 3325 260 3375 et
270 3320 421 3375 Euvardus
432 3322 552 3373 venator
563 3317 650 3372 lituos
662 3316 772 3372 fortiter
782 3316 923 3384 sonando,
978 3313 1083 3370 Nullus
1099 3331 1215 3386 quoque
1230 3314 1357 3387 angulus
1372 3314 1497 3371 eim'tatis
1512 3317 1621 3383 deerat,
1637 3318 1667 3372 in
1678 3333 1736 3390 quo
1747 3332 1804 3373 non

92 3413 126 3466 et
138 3415 205 3465 ante
218 3407 302 3463 illum
318 3407 497 3463 ventilabant
519 3405 701 3462 honorabilia
714 3404 827 3460 venida.
843 3404 924 3469 Quod
974 3404 1086 3475 jaceret
1110 3404 1337 3459 sarracenorum
1359 3405 1491 3472 cadaver,
1506 3405 1610 3478 vixque
1624 3409 1738 3479 poterat
1751 3405 1806 3463 sli-

98 3497 188 3553 nimia
210 3499 272 3552 erat
295 3494 452 3567 pulchrum
478 3495 513 3550 ad
538 3495 706 3550 videndum.
733 3493 844 3549 Subtus
858 3510 924 3549 vero
978 3492 1102 3564 quisine
1119 3491 1245 3564 pervias
1261 3493 1396 3561 civitatis,
1413 3493 1470 3548 nisi
1485 3493 1623 3550 calcando
1638 3510 1728 3567 super
1741 3493 1808 3552 Sar

96 3589 227 3641 castrum
241 3587 325 3638 erant
349 3581 519 3655 plusquam
545 3587 661 3637 eentum
686 3581 793 3636 milites
808 3581 923 3648 armati,
976 3598 1149 3637 racenorum
1166 3582 1316 3637 cadavera.
1335 3583 1522 3638 Boamundus
1542 3599 1609 3639 vero
1633 3583 1709 3645 illos,
1732 3600 1807 3657 quos

97 3673 147 3745 qni
163 3672 346 3726 deduxerunt
369 3671 439 3725 illud
466 3670 693 3743 propcciritntis
709 3687 826 3724 murum
840 3673 925 3741 juxta
974 3670 1105 3741 jusserat
1128 3672 1157 3725 in
1185 3670 1293 3742 palatio
1316 3670 1435 3741 intrare,
1459 3672 1660 3744 apprehendit,
1687 3672 1808 3747 illisque

97 3760 256 3834 quamdam
272 3760 388 3815 turrim.
403 3760 483 3824 Quod
501 3776 567 3814 cum
582 3759 702 3814 vidisset
712 3774 784 3830 gens
798 3775 922 3832 pagana,
977 3758 1099 3814 abstulit
1113 3759 1212 3814 emnia
1227 3776 1290 3831 qua
1315 3760 1472 3828 habebant,
1498 3761 1632 3817 uidelicet
1645 3778 1762 3830 aarum,
1778 3767 1809 3821 et

97 3850 196 3907 statim
220 3849 351 3905 lecerunt
371 3848 498 3921 plurima
521 3849 717 3904 instrumenta
732 3865 799 3903 eum
817 3848 924 3920 quibus
978 3853 1143 3920 argentum,
1167 3854 1196 3903 et
1211 3848 1268 3904 alia
1295 3855 1467 3905 ornamenta
1494 3865 1558 3927 quae
1582 3848 1625 3905 illi
1648 3850 1806 3910 habebant.

92 3938 246 4012 jactabant
259 3937 402 3992 maximos
413 3936 524 4009 lapides
535 3953 623 4008 super
637 3940 777 4001 castrum,
790 3937 831 3991 ita
846 3937 923 4009 quod
977 3935 1056 3992 Alina
1072 3937 1139 3993 lecit
1152 3936 1291 4005 occidere,
1309 3936 1382 3995 alios
1398 3937 1465 3994 feeit
1480 3938 1602 3995 conduci
1620 3940 1656 3996 ad
1679 3941 1807 3997 venden-

95 4023 923 4104 penenestmsmilitesoeciderent.Vexillaqueque,quae
978 4025 1048 4080 dum
1071 4025 1240 4081 Antiochiae.
1264 4027 1299 4082 lit
1312 4026 1355 4082 ita
1378 4026 1463 4083 multi
1486 4028 1605 4083 luerunt
1628 4045 1662 4084 ex
1685 4030 1806 4100 nastris,

95 4131 216 4172 sursum
232 4118 324 4177 erant,
349 4114 536 4186 perforabant
551 4131 617 4169 eum
632 4114 756 4186 sagittis,
773 4119 802 4170 et
816 4114 864 4171 alii
881 4114 922 4170 le·
978 4114 1028 4186 qui
1051 4113 1080 4168 in
1105 4113 1220 4170 civitate
1243 4119 1395 4181 venerunt,
1412 4114 1556 4188 quidquid
1570 4115 1613 4173 eis
1628 4122 1690 4174 emt
1705 4134 1807 4175 neees-

96 4203 226 4279 pidibus,
238 4202 326 4259 etalii
338 4203 460 4259 ruebant
469 4207 582 4259 Gnaeos
593 4203 676 4276 ignes
687 4208 921 4275 supercastrum,
977 4201 1088 4258 sarium
1100 4203 1336 4270 adsumendum,
1348 4208 1374 4258 et
1387 4203 1472 4259 multi
1485 4204 1536 4278 qui
1548 4205 1621 4261 nibil
1632 4204 1808 4264 invenerunt
1830 4253 1833 4256 .

96 4309 130 4350 eo
142 4293 220 4364 qued
236 4292 378 4365 putabant
392 4291 464 4348 illud
475 4292 586 4348 ardere.
599 4292 655 4347 Sed
667 4292 733 4364 pius
746 4294 820 4349 Deus
829 4298 858 4348 et
868 4292 923 4346 mi·
978 4292 1013 4346 ad
1030 4290 1215 4364 capiendum.
1230 4292 1333 4348 Postea
1347 4292 1402 4348 luit
1415 4296 1476 4349 tam
1492 4293 1580 4368 longa
1593 4310 1675 4352 mera
1688 4295 1720 4352 in
1735 4295 1806 4352 civi-

96 4382 219 4439 sericors
244 4382 321 4454 qued
349 4381 463 4438 arderet
488 4380 591 4437 noluit.
613 4381 746 4437 Crastina
768 4398 835 4437 vero
851 4380 922 4437 illud
977 4384 1046 4447 tate,
1063 4381 1140 4453 quod
1158 4380 1242 4436 multi
1261 4381 1378 4437 luerunt
1392 4381 1518 4438 districti
1533 4383 1610 4438 tame
1623 4383 1654 4439 ia
1676 4382 1805 4443 civitate.

96 4470 270 4526 imminebat
281 4486 384 4526 omnes
399 4487 500 4527 muros
515 4470 641 4526 civitatis
655 4474 684 4525 et
698 4473 803 4525 turres.
816 4468 923 4526 Milites
938 4488 962 4553 D
978 4468 1042 4525 iden
1057 4470 1133 4541 qued
1151 4470 1229 4525 foras
1244 4486 1302 4526 non
1319 4471 1466 4526 audebant
1481 4472 1558 4528 exire
1570 4472 1600 4528 in
1615 4476 1724 4529 terram
1740 4474 1808 4530 Sar-

96 4560 201 4627 nostri‚
217 4558 365 4631 quierant
381 4576 498 4615 sursum
513 4559 542 4614 in
558 4557 663 4614 solario
679 4559 831 4630 superiori,
844 4558 922 4614 vide·
977 4573 1148 4613 racenorum
1163 4556 1259 4631 lenge,
1285 4575 1374 4631 prope
1392 4560 1584 4631 nequiverant
1597 4559 1707 4633 aliquid
1724 4560 1808 4619 invo-

95 4649 164 4705 licet
176 4647 348 4705 Guillelmus
363 4649 399 4704 de
414 4645 642 4718 Mentepislerio,
660 4646 746 4703 etalii
760 4647 867 4719 plures,
876 4649 922 4718 ja·
977 4647 1040 4702 nire
1055 4646 1091 4702 ad
1107 4647 1293 4720 capiendum.
1318 4647 1415 4703 Nostri
1434 4665 1549 4722 quoque
1564 4665 1707 4722 pauperes
1721 4667 1807 4723 pere·

96 4738 216 4794 stabant
236 4736 397 4793 immensos
419 4736 531 4809 lapides
557 4751 646 4807 super
666 4735 851 4803 Sarracenos,
872 4735 921 4807 qui
976 4734 1053 4809 grini
1080 4739 1230 4808 caeperunt
1252 4735 1385 4792 scindere
1408 4753 1531 4810 corpore
1556 4754 1749 4812 paganorum,
1769 4754 1805 4797 se

96 4827 214 4882 stabant
239 4842 328 4897 super
351 4841 451 4880 muros
466 4823 590 4879 civitatis
605 4841 612 4890 ;
633 4822 675 4879 ita
689 4840 805 4896 quoque
820 4840 923 4897 pereu-
976 4826 1055 4897 qued
1066 4826 1095 4880 in
1106 4824 1367 4881 ventribuseorum
1378 4825 1565 4882 inveniebant
1575 4825 1739 4884 reconditos
1750 4827 1806 4901 by-

97 4914 210 4970 tiebant
224 4930 274 4969 eos
284 4929 373 4985 super
383 4913 508 4985 clypeos,
524 4912 601 4984 quod
617 4911 736 4985 clypeus
747 4917 775 4969 et
790 4930 922 4985 paganus
977 4913 1098 4984 santius,
1115 4912 1163 4968 alii
1180 4928 1298 4985 quoque
1310 4913 1434 4970 districti
1452 4915 1528 4972 lame
1538 4915 1688 4972 credebant
1699 4931 1806 4974 cemes

97 5002 235 5058 caderent
248 5001 384 5056 deorsum
401 5001 430 5054 in
453 5001 568 5055 eiiitate
584 5001 702 5055 mortui.
719 5002 754 5056 ut
769 5001 923 5056 mittebant
976 5015 1077 5058 eorum
1091 5017 1142 5074 per
1155 5002 1258 5069 frusta,
1274 5006 1304 5058 et
1318 5003 1483 5075 coquebant
1497 5004 1532 5059 ad
1550 5004 1802 5062 manducandam.

97 5089 128 5146 iu
144 5088 238 5144 beatis
253 5087 364 5153 vexilla,
380 5088 463 5144 etsie
478 5105 545 5144 eum
567 5087 676 5145 lanceis
690 5092 720 5144 et
744 5088 842 5145 hamis
867 5090 922 5145 fer·
1046 5093 1096 5145 Hic
1110 5091 1282 5146 contradebant
1297 5106 1392 5148 cumea
1409 5093 1554 5148 Terrenum
1568 5092 1729 5151 Christiani.

98 5177 155 5234 reis
165 5175 308 5249 putabant
319 5176 463 5248 peregrini
474 5177 509 5232 ad
522 5192 552 5232 se
564 5177 679 5232 trahere
689 5176 765 5232 illos.
778 5176 884 5234 Milites
894 5182 923 5233 at
1013 5178 1169 5251 Postquam
1183 5195 1250 5234 rere
1274 5178 1404 5236 seniora·
1418 5181 1509 5236 uestri
1531 5180 1586 5237 boe
1600 5180 1744 5249 viderunt,
1761 5181 1803 5238 se·

98 5264 219 5323 clientes
243 5263 284 5320 ita
307 5263 532 5336 magnanimiter
555 5265 735 5338 pugnabant,
761 5265 921 5338 presbytcri
976 5271 1079 5322 cerunt
1092 5282 1222 5339 paganae
1237 5268 1312 5324 tradi
1326 5273 1408 5326 satra
1419 5268 1566 5329 eicientem
1579 5270 1618 5327 ad
1634 5275 1748 5344 portas3
1760 5270 1802 5327 ibi

98 5367 215 5427 queque
228 5355 258 5407 st
269 5351 366 5408 cleriei
382 5350 473 5408 sacris
487 5352 618 5409 vestibus
639 5353 745 5420 induti,
766 5358 882 5409 orantes
893 5358 923 5410 et
976 5353 1121 5409 faciebant
1143 5353 1229 5426 quasi
1244 5359 1361 5413 montes
1374 5370 1409 5412 ex
1420 5356 1474 5426 oia,
1490 5361 1520 5413 at
1534 5362 1635 5430 pastea
1653 5357 1805 5419 laniabunt

99 5441 285 5500 abssmantas
300 5438 461 5496 -Dominum
486 5440 588 5497 tasum
601 5439 761 5511 Christum,
775 5446 810 5498 ut
832 5455 921 5498 suurn
976 5456 1026 5498 soa
1041 5441 1151 5500 ardere.
1168 5442 1358 5501 Baamundus
1375 5448 1553 5503 autemnon
1564 5439 1807 5505 rdamwnear-

98 5528 237 5595 Madet
253 5528 412 5610 papulam
428 5532 457 5589 at
474 5527 651 5590 camarata
672 5529 816 5632 urttttibas
830 5529 924 5608 natae
976 5528 1119 5592 Mean
1142 5529 1313 5593 mnium
1325 5531 1431 5594 Strati
1450 5530 1570 5612 ¹mli,
1596 5544 1735 5599 mm
1754 5539 1806 5601 {t
1849 5617 1852 5620 ,
