3816 6006
93 207 174 312 rara
661 245 847 310 neurus.
864 279 902 290 -
916 244 940 307 ι.
965 243 1016 307 oa
1036 244 1237 309 rouronn.
1719 248 1798 311 ιιιι

93 384 165 441 dum
181 399 280 450 suum,
294 380 350 436 crit
370 380 483 435 munda
509 381 584 436 sicut
608 380 685 436 Deus
711 381 839 436 mundus
864 384 918 447 est,
933 381 961 447 Α
977 384 1085 452 peteret
1101 380 1258 447 nesciebat,
1272 378 1535 452 quiantchumani
1545 379 1661 452 generis
1671 397 1722 452 pqr
1734 399 1799 437 san-

94 476 173 529 recta
185 472 262 527 sicut
276 470 352 525 Deus
368 476 465 526 rectus
481 472 534 537 est,
551 473 653 524 sancta
668 469 744 524 sicut
760 474 835 525 Deus
851 485 919 525 san·
973 468 1094 542 guinem
1110 469 1180 525 iesu
1195 467 1302 525 Christi
1318 468 1561 541 redemptionem,
1579 472 1608 524 et
1623 473 1690 524 ante
1706 469 1797 525 Evan-

94 565 161 617 otus
175 563 229 629 est,
246 559 352 616 ardens
367 558 444 615 sicut
459 558 536 613 Deus
551 558 658 613 ardens
674 562 728 613 est.
740 558 921 614 Vestimenta
973 557 1040 630 gelii
1057 557 1303 632 predicationem,
1320 556 1445 628 gloriam
1465 556 1644 629 postulabat.
1661 557 1735 625 Quid
1750 576 1797 630 pe·

93 667 172 718 vero,
188 649 217 704 id
232 652 277 704 est
290 664 422 720 corpora,
438 650 525 703 erunt
539 647 664 703 candida
688 646 765 703 siout
790 647 849 701 nix.
866 645 920 701 Nix
974 651 1048 702 teret
1063 646 1221 717 nesciebat,
1238 646 1332 718 quiin
1359 646 1575 702 constructione
1598 646 1798 704 tabernaculo·

95 738 132 793 de
146 735 256 793 coelesti
271 735 369 808 pluvia
383 752 434 807 per
453 733 570 808 frigoris
595 733 828 807 magnitudinem
851 750 918 789 con·
975 753 1051 802 rurn,
1064 735 1187 792 Domino
1198 751 1296 791 servos
1308 735 1490 806 adaquabat.
1503 734 1533 791 ln
1546 735 1600 790 hoc
1615 741 1713 792 tanton
1725 736 1798 793 bene

96 825 252 898 stringitur
266 828 295 881 et
307 823 652 880 candidatur.Pernivem
664 822 921 896 ergo,castimonia
975 825 1116 897 sapiebat,
1134 825 1212 896 quod
1229 841 1295 879 cum
1311 823 1434 879 Domino
1456 840 1572 895 semper
1595 841 1659 881 esse
1683 825 1798 881 deside-

97 914 358 987 signihcatur,quae
374 931 431 968 non
443 911 919 985 nisidocoelestigratiapercarnis
974 915 1069 980 rabat,
1085 919 1112 970 et
1127 914 1203 986 quod
1222 913 1351 969 divinam
1377 912 1556 968 voluntatem
1572 930 1630 968 suas
1646 930 1799 986 praepone·

96 1001 345 1075 refrigerationem
366 1005 396 1058 et
421 1001 641 1075 castigationem
666 1001 822 1058 obtinetur.
839 1000 921 1057 Unde
974 1004 1034 1070 bat,
1052 1019 1118 1058 cum
1135 1001 1207 1057 dixit
1224 1019 1231 1058 ε
1248 1001 1279 1057 Si
1293 1003 1344 1067 uis,
1360 1003 1505 1073 suciamus.
1521 1002 1560 1056 Ac
1576 1000 1601 1057 si
1617 1001 1696 1057 dicat
1712 1019 1718 1056 :
1736 1003 1798 1059 Non

96 1092 207 1165 pariter
221 1095 329 1158 errant,
344 1090 389 1146 rel
405 1091 455 1163 qui
471 1090 535 1147 sino
550 1091 601 1147 Dei
616 1091 720 1164 gratia,
731 1091 775 1147 vel
792 1090 841 1164 qui
857 1091 921 1146 sine
975 1109 1041 1148 mea
1055 1090 1204 1162 voluntas,
1214 1092 1264 1147 sed
1276 1096 1328 1147 tua
1339 1091 1397 1146 liat.
1413 1092 1503 1157 Quem
1516 1107 1568 1146 nos
1580 1090 1798 1156 imitantes,lra·

95 1181 194 1237 carnis
208 1180 516 1253 castigatione,putant
531 1195 562 1236 se
577 1180 781 1237 castimoniam
798 1178 920 1252 adipisci
975 1185 1035 1237 tres
1048 1180 1235 1253 mui,sempcr
1246 1196 1312 1235 cum
1324 1178 1448 1235 Domino
1459 1195 1576 1234 manere
1586 1178 1797 1253 desideremus,

94 1285 192 1342 posse.
210 1271 335 1341 Corpora
349 1268 438 1341 igitur
462 1273 631 1325 sanctorum
656 1269 685 1324 in
708 1268 921 1325 resurrectione
976 1288 1091 1342 semper
1106 1269 1135 1324 in
1152 1267 1342 1341 petitionibus
1358 1269 1466 1323 nostris
1477 1267 1605 1323 divinam
1618 1268 1798 1326 voluntatem

94 1362 182 1414 erunt
197 1357 272 1412 sicut
286 1358 336 1412 nix
350 1356 517 1427 candida,id
526 1362 570 1414 est
583 1358 716 1413 castitate
725 1357 919 1430 splendentia,
975 1363 1081 1415 nostre
1096 1374 1309 1430 praeponemus.
1327 1357 1428 1412 Divina
1449 1372 1514 1411 vero
1540 1360 1644 1412 natura
1658 1356 1800 1433 revelatur

96 1446 236 1519 quoniam
252 1447 287 1502 de
307 1451 408 1503 caetero
424 1464 483 1503 non
507 1446 628 1513 nubent,
645 1462 739 1519 neque
762 1447 920 1513 nubentur,
976 1466 1042 1504 curn
1059 1448 1196 1505 subditur
1214 1464 1220 1503 :
1238 1447 1331 1504 Adhuc
1345 1463 1375 1502 co
1390 1446 1524 1517 loquente,
1539 1463 1596 1502 ecce
1610 1447 1693 1503 nabes
1709 1446 1799 1502 lueida

96 1537 148 1592 sed
164 1538 249 1591 erunt
262 1536 390 1609 virgines
405 1539 434 1592 et
448 1536 521 1592 casti
537 1536 613 1592 sicut
628 1535 723 1608 angeli
740 1535 789 1591 Dei
805 1534 836 1590 in
851 1533 921 1590 coelo
975 1539 1146 1594 obumbravit
1160 1554 1222 1604 cos;
1238 1544 1263 1596 et
1277 1551 1335 1592 eece
1350 1551 1401 1591 coe
1415 1534 1447 1590 de
1465 1535 1536 1591 nube
1550 1535 1653 1606 dicens,
1663 1540 1718 1592 etc.
1734 1536 1800 1593 Sive

96 1624 208 1695 (Mutet
224 1623 304 1696 ιιιιιι).
320 1625 484 1681 Auctoritas
499 1642 565 1681 vcro
582 1625 650 1680 Jcsu
673 1623 778 1681 Christi
801 1624 922 1679 demon·
976 1625 1030 1681 hoc
1046 1643 1216 1699 pronomen,
1232 1642 1287 1691 eos,
1302 1625 1444 1681 reseratur
1459 1624 1494 1680 ad
1518 1624 1635 1697 Moysen
1650 1630 1679 1680 et
1693 1624 1797 1694 liliam,

97 1717 209 1769 stratur
223 1729 290 1768 cum
307 1713 414 1768 dicitur
430 1730 435 1768 :
454 1715 485 1768 Et
507 1720 695 1785 apparuerant
718 1715 758 1769 eis
782 1713 883 1785 Moyses
897 1719 924 1769 ct
979 1716 1038 1772 sire
1053 1717 1090 1770 ad
1105 1715 1234 1779 Petrum,
1248 1719 1276 1770 et
1290 1713 1444 1779 iacobum,
1456 1717 1485 1769 et
1499 1713 1652 1782 loannem,
1665 1713 1742 1771 idem
1754 1719 1800 1772 est

97 1803 174 1858 Elias
189 1819 250 1858 caen
262 1819 291 1859 eo
308 1804 452 1874 loquentes.
468 1806 501 1857 In
517 1801 571 1857 hoc
587 1802 694 1875 quippe
714 1801 923 1858 demonstravit
980 1822 1095 1870 sensus,
1112 1803 1251 1876 quoniam
1275 1802 1392 1874 utrique
1416 1802 1582 1857 obumbrati
1608 1808 1687 1859 sunt.
1704 1803 1748 1861 lili
1763 1821 1799 1862 ne

99 1892 277 1964 Redemptor
292 1894 391 1947 nostor
405 1909 436 1947 se
451 1907 515 1948 esse
530 1891 688 1947 Dominum
703 1891 777 1963 legis
802 1895 831 1946 et
852 1907 922 1963 pro·

98 1979 424 2054 phetarum,Dominum
440 1979 569 2036 vivorum
586 1985 616 2035 et
630 1979 923 2048 mortuorum,Domi-

98 2087 170 2126 num
184 2068 248 2126 coeli
263 2074 293 2125 et
307 2075 400 2126 terra.
418 2069 504 2126 Porro
525 2068 682 2125 Dominum
706 2069 780 2143 legis
805 2074 833 2124 et
857 2085 922 2140 pro-

97 2159 253 2231 phetarum
265 2175 295 2214 sc
306 2174 370 2214 esso
380 2158 517 2224 ostendit,
530 2174 598 2214 cum
613 2157 808 2232 legislatorem
821 2163 849 2212 et
860 2174 924 2230 pro-

98 2249 255 2320 phetarum
271 2247 421 2313 eximium,
439 2248 556 2319 quando
572 2251 600 2302 et
615 2247 664 2302 ubi
680 2247 781 2312 voluit,
803 2248 857 2302 sibi
875 2263 921 2302 as-

97 2336 236 2393 sistentes
252 2336 470 2392 demonstravit.
489 2336 646 2392 Dominum
659 2336 790 2392 vivorum
802 2340 831 2390 et
846 2352 921 2390 mor-

97 2431 217 2482 tuorum
229 2442 260 2482 se
271 2443 334 2482 esse
344 2426 482 2493 ostendit,
496 2427 614 2497 quando
628 2429 776 2481 mortuum
793 2425 920 2497 Moysen,

98 2515 233 2572 etlilium
250 2516 279 2570 in
304 2514 440 2588 paradiso
462 2516 615 2583 vincentem,
632 2514 749 2588 quando
764 2520 792 2570 et
807 2514 857 2569 uhi
873 2530 921 2568 vo·

98 2605 163 2672 luit,
176 2604 230 2660 sibi
244 2606 415 2659 assistentes
426 2608 453 2658 et
464 2601 661 2674 colloquentes
672 2600 813 2656 exhibuit.
824 2599 921 2655 Domi·

99 2710 171 2749 num
187 2691 250 2749 coeli
266 2696 294 2747 et
308 2696 390 2748 terrae
406 2708 437 2747 se
452 2709 516 2748 esse
531 2692 723 2757 demonstrat,
736 2707 802 2746 cum
818 2690 859 2744 sic
871 2706 922 2760 po·

98 2781 232 2838 testatius
249 2780 307 2837 illis
322 2781 484 2853 imperavit,
501 2780 579 2852 quod
595 2780 693 2836 statim
705 2783 781 2835 terra
792 2779 921 2852 Moysen,

976 1894 1144 1949 viderentur
1157 1893 1192 1948 ab
1209 1891 1273 1948 istis
1288 1896 1335 1959 ,et
1351 1891 1399 1946 isti
1416 1907 1451 1946 ne
1463 1891 1595 1947 viderent
1609 1908 1669 1949 eos.
1687 1895 1799 1959 Ouars‘l

977 1987 1010 2038 ut
1024 1982 1089 2038 istis
1105 1987 1216 2037 certum
1230 1985 1307 2036 esset
1322 1981 1400 2052 quod
1416 1981 1529 2052 iesum,
1547 1982 1597 2053 qui
1612 1980 1693 2038 solus
1709 2000 1797 2056 eppa·

977 2073 1069 2140 rebat,
1085 2088 1139 2126 von
1151 2070 1245 2126 Patris
1259 2070 1294 2125 de
1310 2069 1388 2125 nube
1403 2069 1604 2126 testimonium
1622 2071 1796 2144 perhiberet.

976 2161 1048 2216 Ecce
1071 2159 1241 2233 mysterium
1267 2158 1428 2214 Trinitatis.
1446 2158 1537 2214 Filius
1561 2160 1796 2232 transfiguratur,

977 2249 1104 2321 Spiritus
1120 2253 1238 2304 sanctus
1254 2263 1306 2320 per
1320 2248 1427 2303 nubem
1449 2264 1514 2303 eum
1531 2249 1567 2303 ab
1582 2248 1647 2305 aliis
1662 2249 1796 2319 secernit,

978 2338 1061 2393 Pater
1076 2354 1127 2410 per
1140 2354 1239 2395 vocem
1255 2339 1391 2393 eumdem
1406 2338 1544 2394 ostendit.
1561 2337 1642 2393 Sicut
1657 2337 1734 2394 enim
1750 2338 1798 2394 ba-

977 2427 1084 2499 ptizato
1095 2426 1228 2492 Domino,
1243 2429 1328 2482 Pater
1342 2426 1372 2481 iu
1388 2442 1465 2494 voce,
1483 2425 1610 2499 Spiritus
1625 2431 1754 2496 sanctus,
1767 2428 1797 2484 in

977 2514 1799 2587 columbatcstimoniumperhibuerunt,siceidomtrans·

977 2606 1101 2677 figurato
1117 2605 1200 2659 Pater
1215 2602 1351 2659 similiter
1365 2604 1394 2659 in
1409 2621 1488 2670 voce,
1506 2603 1632 2677 Spiritus
1648 2623 1713 2662 vero
1731 2624 1797 2663 san·

977 2699 1041 2750 ctus
1054 2693 1083 2747 in
1097 2694 1173 2748 nube
1188 2692 1285 2749 lucida
1298 2692 1499 2749 testimonium
1515 2693 1591 2750 lecit.
1608 2695 1684 2752 Bene
1700 2701 1798 2753 autem

977 2800 1066 2855 super
1090 2783 1270 2855 baptizatum
1292 2781 1449 2837 Dominum
1475 2782 1601 2855 Spiritus
1626 2791 1746 2843 sanctus
1767 2786 1798 2842 in

100 2876 129 2927 et
146 2868 251 2926 coelum
267 2869 360 2926 liliam
372 2869 411 2925 ibi
429 2869 624 2942 presentavit.
638 2866 742 2934 Quales
756 2872 854 2923 autem
869 2867 923 2923 visi
978 2872 1114 2929 columba
1143 2870 1288 2944 apparuit,
1320 2872 1436 2943 quando
1465 2871 1572 2928 Christi
1602 2873 1796 2932 innocentiam

101 2963 180 3028 sunt,
194 2962 222 3014 et
238 2960 307 3031 quid
324 2975 392 3015 cum
408 2975 441 3014 eo
455 2957 544 3013 locuti
562 2960 640 3023 sunt,
649 2957 742 3012 Lucas
756 2955 873 3027 exponit
883 2956 924 3012 di·
978 2960 1253 3033 simplicitatemque
1276 2961 1505 3030 demonstrabat,
1520 2977 1571 3033 per
1595 2979 1683 3035 quam
1710 2968 1739 3020 et
1761 2966 1796 3021 ad

103 3065 172 3104 cens
189 3065 195 3102 :
215 3070 229 3098 a
244 3047 305 3103 Visi
321 3052 391 3103 sunt
406 3046 435 3102 in
448 3047 610 3118 maiestate,
627 3045 757 3101 dieentes
772 3061 921 3099 excessum
978 3068 1067 3123 quarn
1083 3050 1216 3106 Christus
1231 3049 1364 3106 homines
1378 3049 1618 3124 perbaptismum
1628 3051 1796 3110 advocabat,

103 3153 189 3208 quem
206 3134 407 3209 completurus
422 3140 484 3191 erui
498 3135 528 3190 in
553 3133 733 3191 Hierusalem
749 3133 824 3202 (Μ
841 3136 891 3200 11)-
909 3121 960 3189 »C
980 3141 1055 3195 Bone
1070 3156 1136 3194 vero
1151 3154 1240 3210 super
1252 3139 1493 3211 transfiguratum
1509 3139 1539 3194 in
1554 3141 1631 3196 nube
1653 3142 1797 3215 apparuit,

102 3226 178 3281 Sane
189 3225 218 3280 in
230 3225 284 3281 hoc
295 3226 370 3297 quod
388 3224 530 3280 Dominus
544 3221 741 3295 legislatorem
757 3225 785 3278 ct
800 3219 925 3293 prophe·
979 3227 1118 3300 quoniam
1142 3243 1210 3282 oum
1234 3226 1330 3283 solum
1355 3244 1419 3283 esse
1441 3227 1471 3283 in
1487 3226 1545 3283 alia
1557 3227 1615 3283 vita
1629 3230 1755 3303 tegimen
1771 3237 1800 3289 ey

101 3318 199 3371 tarum
216 3314 367 3382 eximium,
383 3329 483 3368 secum
500 3313 529 3368 in
547 3311 709 3383 majestatis
724 3310 817 3384 gloria
831 3315 925 3366 osten·
978 3315 1078 3373 lumen
1094 3321 1261 3372 sanctorum
1286 3316 1517 3387 demonstrabat,
1531 3317 1797 3393 tabernaculorum,

102 3402 154 3471 dit,
173 3403 355 3459 demonstrat
369 3418 400 3457 se
416 3400 582 3475 spirituales
603 3400 677 3473 legis
698 3403 881 3456 exsecutores
897 3402 925 3454 et
979 3422 1043 3478 quae
1070 3405 1170 3462 Petrus
1200 3404 1376 3478 postulabat,
1399 3410 1427 3460 et
1451 3403 1522 3462 solis
1548 3422 1604 3463 usu
1628 3408 1745 3480 pariter,
1767 3414 1800 3466 ut

102 3491 312 3565 prophetarum
324 3508 422 3547 seeum
434 3491 464 3546 in
475 3490 567 3564 gloria
579 3487 861 3562 glorificaturumln
870 3488 924 3544 hoc
978 3495 1106 3551 Joannes
1117 3494 1146 3547 in
1156 3491 1328 3565 Apocalypsi
1341 3491 1483 3565 perhibet,
1496 3500 1636 3549 cessante.
1652 3517 1662 3544 ι
1675 3495 1710 3550 at
1725 3500 1798 3552 tem-

100 3598 168 3637 vero
180 3582 255 3652 quod
268 3597 430 3647 excessum,
443 3596 529 3652 quem
541 3578 741 3650 completurus
751 3583 813 3634 erat
823 3577 924 3650 loque·
979 3583 1071 3655 plum,
1081 3582 1253 3655 inquit,non
1265 3580 1323 3636 vidi
1336 3581 1366 3636 in
1378 3598 1425 3637 ea:
1440 3585 1513 3637 Deus
1524 3581 1602 3637 enim
1615 3584 1799 3657 omnipotens

101 3670 219 3740 bantur,
236 3674 334 3741 aperte
350 3671 567 3725 demonstratur
582 3668 658 3741 quod
674 3667 720 3723 lex
734 3672 763 3724 et
778 3668 923 3741 prophete
978 3670 1271 3742 templumilliusost,
1283 3670 1473 3741 stagnusilt
1488 3670 1589 3725 civitas
1604 3671 1654 3726 illa
1665 3689 1722 3729 non
1735 3679 1800 3749 eget
1881 3664 1886 3670 ’

101 3759 318 3814 consentientes
330 3759 608 3831 pronuntiaverunt,
625 3762 653 3812 et
674 3757 703 3812 in
729 3774 762 3814 eo
785 3757 926 3813 veraciter
979 3759 1039 3815 sole
1053 3765 1081 3815 et
1095 3759 1184 3827 luna;
1201 3775 1269 3815 nam
1285 3756 1402 3814 claritas
1418 3758 1468 3814 Dei
1490 3758 1638 3824 illuminat
1663 3760 1755 3830 illam,
1771 3767 1800 3819 et

101 3847 251 3919 adimpleti
265 3852 344 3904 sunt.
363 3848 449 3903 Porro
475 3846 636 3903 delectatus
657 3851 760 3902 Petrus
785 3846 815 3901 in
835 3845 924 3902 divini
979 3848 1097 3906 lucerna
1107 3849 1172 3918 ejus
1182 3851 1226 3903 est
1235 3847 1432 3919 Agnus(Apoc.
1443 3851 1530 3915 naq.»
1541 3848 1606 3904 Ecce
1620 3865 1681 3916 coe,
1692 3850 1797 3922 inquit,

101 3936 671 4009 splendorisetgloriaecontemplatione‚
682 3934 922 3991 disitadlesum:
977 3936 1010 3992 de
1024 3938 1095 3994 uate
1109 3937 1208 3992 diceas.
1223 3938 1316 3992 ilicet
1331 3952 1389 3991 non
1405 3933 1488 3998 alius,
1501 3943 1540 3991 est
1555 3936 1697 3994 naturalis
1712 3940 1799 3995 Filias

100 4031 207 4082 Bonum
221 4034 321 4082 estnec
336 4026 380 4080 hie
395 4042 460 4081 esse.
478 4025 534 4080 Sed
559 4040 626 4080 cum
642 4028 745 4079 Petrus
759 4022 789 4078 in
806 4025 924 4079 umbra·
977 4025 1187 4092 raeaedilectas,
1199 4023 1309 4079 scilicet
1320 4023 1348 4078 in
1360 4039 1417 4094 quo
1429 4022 1502 4079 nihil
1513 4027 1557 4079 est
1568 4024 1624 4080 nisi
1639 4024 1797 4099 diligibile;

101 4113 162 4170 tilis
177 4114 330 4185 brevisque
351 4113 449 4186 gloria
471 4114 591 4180 visione,
607 4112 750 4184 tantisper
765 4111 882 4185 gavisus
897 4116 925 4169 et
978 4117 1009 4170 ia
1024 4130 1085 4187 qao,
1096 4114 1123 4168 id
1139 4111 1233 4179 est,in
1244 4113 1329 4184 cujus
1345 4111 1541 4186 generatione,
1551 4113 1797 4185 complacaimibi3

101 4204 261 4259 delectatus
277 4203 325 4269 sit,
342 4206 374 4257 ut
396 4219 511 4275 semper
533 4202 572 4257 ibi
586 4200 672 4256 vellet
687 4217 813 4268 manere,
830 4216 923 4273 quan·
979 4201 1070 4275 quiin
1087 4201 1258 4258 formatione
1273 4200 1403 4256 hominis
1418 4202 1567 4271 quondam
1583 4204 1798 4273 quodammodo

101 4297 166 4348 tum
183 4292 303 4365 putatis,
321 4292 424 4347 iratres
449 4291 516 4358 mei,
530 4290 682 4363 gaudium,
698 4294 866 4361 quantaque
880 4290 924 4345 di·
979 4291 1050 4346 mihi
1061 4290 1208 4363 displicui,
1225 4306 1292 4345 curn
1304 4287 1508 4360 multiplicatis
1519 4289 1671 4346 hominum
1683 4292 1798 4348 sceleri·

100 4381 186 4438 lectio
197 4382 253 4437 erit
264 4381 293 4436 in
306 4381 431 4437 illavora
441 4384 557 4448 eterna,
569 4378 923 4451 beataquegloriadivinae
978 4379 1033 4435 bus
1044 4379 1101 4434 dini
1115 4396 1121 4434 :
1133 4403 1147 4429 κ
1159 4379 1281 4434 Poenitet
1292 4395 1338 4433 me
1350 4377 1452 4433 secisse
1466 4377 1615 4434 hominem
1627 4379 1701 4450 (Gen.
1716 4383 1765 4448 vr).
1784 4404 1798 4430 »

100 4470 233 4538 visionis,
252 4493 265 4521 a
281 4470 311 4526 io
330 4486 419 4542 quam
436 4468 531 4541 angeli
545 4484 661 4539 semper
675 4468 843 4523 desiderant
857 4485 923 4540 pro·
938 4492 961 4557 D
978 4468 1079 4540 lpsum,
1104 4468 1209 4540 inquit,
1235 4467 1337 4522 audite.
1363 4467 1450 4533 Quasi
1481 4467 1588 4523 diceret
1605 4484 1610 4523 :
1628 4468 1680 4523 Hic
1704 4475 1749 4529 est
1763 4471 1799 4525 de

101 4559 211 4631 spicere
227 4559 248 4631 (l
262 4562 336 4615 Petr.
352 4562 382 4626 1).
401 4581 415 4607 o
431 4557 525 4623 Sitris,
542 4557 648 4629 inquit,
657 4558 794 4628 sociamus
809 4557 853 4612 laic
868 4558 923 4612 trio
977 4575 1035 4629 quo
1049 4559 1163 4629 Moyses
1176 4556 1217 4611 ait
1233 4573 1239 4610 :
1262 4579 1276 4606 a
1295 4556 1467 4627 Prophetam
1492 4556 1646 4611 suscitabit
1671 4556 1747 4612 Deus
1763 4558 1798 4613 de

101 4650 286 4714 acescente,
303 4649 464 4714 titionum,
481 4646 804 4719 Moysiacumetssliae
824 4662 920 4701 auum.
978 4647 1117 4704 iratribus
1135 4645 1248 4713 vestris,
1265 4646 1363 4718 ipsum
1393 4650 1534 4717 tanquam
1560 4661 1606 4700 me
1629 4645 1798 4702 audietisin

100 4742 173 4796 Cum
190 4738 291 4795 Petrus
307 4738 402 4793 adhuc
418 4737 447 4792 in
463 4752 549 4791 carne
575 4735 688 4808 positus
712 4735 741 4790 in
757 4735 922 4791 ostensione
978 4735 1192 4808 omnibusque
1217 4734 1333 4791 locutus
1358 4735 1444 4791 luerit
1464 4735 1556 4791 vohis.
1573 4735 1607 4790 bt
1621 4734 1721 4791 anima
1734 4752 1798 4808 qua

101 4827 269 4884 umbratilis
284 4832 313 4882 et
335 4827 412 4882 brevi
435 4824 544 4899 gloria,
561 4825 678 4898 Moysen
695 4829 724 4880 et
739 4823 830 4880 liliam
847 4841 922 4879 nun·
978 4842 1036 4882 non
1052 4826 1177 4881 audierit
1191 4841 1269 4894 eum,
1284 4824 1328 4881 vel
1345 4824 1374 4878 in
1391 4840 1432 4891 se,
1448 4824 1492 4880 vel
1508 4824 1538 4879 in
1554 4823 1615 4880 suis
1631 4825 1798 4896 predicato·

101 4933 189 4989 quam
202 4916 329 4988 amplius
339 4916 417 4971 visos
427 4913 603 4987 cognoverit,
615 4930 704 4984 quam
721 4918 821 4985 aperta
835 4919 921 4985 puta·

100 5005 149 5070 tis,
167 5005 270 5061 iratres
286 5006 352 5071 mei,
369 5004 473 5059 notitia
487 5003 542 5058 erit
556 5001 699 5068 omnium,
714 5002 743 5056 in
754 5000 804 5057 illa
818 5006 923 5058 verset

101 5098 208 5149 aterna
223 5092 425 5149 beatitudine?
440 5093 582 5149 Ceterum
599 5090 699 5156 ctiam,
709 5090 848 5161 petitione
858 5107 923 5146 con-

100 5183 308 5239 struendorum
319 5180 574 5238 tabernaculorum
586 5179 922 5251 Petruserrat,quoniam

100 5289 134 5328 ex
150 5272 247 5327 subito
263 5272 411 5344 nimioque
435 5271 541 5344 gaudio
563 5269 761 5343 perturbatus,
777 5273 850 5325 teste
865 5268 921 5325 alio

100 5359 290 5433 evangelista,
301 5361 371 5432 quid
395 5364 505 5432 peteret
528 5359 675 5416 nesciebat
690 5361 765 5426 (tac.
783 5359 831 5429 rs).
848 5357 921 5424 Quid

99 5453 220 5523 peteret,
236 5448 383 5504 nesciebat
398 5448 447 5520 qui
469 5449 500 5503 in
524 5452 633 5504 aterna
655 5445 845 5514 beatitudine,
872 5446 922 5503 ubi

99 5537 182 5600 nulla
195 5536 383 5615 intemperies
397 5535 648 5608 est,tabsruacula
662 5534 839 5614 postulabat.
847 5537 921 5607 Quid

978 4915 1071 4981 ribus,
1086 4913 1192 4987 peribit
1207 4914 1242 4969 de
1258 4912 1364 4986 populo
1380 4930 1432 4969 suo
1448 4915 1534 4985 (Dect.
1551 4916 1638 4986 xviri).
1654 4935 1668 4964 a

1014 5004 1152 5076 Sequitur
1166 5020 1234 5076 pars
1248 5002 1342 5070 tertia,
1357 5001 1387 5057 in
1404 5019 1463 5074 qua
1481 5003 1623 5059 Dominus
1638 5007 1798 5075 prostratos

978 5093 1137 5165 discipulos
1152 5092 1254 5165 erigit:
1266 5094 1335 5148 Nam
1349 5108 1411 5147 eum
1426 5091 1553 5147 audirent
1566 5092 1697 5164 discipali
1711 5110 1800 5149 uocem

976 5181 1237 5255 putris,ceeideruat
1253 5183 1280 5236 ia
1296 5183 1395 5252 sociem
1408 5197 1497 5248 saera,
1510 5189 1536 5236 ct
1549 5183 1701 5237 timuerunt
1711 5182 1797 5238 ualde.

978 5270 1053 5326 Ordo
1070 5275 1273 5342 praeposterus.
1290 5271 1331 5325 Ex
1354 5269 1502 5326 auditione
1527 5269 1635 5342 quippe
1660 5272 1739 5326 vocis
1761 5271 1799 5327 ti-

978 5363 1127 5427 muerunt,
1143 5362 1171 5414 et
1186 5375 1220 5414 ex
1234 5359 1338 5416 timore
1353 5358 1591 5415 cecideruntUbi
1607 5359 1686 5415 enim
1702 5359 1800 5415 divina

978 5448 1149 5522 magnitudo
1161 5447 1447 5520 panditur,humaua
1462 5448 1619 5505 iufirmitas
1633 5449 1801 5505 concutitur

978 5543 1008 5600 st
1016 5536 1222 5616 prosternitur.
1234 5538 1289 5598 Sed
1300 5538 1387 5599 iesus
1401 5537 1536 5599 bumana
1552 5537 1720 5618 tragilitatis
1727 5553 1801 5612 um·
