3816 6006
392 225 562 286 nossem
586 225 760 287 lllONAGHl
783 224 885 286 IllST.
911 224 1116 287 HIIIROSOL·
1136 259 1173 270 -—
1189 226 1264 287 LlR.
1286 226 1337 288 td.
1660 231 1722 293 ild

77 353 222 415 trminum.
249 355 377 429 Pyrrhus
399 356 551 412 rrmandut
568 360 600 411 ut
622 356 650 410 ln
675 355 835 412 crastinum
851 358 878 422 A
895 356 1016 412 minime
1031 357 1151 423 videret,
1178 357 1330 430 inquisivit
1351 358 1399 413 ubi
1417 363 1504 414 osset.
1522 360 1574 425 Qui
1592 361 1720 431 proxime

77 448 226 500 moveatur
239 444 383 501 exercitus
407 445 595 508 Francorum,
613 446 697 517 (parisi
715 445 755 500 ire
769 445 838 500 velit
893 445 996 501 adesse
1013 444 1129 512 dicitur,
1140 447 1189 501 sed
1203 446 1330 518 Pyrrhus
1341 448 1376 502 de
1392 447 1525 503 absentia
1536 449 1721 507 vehementer

79 533 249 590 radendum
273 533 304 588 in
330 525 438 589 terram
455 535 692 589 Sarracenorum.
722 535 836 590 Etcum
892 532 1081 589 contristatus
1094 539 1148 599 est,
1164 534 1284 591 ditans:

86 621 243 678 obscurare
268 622 396 694 emperit,
424 627 607 677 revertantur
623 623 658 677 ed
684 628 779 679 eastra
803 641 838 678 ex
927 622 1000 687 Quid
1011 622 1244 695 l'acitillepiger‘l
1254 624 1439 696 quidtardut,
1450 625 1554 697 quidve
1567 628 1720 684 moratur?

77 710 230 779 seivitatis,
242 733 255 760 a
266 711 295 765 in
305 728 364 783 qua
374 711 436 784 ipsc
445 711 549 767 erectis
561 712 677 784 (iuquit)
687 713 835 768 excubabo
980 711 1086 767 Mittite
1101 713 1152 784 qui
1164 712 1250 780 dicat,
1268 714 1346 785 quod
1362 714 1449 770 citius
1465 715 1571 771 teniat.

77 816 126 856 nus
142 800 171 855 iu
188 799 320 856 turribus
336 801 420 855 meis.
437 801 528 872 Prope
544 817 662 855 murum
680 802 772 872 parati
788 819 835 857 re·
926 800 1032 856 Mittite
1047 799 1098 872 qui
1113 801 1201 868 dicat,
1219 801 1288 873 qula
1310 801 1359 858 lux
1373 802 1514 860 hodierna
1529 805 1715 878 propinquat,

76 893 98 957 t,
110 892 138 944 et
154 887 227 943 nihil
243 905 363 961 prorsus
378 890 511 944 timeant.
531 912 544 938 n
561 890 686 944 Credidit
702 890 755 945 hoc
770 907 835 946 con·
925 890 957 945 Εἰ
972 891 1072 945 creber
1087 895 1191 945 cnutus
1207 891 1364 962 praesignat
1378 893 1481 948 adesse
1496 910 1642 951 serenum.

77 994 106 1033 m
132 977 321 1033 Boamundus
347 979 525 1050 quibusdam
550 978 612 1034 auis
640 978 834 1034 familiaribus
924 979 1051 1034 Nuntius
1066 977 1184 1052 eligitur
1199 980 1248 1050 qui
1265 979 1379 1036 nuntiet
1394 981 1455 1036 hec
1470 982 1648 1040 Boamundn

77 1067 119 1122 nni
146 1067 263 1140 Magno,
294 1071 322 1120 et
342 1067 407 1122 duci
425 1068 590 1133 Godelrido,
617 1067 750 1123 Pediensi
772 1069 833 1140 epi·
888 1068 968 1131 Quod
986 1071 1018 1123 ut
1032 1068 1151 1135 audivit,
1169 1068 1294 1124 festinus
1309 1070 1449 1138 accurrit,
1465 1071 1594 1126 sedeam
1607 1073 1643 1128 ad
1655 1089 1716 1130 sca-

77 1172 105 1219 o,
137 1159 165 1210 et
192 1155 292 1211 comIti
321 1157 494 1212 liutmundo.
530 1155 606 1211 Dixit
645 1156 741 1229 itaque
768 1158 830 1214 eis:
887 1156 1715 1233 lamperveuit,tractaminvenit.lutereaPulcheriusqui

77 1249 125 1300 cte
138 1248 267 1311 ventura,
284 1244 382 1300 divina
404 1245 566 1317 opitulante
581 1245 684 1317 gratia,
701 1247 833 1302 tradetur
887 1261 953 1301 cum
966 1246 1116 1316 sexaginta
1120 1247 1132 1316 j
1138 1246 1280 1302 urenibus
1292 1247 1413 1303 armatis
1424 1248 1604 1317 ascenderat,
1615 1266 1715 1323 excep-

77 1351 90 1389 s
111 1333 273 1400 Antiochia,
292 1356 306 1383 n
331 1335 520 1406 exposuitque
545 1334 587 1388 eis
613 1335 759 1390 nuntium.
777 1336 831 1402 Qui
886 1335 1066 1391 tisturribus
1078 1334 1189 1407 Pyrrhi,
1203 1339 1263 1391 tres
1274 1333 1346 1391 alias
1357 1335 1461 1392 bellica
1471 1336 1577 1393 virtute
1586 1354 1714 1411 occupa-

77 1421 113 1478 tis
128 1420 275 1488 omnibus,
303 1422 440 1494 gratulati
466 1428 545 1488 sunt,
570 1427 598 1478 et
620 1424 831 1481 benedixerunt
885 1427 974 1491 verat,
1000 1429 1029 1478 et
1044 1423 1073 1478 in
1098 1423 1141 1479 cIs
1165 1424 1239 1479 duos
1264 1424 1367 1481 iratres
1390 1425 1490 1497 Pyrrhi
1515 1426 1712 1484 interemerat.

77 1509 170 1567 inum.
186 1511 218 1566 In
235 1511 394 1566 crastinum
412 1517 661 1584 congregaverunt
673 1513 761 1568 duces
774 1513 831 1568 bel·
885 1513 965 1576 Oriod
978 1510 1180 1584 licetl'prrhus
1192 1530 1248 1568 non
1261 1513 1417 1584 ignoraret,
1430 1519 1527 1570 tumen
1540 1517 1712 1587 apromisso

77 1616 109 1668 n,
120 1600 255 1674 ingentes
267 1599 393 1655 militum
405 1617 524 1665 cuncos
538 1601 727 1673 peditumque
741 1619 829 1675 quam
885 1601 950 1657 fidei
967 1607 1051 1673 pacto
1067 1619 1124 1657 uon
1136 1601 1302 1667 retardavit,
1314 1603 1364 1657 sed
1378 1607 1412 1657 ut
1423 1602 1535 1659 audivit
1549 1603 1619 1675 quia
1633 1603 1713 1662 seule

77 1707 100 1747 ts
108 1693 232 1754 turmas,
240 1694 269 1744 et
277 1689 385 1761 egressi
395 1695 535 1744 montana
544 1691 733 1759 transierunt,
744 1693 827 1763 quasi
842 1725 867 1791 B
884 1691 975 1746 Iractu
984 1694 1072 1755 esset,
1083 1690 1209 1745 venienti
1222 1690 1392 1746 boamundo
1403 1696 1432 1747 et
1443 1693 1521 1747 omni
1534 1693 1711 1750 Francorum

79 1778 167 1843 nturi,
192 1779 222 1833 in
245 1783 354 1834 terram
376 1779 614 1833 sarracenorum.
637 1779 724 1834 Nocte
740 1781 827 1835 advo·
884 1779 1064 1835 multitudini
1081 1783 1179 1850 portas
1197 1779 1319 1850 aperuit.
1336 1780 1369 1834 Rt
1383 1797 1450 1835 cum
1466 1797 1569 1853 graves
1584 1782 1711 1853 gemitus

77 1884 97 1922 ,e
111 1884 180 1924 cum
197 1884 313 1922 summo
333 1865 449 1922 silentio
467 1867 625 1931 redierunt,
641 1884 730 1940 seque
746 1870 827 1925 bone
882 1870 918 1923 ab
934 1868 992 1924 imo
1017 1872 1133 1939 pectore
1157 1867 1298 1935 traheret,
1317 1866 1462 1941 longaque
1477 1869 1615 1942 suspirie,
1631 1870 1712 1928 nulla

77 1961 324 2031 preparaverunt.
337 1957 528 2011 boamundus
538 1974 604 2011 vcro
616 1957 651 2012 ad
663 1956 758 2013 locum
772 1959 828 2014 sibi
882 1963 979 2012 tairren
996 1974 1063 2013 cum
1078 1975 1094 2010 a
1108 1957 1254 2028 promissa
1266 1957 1321 2013 tide
1337 1956 1419 2012 illata
1433 1958 1578 2014 revocavit
1590 1959 1708 2032 injuria.

77 2045 142 2102 nico
158 2045 337 2102 destinatum
353 2045 555 2118 perrexitcum
572 2047 758 2101 suistantum
776 2047 828 2102 mi·
882 2048 973 2112 Ouem
987 2045 1176 2101 Boamundus
1193 2044 1222 2098 in
1243 2044 1305 2117 ipso
1321 2050 1408 2117 portae
1425 2046 1547 2103 introitu
1561 2048 1710 2106 submisso

77 2151 108 2206 ts,
124 2139 152 2190 et
168 2152 235 2190 cum
261 2133 362 2206 paucis
378 2133 464 2205 longe
481 2135 622 2189 remansit
638 2152 654 2189 n
669 2137 825 2206 mmuihus,
881 2135 975 2205 capite
1000 2133 1147 2198 sulutmit,
1173 2132 1257 2205 eiquo
1274 2134 1309 2188 de
1324 2134 1429 2190 collato
1447 2135 1586 2192 benedeIo
1600 2137 1709 2209 gratias

77 2241 173 2297 osque
188 2241 255 2279 carm
282 2241 339 2279 una
356 2221 434 2278 scala
456 2223 560 2278 direxit
576 2224 610 2279 ad
628 2224 692 2296 ipsa
708 2227 825 2292 rutenia,
881 2222 950 2295 egit.
966 2223 1021 2279 Sed
1033 2239 1100 2277 cum
1114 2239 1232 2276 (eausam
1245 2221 1537 2295 lamentationisejus
1548 2224 1708 2292 didicisset,

77 2319 171 2371 erecta
186 2314 350 2385 pertingere
367 2312 461 2384 potuit
472 2314 506 2367 ad
518 2313 746 2384 propugnacula.
759 2316 825 2379 Quae
881 2311 1040 2368 admodum
1068 2310 1201 2380 indoluit,
1219 2316 1247 2366 et
1270 2312 1306 2367 de
1329 2312 1473 2369 militibus
1488 2313 1550 2369 suis
1564 2314 1615 2386 qui
1641 2331 1708 2371 eum

78 2402 254 2469 ercetaluit,
272 2406 400 2457 extante
427 2401 617 2457 multitudine
633 2402 732 2457 nullas
748 2405 828 2475 prior
880 2401 1071 2468 custodirent,
1098 2416 1203 2471 resque
1226 2401 1290 2471 ejus
1313 2406 1465 2457 lucrentur
1480 2401 1595 2459 fidelem
1611 2408 1709 2460 custo·

77 2493 150 2549 idere
174 2492 370 2564 presumpsit.
388 2496 518 2562 Curiique
533 2508 634 2545 enarres
652 2492 693 2546 sic
710 2493 825 2548 hesita—
880 2491 960 2545 dium
975 2489 1139 2561 dereliquit.
1159 2489 1215 2544 Nee
1232 2490 1423 2557 reticendum,
1438 2490 1575 2562 queniam
1588 2492 1643 2547 suh
1659 2491 1708 2548 illa

84 2586 157 2639 tunc
172 2598 250 2636 unus
266 2579 360 2650 miles,
382 2580 499 2634 nemine
517 2580 697 2652 lbrlctrrrtus,
715 2582 825 2637 Carnu·
880 2586 973 2648 nocte,
999 2584 1113 2634 cometa
1128 2595 1191 2650 qum
1209 2579 1288 2651 regni
1319 2580 1512 2635 mutationem
1538 2581 1706 2653 presignat,

77 2671 231 2737 snatione,
249 2669 387 2725 audacior
405 2669 526 2738 ceteris,
542 2668 600 2724 ait:
619 2692 632 2718 «
651 2670 708 2742 Rgo
725 2671 752 2725 in
771 2689 824 2726 no·
878 2669 954 2724 inter
968 2668 1026 2724 alia
1040 2666 1103 2722 emli
1121 2668 1217 2722 sidera
1233 2667 1381 2735 rutilabat,
1398 2672 1427 2723 et
1446 2685 1505 2724 sue
1521 2667 1595 2726 lucis
1611 2670 1708 2727 radios

86 2760 158 2817 Iesu
175 2758 281 2814 Christi
306 2758 420 2830 primus
440 2758 597 2813 ascendam
614 2759 649 2813 ad
673 2761 824 2831 quodcun-
879 2757 1068 2831 producebat,
1095 2760 1123 2811 et
1147 2756 1224 2811 iuter
1247 2756 1475 2829 septentrionem
1500 2763 1529 2814 et
1551 2758 1704 2832 orientem,

76 2865 123 2907 me
152 2848 229 2904 Deus
257 2847 400 2902 vocaverit
429 2846 667 2918 suscipiendum
698 2848 757 2904 sire
787 2851 823 2904 ad
877 2845 1095 2919 igneusruhor
1113 2845 1142 2899 in
1159 2843 1231 2900 eoelo
1250 2846 1432 2901 coruscabat.
1458 2846 1508 2922 llis
1523 2847 1707 2906 evidentibus

77 2939 182 3010 prium,
194 2954 244 2992 scu
261 2937 296 2992 ad
310 2935 501 2991 obtinendum
513 2935 797 2995 victoriaebrnvium.
809 2961 823 2988 »
878 2936 971 3008 signis
987 2935 1015 2989 in
1031 2932 1103 2990 coelo
1128 2933 1322 3001 radiantibus,
1340 2938 1368 2990 ct
1389 2951 1495 2991 aurora
1510 2935 1595 2992 terrIs
1611 2935 1706 2993 lucem

77 3026 256 3092 escendente,
274 3024 367 3081 caeleri
394 3025 624 3096 subsequuntur,
640 3031 667 3080 et
692 3027 720 3080 iu
744 3027 822 3083 brevi
879 3026 1031 3093 referente,
1056 3021 1200 3078 exercitus
1222 3022 1271 3077 Dei
1289 3027 1387 3094 portas
1402 3023 1561 3080 AntIocbiae
1576 3023 1704 3093 intravit,

77 3114 263 3174 mmurorum
276 3114 390 3186 lastigie
401 3115 575 3186 pervenitur.
588 3115 715 3186 Pyrrhus
726 3122 822 3172 autem
839 3091 860 3156 C
880 3114 908 3170 in
924 3113 1030 3168 virtute
1045 3111 1126 3166 illius
1141 3109 1191 3183 qui
1207 3111 1311 3166 interni
1325 3120 1417 3183 portos
1431 3115 1706 3179 menandriana

77 3210 90 3260 t
103 3204 175 3273 illie,
202 3202 373 3276 prestolans
398 3220 496 3258 eorum
520 3204 688 3269 arzlventum,
705 3209 733 3258 et
747 3221 821 3275 agre
875 3207 978 3277 ferreos
992 3209 1078 3256 vector
1092 3201 1225 3272 corifrcpit
1240 3201 1326 3270 (Paul.
1343 3218 1398 3270 cvi,
1415 3202 1469 3274 16),
1482 3202 1567 3272 cujus
1577 3206 1705 3274 potestas

77 3311 88 3352 s
113 3293 238 3350 nimiam
260 3291 439 3347 tarditatem.
465 3291 601 3356 Quicum
618 3293 821 3349 Boamundum
877 3295 1027 3366 permanet
1042 3289 1072 3345 in
1090 3288 1197 3345 saecula
1212 3289 1397 3346 saeculorum.
1413 3292 1516 3347 Amen.

608 3443 773 3500 EXPLICIT
795 3444 900 3501 LIBRR
920 3440 1088 3510 QUINTUS.

509 3649 720 3736 luctaris
751 3651 915 3736 LIBER
944 3641 1186 3738 SEXTUS.

264 3823 379 3880 CAPUT
400 3824 556 3880 PRIMUM.
880 3823 1001 3893 solutos,
1017 3822 1138 3897 spiculis
1149 3823 1315 3896 gladiisque
1328 3823 1542 3894 confodiebant,
1552 3828 1580 3880 et
1588 3826 1623 3882 de
1631 3841 1712 3883 sum·

77 3915 163 3972 ieersi
180 3912 280 3970 fideles
296 3913 386 3985 hujus
401 3913 514 3986 Pyrrhi,
530 3915 617 3969 fidem
633 3913 784 3980 attendite,
798 3918 826 3970 et
880 3931 928 3970 mo
944 3912 1062 3970 illarum
1079 3912 1194 3986 lastigie
1211 3914 1246 3968 ad
1263 3918 1370 3969 terram
1394 3911 1594 3984 projiciebant.
1609 3914 1664 3979 Oui
1678 3915 1709 3973 in

77 4005 191 4071 dentes,
208 4004 319 4076 siquid
336 4019 371 4058 cx
386 4003 442 4058 fide
464 4020 514 4075 per
529 4004 616 4058 tidem
642 4002 824 4075 promittitis,
880 4002 1017 4059 domibus
1032 4001 1222 4074 sopiebantur
1232 4002 1329 4058 sonitu
1342 4001 1479 4058 clamoris
1491 4001 1618 4071 excitati,
1635 4002 1709 4060 solra

77 4110 106 4152 is
116 4091 179 4149 ulla
189 4091 419 4149 contrudIctIone
433 4091 571 4163 perficite.
585 4091 827 4148 Nullahuncme-
879 4091 1037 4166 gestientes
1052 4090 1122 4164 quid
1149 4090 1202 4146 boc
1217 4096 1304 4157 esset,
1331 4108 1399 4146 cum
1415 4091 1492 4147 lorus
1514 4091 1635 4158 ealrent,
1650 4109 1709 4150 uon

77 4182 232 4240 iit-aterne
244 4182 357 4248 mortis,
372 4179 454 4235 nulla
464 4181 507 4235 vis
518 4180 636 4244 doloris,
651 4181 731 4236 nulla
744 4180 827 4237 insti-
880 4180 1108 4248 revertebantur,
1121 4180 1261 4252 quoniam
1270 4179 1384 4250 gladios
1396 4179 1582 4236 inveniebant
1591 4185 1710 4253 paratos

85 4270 219 4328 meroris
234 4274 361 4327 avertere
378 4271 502 4344 potuita
518 4270 750 4342 promissahdei
766 4275 825 4326 sta·
880 4269 988 4342 quibus
1012 4269 1240 4341 excipiebantur.
1268 4268 1321 4336 Qui
1347 4268 1504 4325 Christiani
1529 4274 1613 4326 erant
1626 4271 1710 4342 llyrie

77 4363 126 4430 te3
154 4360 307 4433 magisque
323 4358 416 4414 valuit
429 4359 505 4431 apud
533 4359 631 4431 ipsum
646 4359 713 4414 lidei
731 4359 989 4431 perdonabitur,
1007 4363 1036 4414 et
1052 4356 1124 4414 alias
1140 4357 1197 4414 Deo
1213 4356 1315 4413 laudes
1328 4358 1535 4429 personabant,
1548 4362 1581 4413 ut
1594 4374 1645 4430 per
1654 4358 1709 4414 hoe

77 4467 83 4506 ι
113 4449 241 4505 duorum
269 4464 477 4520 germanorum
507 4447 562 4502 diri
599 4447 746 4503 cruciatus
780 4448 824 4503 in·
879 4446 992 4506 scilicet
1008 4446 1116 4503 nostris
1138 4445 1364 4515 innotescerent,
1381 4447 1459 4518 quod
1475 4463 1532 4503 non
1546 4446 1640 4516 Turci,
1657 4447 1708 4504 sed

77 4537 160 4611 iptio.
177 4537 210 4591 st
225 4537 249 4592 si
261 4536 332 4591 illud
345 4536 498 4609 antiquum
511 4537 660 4608 problema
671 4537 826 4592 Samsonis
881 4536 1039 4593 Christiani
1056 4540 1163 4592 essent.
1180 4535 1293 4591 Passim
1309 4538 1481 4591 sternuntur
1495 4533 1597 4607 platee
1613 4534 1710 4592 eivita-

77 4625 472 4689 idiumvolumusadducere,
483 4625 550 4680 huic
561 4624 752 4698 aequipollens
763 4643 826 4698 pos·
880 4625 918 4681 tis
934 4625 1104 4697 corporibus
1130 4624 1329 4691 morientium,
1357 4623 1497 4697 quoniam
1523 4628 1592 4680 tunc
1608 4622 1709 4680 nullus

77 4733 100 4772 is
115 4731 286 4789 proponere.
304 4715 428 4770 Samson
447 4715 506 4769 ait:
522 4716 560 4770 Ile
575 4715 726 4770 concedente
740 4716 827 4770 eaiuit
880 4730 981 4770 eorum
996 4713 1159 4781 resistebat,
1177 4713 1226 4768 sed
1243 4714 1411 4785 querebant
1426 4730 1529 4769 omues
1544 4712 1667 4769 latibula
1681 4716 1711 4771 et

77 4811 118 4870 ,st
126 4804 345 4877 desorticpressu
353 4803 509 4859 cstdulrcdo
520 4804 599 4871 (Just.
610 4821 667 4869 xiv,
682 4804 734 4873 ll).
744 4803 827 4859 Nunc
881 4804 955 4875 luge
967 4802 1146 4875 presidium.
1158 4801 1236 4857 Nulli
1247 4803 1338 4857 honor
1349 4802 1539 4874 impenditur,
1548 4802 1630 4873 pueri
1642 4818 1709 4859 oum

77 4893 242 4961 deinhdeli,
255 4892 487 4964 processitfidcs,
501 4893 573 4946 etde
584 4900 729 4960 extraneo,
743 4892 826 4947 lami·
880 4891 998 4964 puellis,
1010 4893 1134 4962 J'uvcnes
1150 4908 1216 4946 cuin
1239 4892 1369 4959 senibus,
1387 4895 1497 4946 matres
1512 4908 1626 4964 quoque
1642 4907 1710 4949 eum

77 5021 79 5030 ι
93 4985 122 5039 et
131 4981 246 5054 integra
256 4980 381 5036 dilectio.
391 4984 471 5035 Atne
484 4981 664 5036 lastidiosam
676 4981 828 5036 videamur
881 4979 998 5037 filiabus
1013 4979 1238 5036 interficiuntur.
1255 4980 1309 5043 Qui
1321 4980 1420 5052 sugere
1431 4985 1565 5052 poterant
1579 4997 1630 5054 per
1643 4996 1710 5053 por·

77 5068 322 5161 edigressiopem,
334 5069 371 5124 ad
380 5069 525 5141 inceptam
535 5071 689 5125 redeamus
700 5069 826 5125 historiae
881 5075 925 5125 tas
939 5069 1067 5138 exibant,
1085 5074 1208 5124 mortem
1224 5073 1321 5123 tannen
1334 5067 1454 5124 minime
1465 5069 1628 5138 evadentes,
1640 5069 1712 5142 quia

77 5157 236 5217 ›sitiouem
253 5159 361 5224 Quarto
383 5159 481 5214 Nonas
496 5159 588 5225 lunii,
605 5158 762 5214 Christiani
778 5177 827 5214 ur·
881 5159 910 5214 in
925 5176 1029 5215 manus
1042 5157 1076 5213 de
1086 5158 1191 5213 castrIs
1202 5157 1382 5213 venientium
1394 5157 1570 5214 Incidebant.
1584 5157 1711 5231 ContigiI

77 5245 238 5305 AntIochiae
254 5245 438 5315 introierunt,
455 5248 527 5302 etin
544 5263 593 5303 ore
608 5247 698 5319 gladii
714 5246 748 5302 de
765 5246 825 5303 suis
880 5252 978 5304 autem
994 5253 1023 5304 ul
1042 5247 1117 5302 inter
1132 5246 1279 5319 fugientes
1294 5247 1452 5303 Cassianus
1467 5263 1517 5302 rex
1531 5251 1559 5302 et
1569 5247 1708 5304 dominus

77 5335 264 5394 invasoribus
287 5335 517 5391 sindicaverunt.
544 5335 715 5390 Fulclterius
730 5340 758 5391 et
780 5336 825 5392 sui
880 5335 1014 5404 civitatis,
1030 5336 1139 5391 vilibus
1155 5335 1260 5409 pannis
1273 5336 1387 5393 obsitus
1402 5336 1546 5405 evaderet,
1563 5336 1636 5393 etin
1651 5340 1711 5393 ter-

77 5424 166 5494 tices,
190 5424 242 5498 qui
266 5441 334 5480 cum
349 5441 381 5481 eo
397 5443 497 5481 muros
512 5426 714 5495 ascenderant,
731 5429 826 5482 turres
881 5443 944 5482 ram
968 5424 1109 5482 Tancredi
1135 5424 1273 5498 fugiendo
1296 5425 1469 5499 perveniret.
1491 5425 1548 5483 Sed
1572 5425 1648 5484 melo
1664 5442 1712 5500 sui

77 5530 129 5594 que
149 5514 337 5584 invadebant,
354 5517 383 5572 et
399 5513 531 5574 incautos
545 5513 648 5591 vigiles
664 5531 826 5595 somnoque
881 5514 1041 5576 interlunio
1065 5513 1198 5577 Armenii
1225 5531 1294 5575 eum
1323 5519 1531 5594 cognoverunt,
1547 5518 1577 5574 at
1594 5515 1621 5576 si
1634 5514 1712 5577 illico

159 5640 290 5707 Parnon.
313 5638 400 5711 mv,
1513 5641 1553 5707 2³
