3816 6006
152 265 230 351 ists
789 274 1214 344 ssuunsutsausrsus.
1781 242 1856 342 sss

150 416 261 476 lumem
275 414 464 485 conservavit,
481 413 749 482 commendatur,ct
762 413 889 471 salvator
902 429 976 469 nun·
988 411 1017 481 Α
1031 410 1134 468 tribuit
1156 411 1206 485 qui
1228 410 1388 486 indigentis
1409 409 1615 468 verecundiam
1634 407 1791 485 prevenit.
1802 407 1857 468 us·

151 510 286 580 cupatur.
301 505 442 574 Quintum
458 504 589 562 officium
604 508 658 574 est,
675 502 805 560 diluculo
817 502 976 575 uuicuique
1029 502 1176 558 decimum
1193 500 1323 558 officium
1338 505 1392 570 est,
1409 500 1525 557 inmitia
1541 512 1601 558 sust
1626 502 1731 557 eontra
1754 496 1857 573 mgni,

152 611 305 653 servorum
320 599 348 651 et
358 593 531 651 ancillarum
543 610 630 667 opera
641 594 802 667 injungere,
815 593 974 659 nauseant,
1029 594 1193 664 austeraque
1215 589 1381 647 necessaria
1410 588 1570 663 prandere,
1587 589 1666 647 unde
1696 585 1857 645 numum:

151 688 180 743 et
190 683 300 742 cibaria
310 682 496 752 distribuere,
509 699 545 740 ue
556 681 701 752 deliciunt,
710 682 788 740 unde
804 681 922 739 subdit:
937 684 977 738 De
1029 679 1090 736 Non
1118 681 1225 737 timebit
1245 679 1341 737 domui
1363 694 1459 737 sumo
1481 679 1635 752 repenses
1660 679 1759 747 atain
1773 688 1858 735 cnm

150 781 229 832 noete
240 774 390 843 concerpit,
402 770 528 844 deditque
539 771 712 845 praedom‚i·d
726 775 770 828 est
785 770 916 827 officium
932 785 978 826 ao·
1030 770 1105 826 enim
1132 769 1273 826 domestici
1301 769 1360 842 aas
1384 771 1476 826 vestiti
1504 777 1568 825 sont
1592 766 1766 842 depticdses.
1793 765 1857 824 uias

150 861 286 937 quirsudi
296 860 450 919 domesticis
459 862 552 918 suiset
572 861 682 916 uocittis
696 861 755 917 sois
774 860 890 915 ciborio.
903 855 978 915 Sori-
1030 857 1205 934 Apostolus:
1218 857 1272 915 «Si
1287 857 1355 931 quis
1370 872 1491 915 sucrum
1505 862 1535 914 st
1549 855 1679 914 maxime
1688 854 1857 914 domestice

151 953 236 1026 ptum
244 949 377 1008 estsuim
390 967 396 1007 :
410 944 978 1023 «Cibariaetvirgsetonusasinopsnis
1031 963 1098 1004 rum
1114 963 1214 1005 curam
1231 964 1289 1004 non
1313 947 1413 1017 habet,
1430 947 1519 1004 iidem
1534 945 1651 1022 negavit
1666 945 1695 1017 (i
1708 945 1779 1004 ress.
1793 943 1854 1018 sl.»

152 1037 341 1114 sidisolpliua
350 1042 379 1096 et
388 1038 686 1113 opusservoblultsm
698 1035 978 1112 namquemalitiam
1032 1034 1067 1093 itt
1080 1041 1166 1110 poeta
1182 1052 1189 1092 ι

153 1127 391 1188 docuitoticsitss
401 1129 632 1202 (declamaris
642 1126 715 1184 Hinc
725 1127 896 1202 Apostolus:
907 1123 979 1192 «Qui
1031 1125 1091 1182 Nos
1104 1124 1217 1183 sitisset
1231 1125 1341 1184 domino
1357 1127 1450 1199 proves
1464 1133 1515 1195 est,
1529 1127 1576 1183 orsi
1585 1126 1671 1183 ursit
1685 1131 1803 1198 coesus

153 1220 212 1277 dou
224 1217 408 1287 laboratum
419 1217 576 1275 manducet
586 1217 622 1286 (il
633 1219 720 1275 Thess.
730 1216 928 1288 inteflextum
940 1217 982 1274 ol·
1032 1214 1245 1272 Duodecimum
1269 1213 1400 1271 osticium
1416 1214 1498 1272 bone
1514 1218 1654 1271 matrones
1670 1216 1720 1271 cst
1734 1213 1852 1291 seipsam

151 1306 253 1365 tioium
267 1308 312 1365 eet
326 1306 477 1363 rectiorem
488 1309 517 1363 et
526 1306 723 1363 honestiorem
733 1305 854 1363 modum
862 1305 977 1363 vivendi
1032 1303 1154 1362 honeste
1169 1307 1197 1360 et
1211 1305 1350 1362 decenter
1362 1320 1477 1375 ornare,
1495 1307 1528 1360 nt
1542 1302 1656 1380 placeat
1669 1301 1738 1360 sim
1753 1305 1854 1371 seems

151 1396 348 1466 consecrare,
364 1398 392 1452 et
416 1412 449 1453 eo
477 1395 563 1453 modo
586 1395 690 1452 vivere.
708 1396 795 1452 Porro
820 1395 926 1452 rectior
949 1399 978 1452 et
1033 1392 1058 1450 si
1073 1393 1146 1451 lorte
1161 1393 1187 1450 ei
1202 1392 1380 1467 displiceret,
1391 1393 1417 1450 si
1432 1393 1506 1450 forte
1521 1390 1635 1450 occasio
1660 1390 1854 1449 fornicatiouis

150 1483 303 1543 bcusstior
317 1485 423 1541 modus
436 1484 551 1541 vivendi
562 1489 607 1542 est
618 1485 806 1558 agricultura.
818 1484 900 1541 Unde
911 1484 979 1541 sub·
1033 1483 1125 1550 fieret,
1142 1481 1659 1553 undeetsubditur:8troupuiotom
1685 1482 1817 1553 uuum!
1842 1481 1847 1492 '

151 1573 252 1632 ditur:
269 1573 455 1632 Comideruvit
469 1591 578 1645 aprum,
594 1573 623 1629 id
649 1578 693 1631 est
718 1573 939 1648 agrioulturam,
950 1578 980 1630 et
1032 1572 1203 1646 sibityssus
1226 1580 1254 1629 et
1276 1588 1402 1646 purpura
1426 1572 1615 1629 indumentum
1640 1570 1714 1646 ejas.
1732 1593 1749 1621 <r
1764 1568 1857 1628 stuba

150 1663 315 1723 smiteum.
331 1666 369 1721 De
382 1667 486 1737 foratu,
503 1663 532 1719 id
549 1663 701 1721 estlsboro
717 1680 851 1720 moseum
864 1679 979 1720 suoram
1033 1679 1096 1734 qua
1107 1666 1199 1735 nupta
1208 1666 1262 1729 est,
1274 1661 1384 1736 cogitat
1402 1661 1548 1735 quomodo
1568 1658 1794 1735 placcstviroli
1805 1659 1857 1727 Ge,
1902 1662 1904 1689 ³

150 1754 286 1828 plantavit
299 1755 421 1811 vineam.
431 1753 514 1809 Hunc
529 1751 644 1809 vivendi
659 1754 780 1810 modum
791 1752 980 1809 commendat
1033 1755 1111 1821 vui»
1121 1750 1291 1808 sicutenim
1304 1750 1518 1810 cultiorcuItus
1529 1744 1858 1824 reprehensibilium

154 1840 980 1915 Psalmista‚dioens:«LaboresmanuumtuarumquIa
1034 1839 1132 1910 vidua,
1149 1838 1190 1896 sio
1215 1837 1390 1896 inhonestus
1414 1839 1445 1895 in
1471 1839 1640 1912 conjugata,
1658 1836 1686 1894 si
1702 1841 1859 1912 tsmeupss
1902 1886 1904 1892 ,

155 1931 464 2001 manducabis,beatus
479 1931 635 2000 es‚ctbene
645 1932 698 1988 tibi
709 1931 979 2003 erittPsoi.xnu11).»
1035 1928 1113 1984 bunc
1129 1945 1187 1985 non
1203 1927 1298 1985 alieno
1313 1945 1374 1986 viro
1389 1928 1501 2002 oppetit
1515 1927 1642 2003 plaeere,
1657 1927 1859 1995 sedandos·

156 2022 321 2098 Septimum
335 2022 465 2078 oltloium
481 2020 571 2087 est,iu
587 2020 693 2077 virtute
709 2020 851 2077 eastitatis
863 2024 892 2076 et
902 2023 983 2076 cete·
1035 2017 1269 2075 enimobhoese
1281 2021 1409 2074 ornatui
1425 2015 1723 2090 alienisplaeeut,boc
1736 2015 1858 2090 ipsojsu

156 2125 256 2168 rarum
270 2109 982 2183 virtutumoperibusseiortitercxeroere;unde
1035 2105 1246 2164 estmoechata.
1264 2107 1556 2164 'tertiumdecimum
1572 2104 1708 2161 osticium
1736 2103 1859 2162 mulieris

156 2200 257 2257 subdit
272 2216 279 2255 τ
296 2200 422 2255 demasii
435 2199 597 2270 fortitudine
612 2199 802 2269 tommosam,
819 2205 845 2254 et
857 2198 981 2255 corrobo—
1036 2195 1119 2252 torus
1134 2199 1188 2263 est,
1199 2196 1275 2252 bono
1290 2195 1422 2270 exemplo
1437 2199 1466 2254 et
1480 2196 1567 2253 serbo
1582 2194 1680 2251 virum
1696 2210 1790 2251 suum
1812 2193 1857 2251 bs·

155 2287 488 2346 reotttroobiumsoom.
508 2287 579 2343 Hinc
605 2287 684 2344 euim
713 2291 783 2344 suut
810 2290 983 2344 ornamenta
1036 2287 1194 2341 uestareet
1209 2285 1500 2356 sanctificare,juxta
1523 2283 1600 2358 quod
1624 2283 1791 2359 Apostolus
1804 2283 1858 2339 ait:

157 2375 375 2454 quaspreoipue
392 2378 498 2433 bonam
515 2379 679 2432 matronam
702 2381 843 2433 exornant
860 2376 982 2451 :cingu-
1038 2373 1323 2430 «Sanctificaturvir
1337 2371 1696 2446 infidelispsrmulierem
1714 2372 1858 2440 iideiemtl

155 2465 219 2523 ium
238 2465 392 2533 castitatis,
407 2464 598 2539 pericholides
624 2465 707 2522 bone
728 2465 915 2538 operationis,
931 2481 982 2542 pe·
1036 2463 1097 2520 Cor.
1113 2464 1182 2535 v1r);
1201 2485 1215 2512 »
1230 2463 1286 2519 hoc
1300 2466 1345 2520 eet
1359 2479 1428 2537 ergo
1444 2462 1522 2535 quod
1538 2460 1698 2535 sequitur:
1717 2461 1859 2519 actosa

157 2552 493 2629 plumpudptismonile
508 2553 590 2609 bones
600 2552 899 2623 eruditionis,iuauris
913 2554 982 2612 ohe·
1033 2554 1120 2626 portis
1142 2554 1186 2608 vir
1208 2552 1276 2624 ejus,
1295 2552 1324 2608 id
1348 2556 1393 2609 est
1415 2551 1445 2608 iu
1466 2550 1589 2624 judicio,
1604 2566 1670 2607 cam
1684 2551 1793 2609 sederit
1809 2565 1860 2607 esst

160 2643 286 2710 dientle,
296 2645 416 2716 torques
431 2641 722 2716 prudentia,armills
736 2643 983 2716 subjectionisllt
1035 2641 1207 2699 senatoribus
1222 2650 1313 2700 terre.
1327 2641 1500 2698 Sicutenim
1524 2638 1632 2698 mulier
1658 2640 1819 2698 inhoneste
1828 2639 1860 2695 n'·

159 2731 221 2788 heo
237 2735 339 2789 contra
353 2731 419 2788 illas
433 2749 496 2805 qua
512 2732 548 2788 ad
564 2731 678 2788 nullum
694 2732 804 2789 bouum
829 2749 860 2789 se
884 2732 982 2790 acciu·
1037 2748 1103 2788 rum
1117 2747 1205 2787 suum
1220 2731 1316 2787 reddit
1334 2731 1532 2789 verecundum
1556 2735 1584 2786 et
1609 2728 1817 2799 latibuudum,
1827 2727 1861 2786 its

159 2825 242 2896 gunt,
259 2822 309 2878 sed
325 2821 355 2878 in
369 2821 431 2878 sola
444 2820 565 2877 libidine
581 2822 758 2878 iortessunt.
771 2822 983 2878 Octavumold·
1037 2819 1144 2876 mulier
1161 2818 1285 2876 honesta
1299 2820 1395 2876 virum
1411 2836 1500 2876 suum
1515 2818 1611 2875 reddit
1625 2817 1765 2876 uobssam
1786 2823 1861 2891 atque

160 2909 239 2968 oium
255 2913 309 2979 est,
325 2915 444 2984 gustare
457 2913 486 2966 et
499 2910 622 2984 experiri
637 2927 726 2983 quam
748 2911 787 2967 sit
810 2911 931 2981 bouum,
948 2911 983 2968 de
1037 2908 1358 2977 solemnemouartum
1369 2909 1517 2967 decimum
1527 2908 1660 2966 silleium
1672 2909 1861 2966 banaeim

160 2997 276 3073 negotio
293 2997 488 3073 agricultura,
505 3002 534 3055 et
548 2998 583 3055 de
599 2999 711 3056 ceteris
731 3001 818 3057 rectis
833 3000 984 3058 laboribus
1037 3001 1090 3055 ota
1112 3003 1252 3056 matrona
1277 3001 1332 3068 cst,
1349 2999 1510 3072 quamdam
1534 2996 1624 3055 telam
1650 2996 1860 3056 innocentiae

160 3089 259 3146 sibiet
281 3088 482 3162 indigentibus
505 3088 670 3145 necessaria
692 3090 854 3163 providere,
869 3093 898 3146 et
916 3107 984 3164 pro·
1038 3088 1155 3144 munde
1170 3088 1236 3144 vita
1246 3087 1336 3144 ordiri
1346 3091 1375 3144 et
1385 3087 1617 3161 perlicere‚etsd
1634 3089 1702 3160 ejus
1714 3086 1859 3144 emendmr

93 3193 98 3199 ‘
159 3182 259 3252 ptores
273 3194 331 3235 uon
347 3177 484 3234 salumin
500 3179 556 3247 die,
573 3179 623 3235 sed
639 3179 728 3235 etiam
745 3179 775 3234 in
790 3184 874 3236 uoote
893 3179 983 3252 justis
997 3162 1019 3231 C
1038 3176 1524 3251 negotiationem,chananeumid
1534 3179 1579 3233 ast
1594 3175 1765 3248 quemlibet
1780 3180 1860 3233 exus

159 3265 310 3326 laboribus
322 3268 440 3325 instare.
459 3267 589 3334 Quatuor
603 3267 681 3323 enim
707 3267 848 3325 utilitates
872 3270 983 3327 oculari
1036 3283 1125 3323 neum
1137 3265 1859 3339 negotiatorembonssnegotiationesquarentem

158 3354 241 3414 labor
256 3372 418 3413 munuum:
435 3355 506 3412 vitia
518 3357 654 3425 destruit,
670 3357 792 3414 virtutes
812 3359 915 3429 nutrit,
932 3375 982 3416 ne·
1035 3355 1312 3428 peramulotiousm
1324 3356 1483 3430 accingere.
1500 3354 1581 3411 Unde
1592 3354 1755 3411 subditur:
1771 3352 1858 3411 Sistit»

158 3444 286 3503 cessaria
296 3445 605 3520 purat‚eleemosynam
616 3446 714 3502 doust.
729 3447 810 3503 Unde
823 3451 850 3503 et
860 3447 980 3505 subdit:
1035 3461 1098 3501 nem
1112 3446 1177 3517 fecit
1188 3452 1214 3501 ot
1229 3444 1394 3513 vendidit,et
1407 3444 1549 3514 deputam
1564 3443 1683 3499 badadi!
1697 3442 1856 3500 chunones.

160 3533 284 3592 Gastooit
296 3544 323 3590 ot
344 3535 412 3591 sidit
433 3537 563 3607 quonism
585 3536 655 3590 bono
678 3543 719 3591 est
738 3538 886 3607 negotiatio
905 3537 982 3611 ajam
1035 3534 1071 3590 ut
1086 3534 1141 3590 hoc
1156 3533 1334 3590 contrailias
1350 3549 1414 3606 qua
1430 3533 1518 3589 telam
1533 3529 1856 3602 intamistexuntetsd

157 3636 215 3681 noo
227 3624 416 3692 exstinguetur
429 3625 457 3679 io
472 3631 550 3680 nocte
564 3624 754 3697 tocemoejus.
768 3626 840 3681 Hinc
862 3626 980 3696 Poulus,
1035 3621 1118 3679 illam
1135 3622 1212 3679 malo
1235 3621 1377 3696 exemplo,
1393 3621 1521 3695 reliquas
1543 3621 1671 3678 feminas
1694 3621 1855 3695 accingunt

159 3727 196 3768 ue
208 3727 260 3784 pro
275 3711 487 3768 sustentatione
498 3710 711 3768 suictsuorum
729 3730 908 3787 quemquam
920 3732 982 3789 gra·
1035 3713 1176 3776 Quintum
1192 3711 1338 3769 decimum
1353 3711 1482 3769 oliicium
1497 3715 1542 3768 ast
1555 3726 1587 3767 se
1606 3711 1739 3769 fominus
1762 3719 1792 3768 et
1813 3710 1856 3767 bo·

157 3797 326 3868 veret,dicit
336 3814 368 3854 se
383 3797 578 3866 laborasseet
592 3797 664 3856 alios
680 3798 814 3857 hortatur
836 3802 872 3857 ad
898 3802 982 3859 labo·
1035 3801 1127 3857 nestis
1138 3801 1270 3858 moribus
1281 3805 1420 3874 tauquam
1432 3800 1612 3874 quibusdam
1622 3799 1813 3857 indumentis
1822 3800 1857 3856 lis·

158 3886 398 3957 randum,dioens
411 3887 539 3960 :sMsgis
550 3894 647 3945 autem
657 3888 982 3966 laboretunusquisque
1036 3891 1151 3947 ducere.
1168 3889 1249 3946 Unde
1264 3890 1400 3946 subditur
1415 3906 1422 3946 τ
1438 3891 1578 3948 Fortitodo
1588 3899 1613 3946 et
1628 3888 1712 3947 decor
1722 3889 1857 3946 abdam

157 3978 296 4034 manibus
311 3977 546 4046 suis,uthabeat
562 3979 639 4034 unde
653 3977 764 4035 tribuat
778 3980 981 4039 necessitatem
1035 3986 1093 4036 tam
1106 3983 1175 4054 ejus
1186 3988 1213 4036 ct
1225 3980 1330 4037 ridebit
1344 3982 1372 4035 in
1387 3980 1432 4036 die
1446 3981 1602 4037 ooobsimo.
1619 3979 1684 4036 Non
1708 3979 1763 4048 ait,
1780 3977 1855 4042 riost,

158 4066 282 4141 patienti
305 4067 416 4140 (prcs.
432 4067 482 4137 lv).
500 4088 514 4116 s
530 4099 564 4108 -
580 4091 593 4117 κ
609 4068 722 4124 Bestius
747 4068 824 4125 enim
847 4073 891 4126 est
913 4072 981 4128 dare
1035 4069 1174 4143 quoniam
1191 4093 1205 4120 α
1222 4086 1263 4125 va
1278 4068 1360 4124 vobis
1376 4069 1425 4141 qui
1442 4068 1546 4125 ridetis
1561 4069 1636 4139 (isso.
1653 4067 1704 4142 vs).
1722 4091 1738 4118 n
1755 4069 1790 4125 us
1809 4068 1856 4124 boo

158 4169 247 4230 quam
271 4155 483 4229 acciperedict.
508 4160 566 4226 xx),
584 4180 598 4207 s
621 4157 674 4226 Qui
704 4158 782 4214 enim
812 4160 871 4216 dat.
887 4160 980 4217 Deum
1035 4157 1857 4233 contraillssquaedissolutioneetturpitudiuesesein·

156 4241 300 4314 imitatur,
345 4245 396 4318 qui
440 4246 554 4318 accipit,
594 4246 750 4303 foenerator
781 4253 834 4304 cet.
865 4248 980 4306 Nouum
1035 4246 1139 4315 duunt,
1152 4252 1180 4302 et
1191 4249 1219 4302 in
1236 4246 1413 4303 cachinnum
1428 4263 1492 4303 sese
1507 4243 1857 4304 effunduntsextumds·

157 4333 286 4392 officium
302 4339 357 4403 est,
374 4351 432 4390 uon
447 4333 542 4391 solum
558 4337 594 4391 ad
610 4335 695 4391 tortis
708 4338 737 4391 et
752 4353 868 4411 magna,
886 4338 936 4394 sed
952 4342 981 4394 et
1034 4352 1116 4393 mum
1132 4335 1261 4393 otfioiurn
1276 4341 1331 4404 est,
1347 4335 1464 4394 illioset
1487 4334 1629 4392 familiam
1655 4352 1744 4393 suam
1769 4335 1801 4392 iu
1818 4346 1856 4392 st·

155 4423 226 4481 sitio
251 4426 280 4480 et
302 4423 427 4480 humilia
454 4441 543 4500 opera
571 4424 607 4498 (si
635 4424 717 4480 locus
741 4426 837 4498 luerit)
858 4444 978 4484 manum
1033 4424 1183 4498 pientia,et
1193 4424 1222 4480 iu
1233 4423 1296 4498 lege
1307 4423 1422 4481 Domini
1433 4422 1612 4498 exempliset
1621 4424 1720 4481 verbis
1733 4425 1855 4490 emadirt,

156 4528 312 4588 apponere.
330 4513 410 4569 Unde
439 4513 576 4569 subditur
591 4531 598 4568 τ
611 4515 722 4569 bianum
748 4531 827 4570 soom
849 4517 925 4572 misit
945 4516 981 4572 od
994 4536 1018 4600 D
1033 4515 1111 4570 unde
1135 4514 1289 4569 subditur:
1308 4513 1342 4570 Os
1364 4530 1445 4570 suum
1468 4515 1575 4588 operuit
1598 4516 1760 4586 aspicem,
1775 4523 1803 4572 et
1819 4514 1856 4570 ios

155 4603 250 4675 fortio,
267 4611 292 4658 et
319 4603 403 4672 diqiti
429 4603 488 4675 ejus
517 4603 753 4675 apprehenderunt
772 4605 876 4675 susum.
898 4605 980 4661 Siout
1032 4604 1185 4660 clementia
1200 4605 1229 4658 in
1254 4604 1351 4676 linquo
1364 4604 1432 4676 ejus.
1454 4603 1526 4659 Cum
1542 4607 1640 4659 autem
1655 4602 1703 4660 lex
1717 4607 1784 4660 tam
1805 4601 1856 4659 cle

156 4690 234 4747 enim
250 4692 381 4764 superbe
397 4691 505 4748 mentis
516 4698 560 4747 est
574 4709 661 4765 opera
675 4691 800 4748 humilia
814 4693 978 4763 abhorrere,
1034 4692 1149 4748 mentis
1161 4708 1249 4765 quam
1260 4691 1382 4764 justitie
1398 4692 1446 4763 sit,
1463 4696 1562 4749 tamen
1572 4691 1620 4749 bio
1632 4691 1681 4749 lex
1698 4690 1856 4750 clementis

156 4778 197 4834 ita
211 4779 332 4836 humilis
348 4781 510 4837 mentisest
524 4780 633 4837 nullam
650 4799 770 4855 operum
786 4781 926 4840 vilitatem
943 4784 979 4855 (si
1033 4781 1150 4852 dicitur,
1168 4787 1201 4837 ut
1216 4780 1382 4838 meminerit
1401 4786 1534 4839 matrona
1557 4780 1757 4851 clementiam,
1773 4797 1856 4856 quau

155 4867 238 4923 locus
255 4870 351 4939 tuerit)
360 4869 475 4925 esitare.
486 4869 635 4927 Decimum
647 4870 777 4926 officinm
788 4874 833 4928 ost
841 4872 979 4944 operibus
1032 4870 1077 4927 lex
1092 4870 1231 4943 precipit,
1249 4870 1278 4926 in
1304 4869 1445 4927 familiam
1464 4871 1581 4943 hahere,
1597 4871 1675 4928 sicut
1700 4870 1857 4927 Dominum

157 4957 364 5014 misericordia
380 4959 524 5029 insistere,
541 4963 569 5015 ot
585 4960 662 5032 inopi
679 4977 736 5015 nou
753 4958 847 5017 solum
859 4964 977 5034 petenti,
1032 4960 1094 5016 vult
1108 4960 1237 5016 inveniro
1252 4959 1425 5017 elementem
1440 4960 1470 5017 iu
1486 4978 1527 5018 se.
1542 4961 1578 5017 Ut
1591 4960 1647 5017 hoo
1663 4963 1772 5018 scutra
1798 4958 1857 5017 illos

156 5045 246 5101 sedet
260 5052 357 5119 petere
370 5047 563 5116 erubescenti,
576 5048 776 5119 preveniendo
793 5048 906 5123 palmas
920 5049 978 5108 lar-
1032 5048 1181 5119 mulieres,
1199 5066 1262 5122 que
1275 5049 1457 5123 turpiloquis
1470 5053 1499 5106 et
1512 5049 1679 5123 impudicas
1695 5049 1856 5107 cantilenas

155 5134 223 5207 gius
237 5133 400 5190 extendere.
417 5135 499 5192 Unde
514 5141 542 5193 et
557 5137 656 5194 subdit
673 5154 679 5193 :
696 5143 811 5197 Monam
825 5155 905 5195 suom
920 5157 981 5214 opo·
1033 5139 1160 5206 discunt,
1177 5141 1206 5194 et
1218 5137 1313 5213 legem
1328 5139 1379 5196 Dei
1394 5155 1452 5196 uon
1467 5142 1582 5197 curant.
1596 5137 1765 5212 Septimum
1782 5137 1857 5196 desi·

154 5225 213 5279 ruit
227 5223 315 5294 inopi,
332 5230 358 5278 et
370 5224 478 5295 polmus
488 5241 552 5281 suos
565 5226 685 5283 exaudit
699 5227 734 5283 od
747 5243 889 5299 pauperes.
907 5228 979 5286 ilinc
1033 5245 1116 5285 mum
1130 5228 1260 5285 officium
1271 5232 1325 5297 est,
1336 5245 1439 5286 omues
1451 5229 1572 5286 semitas
1585 5225 1694 5286 domus
1709 5245 1785 5298 sua,
1802 5227 1856 5286 sits

153 5310 312 5369 Psalmista
328 5327 334 5366 :
351 5335 366 5362 «
383 5312 491 5371 Beatus
518 5315 567 5387 qui
592 5315 729 5389 intelligit
745 5333 833 5389 super
853 5333 978 5391 egenum
1032 5317 1161 5387 inutiles,
1172 5316 1231 5374 sive
1246 5316 1343 5388 utiles,
1351 5317 1411 5376 sive
1425 5321 1564 5376 nocentes
1574 5314 1855 5390 consideras-amuda

154 5401 183 5456 et
196 5414 353 5474 pauperem
369 5403 454 5473 (Psoi.
470 5403 526 5478 xo).
546 5426 557 5454 s
575 5405 669 5477 Super
693 5421 816 5479 egenum
841 5406 979 5482 intelligit
1032 5407 1170 5464 subditur
1186 5424 1193 5462 τ
1211 5407 1401 5464 considerauit
1413 5409 1524 5465 semitas
1537 5407 1631 5465 domet
1643 5414 1856 5481 Μάραθα

154 5489 217 5562 qui,
234 5488 402 5565 intelligens
424 5492 552 5565 aliquem
577 5509 671 5566 egere,
691 5511 748 5551 non
774 5500 922 5569 exspectat
945 5502 978 5556 ut
1030 5499 1116 5555 otioso
1143 5513 1197 5554 oon
1222 5495 1344 5570 consedit,
1360 5497 1412 5555 sed
1434 5496 1534 5572 potius
1557 5495 1707 5572 vigilando
1731 5499 1763 5554 et
1777 5494 1854 5553 labb·

152 5581 339 5664 protelasset
354 5580 532 5659 preveniens
547 5597 657 5645 munus
678 5584 817 5643 extendit.
829 5584 878 5645 tiis
897 5586 976 5646 euim
1030 5587 1132 5660 raudo,
1148 5584 1268 5645 semitas
1281 5602 1334 5663 per
1347 5603 1421 5664 quas
1441 5587 1553 5648 bonum
1577 5585 1679 5647 domui
1703 5583 1854 5664 provesin
