3816 6006
80 217 177 284 ‘roae
733 207 933 275 nanusunr
952 179 1159 271 incurris.
1189 253 1192 257 ,
1715 198 1798 270 ,usn

98 354 170 430 quid
185 370 217 411 se
232 350 439 410 confitentibus
453 348 497 409 vel
518 348 692 424 negantibus
714 347 755 404 sit
773 346 917 402 facturus.
931 345 1002 413 'Aac
1030 343 1269 415 aupurttoueruut
1292 346 1321 400 et
1343 341 1527 401 abstulerunt
1551 340 1674 401 latores
1702 354 1798 401 eom

99 444 231 501 Primum
247 444 338 516 igitur
360 442 429 514 quid
446 458 477 498 sc
502 438 709 497 confitentibus
734 436 772 493 sit
787 435 919 495 facturus
974 432 1050 504 (Sap.
1073 434 1112 504 v),
1129 437 1182 489 otc.
1200 433 1353 501 Quoniam,
1367 433 1798 508 iratres,inhocmundo,1ucti

99 532 235 601 ostendit,
252 548 320 589 cum
335 530 449 587 subdit:
468 531 569 588 Ornuis
589 531 751 603 quicunque
773 523 921 598 consessus
974 521 1148 594 spoliantur,
1174 521 1380 594 opprimuntur
1404 527 1432 578 et
1455 529 1598 580 vexantur
1612 525 1652 579 ab
1678 523 1798 598 iniquis,

99 624 191 694 suerit
205 638 250 678 me
264 638 365 678 coram
380 621 549 686 horninibus,
558 624 584 674 et
593 622 617 672 F
617 618 688 673 iiius
699 615 825 670 hominis
834 611 921 683 confir
975 611 1052 666 undu
1063 610 1137 680 justi
1154 611 1302 667 multoties
1312 612 1561 668 contristenturet
1572 614 1797 681 conturbantur,

100 715 211 771 retitur
224 729 289 767 eum
305 726 405 766 coram
421 711 534 782 uupetic
551 709 612 763 Det.
631 703 791 769 Confessio,
818 702 921 757 tratres
975 704 1005 756 et
1019 701 1193 766 econtrario,
1208 699 1300 771 iniqui
1314 701 1343 755 in
1356 699 1458 772 spoliis
1468 706 1495 758 ct
1506 702 1706 775 oppressione
1712 703 1798 774 justu

101 803 169 872 mci,
183 819 240 858 non
255 804 300 856 est
314 803 429 854 tantum
445 798 513 854 oris.
531 798 584 864 Qui
600 797 679 852 enim
694 794 843 851 Christum
859 789 921 845 solo
976 805 1041 844 rum
1058 786 1230 861 gloriantur,
1248 790 1312 845 ideo
1324 790 1360 845 ad
1371 788 1602 846 consolationem
1610 791 1766 863 Justorurn
1776 800 1798 849 ct
1842 786 1844 791 ⁴

103 908 151 950 ore
165 891 313 964 praedicnt,
330 890 436 944 latetur
451 889 568 959 quidem
580 903 658 952 eum,
671 884 722 940 sed
735 899 794 938 non
806 879 923 937 conlite-

102 983 161 1038 tur.
178 979 259 1036 Unde
277 977 435 1033 Dominus:
453 1000 466 1026 α
484 975 611 1048 Populus
622 970 767 1028 hiclabiis
778 986 823 1025 me
835 968 924 1023 hono·

104 1074 159 1137 rat,
177 1085 226 1125 cor
241 1069 337 1123 autem
354 1083 454 1122 eorum
469 1065 555 1138 longe
568 1067 641 1119 esta
657 1080 703 1118 me
720 1060 833 1135 (carru.
848 1058 922 1121 xvi.»

105 1159 160 1217 Sed
178 1163 248 1213 tunc
264 1161 309 1212 est
324 1156 466 1211 consessio
481 1170 559 1221 vera,
575 1153 692 1225 quando
712 1167 770 1216 cor,
791 1166 833 1217 os,
850 1162 924 1219 opus

105 1252 176 1306 cunt
190 1246 390 1303 consonantia.
407 1245 469 1300 Nou
485 1243 563 1299 enim
579 1241 687 1298 sufficit
702 1239 764 1296 sola
775 1239 847 1294 fides
863 1252 925 1291 eor-

106 1339 163 1409 dis,
180 1337 236 1393 nisi
250 1335 336 1401 adsit,
354 1334 478 1389 maxime
493 1332 570 1404 quod
582 1329 780 1387 necessarium
792 1331 846 1392 ost,
858 1340 925 1381 con-

977 876 1185 933 correctionem
1200 882 1398 950 pcccatorum,
1415 878 1636 936 demonstratur
1653 881 1686 936 in
1699 880 1754 936 hac
1767 881 1797 938 le·

977 967 1081 1033 ctione,
1090 966 1194 1038 primo,
1202 971 1343 1038 quantam
1351 970 1524 1039 potestatem
1526 967 1601 1039 justi
1613 970 1797 1042 supermalcs

978 1053 1008 1109 in
1025 1055 1236 1111 resurrectione
1247 1056 1306 1111 sint
1316 1055 1459 1124 habituri3
1473 1058 1613 1127 secundo,
1626 1059 1703 1131 quid
1715 1059 1797 1132 iniqui

980 1144 1039 1199 sint
1044 1144 1159 1216 passuri
1169 1145 1277 1212 ;terlio,
1286 1144 1398 1217 quidde
1410 1146 1797 1222 surmiseriajustorumquc

980 1232 1072 1305 gloria
1082 1234 1142 1289 sint
1152 1234 1274 1302 dicturi;
1287 1233 1416 1291 Primum
1428 1234 1518 1308 igitur
1527 1241 1674 1308 quantam
1681 1243 1798 1313 potesta·

980 1324 1038 1377 tem
1042 1322 1348 1395 justisupermalosin
1351 1324 1463 1396 judicio
1474 1326 1533 1382 sint
1543 1325 1677 1384 habituri
1685 1329 1798 1387 demea·

106 1427 194 1485 fessio
210 1425 280 1481 oris.
305 1424 385 1480 Unde
401 1427 429 1478 ct
445 1423 556 1490 Petrus,
582 1420 668 1476 corde
692 1420 813 1475 credens
829 1419 857 1472 ct
878 1429 927 1469 ore
981 1413 1798 1492 stratur,cumdicitur:Statuutjustiiumuquocmcu

106 1532 218 1590 negans
242 1513 401 1575 Christum,
427 1511 645 1568 damnationem
670 1508 852 1572 incurrisset,
870 1501 927 1558 nisi
981 1502 1026 1556 tio
1040 1501 1176 1557 aduersus
1189 1505 1654 1576 cosquiseuuqustc’oceruut,eto.
1667 1509 1727 1567 Sed
1741 1527 1798 1567 auu

107 1602 402 1681 peceatumlacrymis
413 1597 787 1674 poenitentimdiluissetUt
797 1594 875 1651 enim
887 1590 928 1647 ait
984 1590 1124 1646 Dominus
1140 1590 1170 1645 in
1184 1592 1338 1666 Evangelio
1353 1593 1431 1649 dicat
1441 1595 1539 1666 justos
1555 1596 1712 1667 injudicio
1722 1616 1801 1674 super

108 1694 230 1752 Paulus:
250 1716 264 1743 «
281 1692 372 1748 Corde
388 1690 515 1746 creditur
530 1690 565 1745 ad
578 1689 737 1761 justitiam,
759 1703 808 1742 ore
829 1687 928 1740 autem
984 1679 1138 1736 duodecim
1152 1682 1234 1738 sedes
1250 1699 1393 1750 sessuros,
1405 1685 1597 1742 etduodeoim
1610 1686 1801 1746 tribuelaracl

108 1783 252 1842 confessio
268 1782 301 1837 fit
315 1781 351 1837 ad
366 1779 490 1837 salutern
513 1781 603 1852 (dorii.
624 1780 662 1849 x).
682 1802 696 1827 »
713 1776 768 1833 Sed
785 1791 837 1830 nec
856 1773 930 1828 sides
944 1730 969 1797 B
982 1769 1178 1840 judicaturos,
1189 1772 1258 1843 quid
1270 1774 1401 1846 estquod
1414 1773 1460 1829 hio
1472 1775 1808 1846 diciturstottrnt‘louo

108 1873 216 1939 cordis,
230 1888 282 1928 nec
297 1869 441 1926 confessio
457 1869 526 1936 oris,
543 1869 705 1936 sufficiunt,
722 1865 746 1922 si
760 1882 818 1921 non
830 1880 934 1935 sequa·
988 1860 1067 1914 niam
1080 1860 1241 1930 judicantis
1256 1866 1300 1917 est
1315 1863 1424 1932 sedere,
1441 1867 1469 1919 et
1489 1863 1632 1922 ultionem
1652 1871 1808 1926 exercentis

109 1968 169 2031 tur,
181 1959 472 2032 eitempusadfuerit,
485 1955 744 2030 attestatiooperis.
758 1957 843 2011 Teste
853 1953 932 2008 enim
988 1953 1075 2005 stare.
1094 1950 1174 2006 Unde
1190 1955 1218 2006 et
1233 1951 1268 2007 dc
1283 1952 1407 2009 Phineas
1418 1951 1583 2026 perforante
1594 1963 1718 2030 propter
1727 1958 1807 2030 justi·

111 2053 230 2120 Jaccho,
248 2073 262 2101 u
279 2050 352 2105 fides
367 2049 430 2105 sine
442 2048 579 2121 operibus
590 2051 705 2103 mortun
716 2049 770 2101 ost.
783 2049 933 2100 camenas
988 2039 1059 2093 tiam
1085 2039 1247 2095 israelitam
1274 2058 1342 2096 oum
1368 2042 1526 2099 Medianita
1551 2044 1759 2115 fornicantem,
1774 2049 1808 2106 sic

112 2141 191 2200 enim
207 2139 331 2195 credunt
345 2141 373 2193 ct
388 2135 618 2191 contremiseunt
632 2137 708 2203 (lac,
724 2132 766 2203 ιι).
784 2154 797 2181 u
815 2128 933 2186 Undein
989 2129 1218 2201 scriptumest:«
1228 2131 1454 2201 StetitPhinecs,
1467 2137 1496 2188 et
1506 2133 1643 2206 placavit,
1655 2139 1808 2194 etccaaarit

112 2227 386 2301 Evangeliodicunt,
400 2247 413 2275 u
424 2224 476 2281 Fili
490 2220 775 2296 Dei,utquidvenisti
787 2223 933 2275 antetem·
990 2220 1138 2290 quassatio
1156 2222 1247 2292 (Prot.
1264 2221 1318 2289 cv).
1336 2243 1350 2270 u
1366 2220 1419 2287 Qui
1440 2222 1518 2278 enim
1534 2223 1688 2295 justitiam
1704 2226 1735 2282 in
1755 2242 1809 2284 reos

113 2336 170 2393 pus
181 2322 315 2388 torquere
322 2314 415 2370 nos‘l»
423 2312 532 2386 (carru.
542 2311 694 2382 aviculoui
704 2326 772 2382 crgo
781 2306 843 2363 uult
855 2306 936 2362 Chri·
989 2313 1111 2376 exercet,
1129 2313 1206 2365 stare
1221 2310 1316 2378 debet,
1334 2314 1411 2366 stare
1423 2311 1454 2366 in
1468 2312 1585 2380 virtute,
1602 2319 1683 2371 stare
1694 2315 1725 2372 in
1737 2317 1809 2373 recti

114 2413 192 2468 stum
208 2421 273 2462 vere
288 2403 431 2472 confiteri,
448 2419 514 2458 cum
531 2400 620 2457 simul
635 2401 731 2465 corde,
744 2415 792 2454 ore
807 2401 834 2453 et
849 2412 936 2468 opere
990 2397 1101 2458 tudine.
1114 2404 1191 2454 stare
1208 2399 1236 2453 in
1253 2398 1358 2472 rigore.
1376 2401 1457 2457 Stare
1473 2402 1598 2458 debetin
1609 2404 1730 2463 virtute.
1746 2406 1808 2462 Nam

115 2498 296 2555 confiteatur.
312 2494 348 2548 Et
362 2493 450 2548 etiam
461 2508 558 2547 coram
570 2489 750 2555 hominibus,
763 2485 937 2542 uirideiicct
992 2487 1016 2541 si
1032 2487 1062 2541 in
1077 2487 1181 2542 vitium
1198 2489 1309 2556 delluit,
1328 2490 1475 2562 quomodo
1489 2491 1629 2548 vitiosum
1646 2493 1809 2550 damnabit?

114 2581 435 2648 Christihumilitatem,
450 2580 626 2654 passionem,
638 2594 765 2642 crucem,
778 2579 938 2646 caeteraque
992 2576 1141 2640 Quomodo
1157 2578 1235 2633 enim
1251 2577 1366 2635 adulter
1381 2579 1557 2649 adulterum,
1571 2599 1808 2650 neomeniarum,

115 2672 422 2749 improperiaChristi,
435 2687 488 2726 nco
499 2669 641 2735 confiteri,
654 2685 706 2724 nec
716 2665 825 2722 imitari
836 2664 938 2720 timeat
992 2664 1067 2721 latro
1083 2664 1225 2723 latronem
1241 2667 1381 2724 damnare
1396 2669 1510 2741 potest?
1524 2669 1592 2726 hinc
1608 2671 1726 2728 Veritas
1736 2673 1807 2729 dicit:

115 2765 160 2822 vel
173 2764 334 2820 erubescat.
347 2777 445 2817 coram
456 2757 757 2831 hominibuspublice,
767 2755 816 2811 ubi
828 2754 939 2810 scilicet
995 2777 1009 2805 u
1025 2755 1079 2821 Qui
1096 2756 1343 2827 sinepeccatocst,
1352 2758 1501 2830 primusin
1513 2759 1680 2817 adulteram
1691 2760 1808 2836 lapidem

115 2853 185 2911 talis
199 2850 344 2909 confessio
359 2849 494 2922 pluribus
509 2866 560 2922 per
575 2846 739 2920 exemplum
755 2848 850 2917 potest
869 2859 938 2914 pro·
994 2844 1281 2914 mittattdoan.vi1r).
1295 2847 1399 2903 »Stare
1410 2848 1494 2904 debet
1505 2849 1533 2903 in
1545 2848 1654 2921 rigore,
1668 2851 1809 2908 utscilicet

118 2945 213 3000 desse.
230 2941 264 2997 lli
278 2939 346 3012 quid
362 2939 499 2996 Christus
515 2938 600 2993 saciet
615 2937 657 2993 sio
672 2953 703 2993 se
718 2930 940 2992 confitentibus?
993 2933 1075 2990 nulla
1100 2933 1299 2991 misericordia
1319 2953 1336 2992 a
1355 2936 1450 3010 rigore
1472 2939 1639 3010 promeritae
1668 2942 1809 2997 sententia

118 3031 308 3104 Confitebitur
323 3028 413 3086 ittam
428 3045 527 3085 eorum
541 3029 654 3098 arteriis
670 3027 731 3083 Dei.
749 3023 837 3091 Quasi
848 3021 937 3077 dicut:
994 3025 1491 3099 reflectatur.Namutphilosophus
1503 3027 1559 3085 ait:
1573 3028 1692 3087 «ludex
1702 3031 1812 3087 damna·

119 3121 238 3180 Publice
253 3120 435 3186 confitentes,
452 3116 567 3191 publice
578 3116 772 3173 confitebitur.
786 3108 940 3168 Confitebi·
956 3103 978 3171 C
996 3120 1053 3182 tur,
1069 3132 1134 3170 cum
1147 3130 1254 3171 nocens
1265 3115 1434 3171 absolvitur.
1448 3139 1461 3166 u
1472 3120 1553 3173 Stare
1564 3119 1652 3174 debet.
1663 3119 1693 3175 in
1706 3119 1813 3176 motitu-

121 3217 170 3269 tur
184 3227 301 3285 quoquc
315 3226 364 3264 eos
379 3208 476 3273 corde,
497 3223 556 3272 oro,
575 3222 670 3279 opere.
691 3204 791 3269 Corde,
813 3217 862 3257 cos
877 3203 943 3254 tan·
998 3202 1075 3272 dine,
1093 3208 1124 3259 ut
1148 3207 1258 3275 quanta
1272 3220 1358 3276 perna
1381 3204 1464 3261 debet
1480 3210 1508 3262 ot
1523 3211 1633 3279 quanta
1659 3208 1812 3266 intentione

122 3318 212 3376 qnam
240 3300 343 3355 iratres
358 3302 386 3354 ct
401 3296 564 3353 coheredes
575 3312 641 3351 vere
654 3293 815 3366 diligendo:
828 3305 887 3356 ore,
900 3288 944 3343 eis
998 3292 1094 3355 debet,
1110 3293 1293 3349 damnandos
1309 3295 1437 3350 damnet.
1454 3295 1530 3351 Dene
1550 3295 1643 3368 igitur
1664 3298 1772 3354 dicitur
1783 3299 1812 3353 de

123 3390 259 3446 dicendo:
278 3410 291 3437 ι(
307 3387 419 3453 Venite,
435 3385 579 3441 benedicti
596 3386 689 3441 Patris
711 3384 778 3449 mei,
805 3379 944 3455 percipito
993 3381 1393 3454 justisquoniamstabuntin
1406 3386 1695 3455 magnaoonstantia.
1710 3392 1741 3442 ln
1752 3403 1812 3443 oen-

123 3495 245 3551 regnum
261 3477 338 3548 quod
354 3475 435 3530 rolris
451 3480 584 3546 paratum
601 3475 691 3529 estol)
707 3474 818 3545 origiue
839 3468 940 3525 inunt-li

123 3569 239 3638 (carru.
256 3565 330 3635 xxv).
350 3588 362 3611 u
377 3564 478 3635 Opere,
494 3581 543 3618 eos
555 3564 583 3619 in
595 3581 716 3636 rognum
729 3568 840 3618 uternie
853 3558 943 3615 beoti-

121 3653 234 3710 tudinis
245 3652 466 3715 introducendo.
481 3651 553 3717 Quid
565 3668 631 3708 vero
644 3654 773 3707 tacturus
787 3652 825 3706 sit
836 3666 943 3721 nogan-

998 3471 1107 3526 stuntia
1121 3471 1255 3527 videlicet
1269 3471 1394 3535 virtutis,
1411 3472 1441 3527 in
1466 3475 1632 3530 constantia
1659 3476 1772 3549 rigoris,
1787 3475 1812 3530 in

998 3563 1161 3617 constantia
1176 3561 1359 3616 rectitudinis
1372 3566 1400 3616 ct
1411 3561 1527 3633 justitia
1538 3564 1716 3622 conllrmati.
1729 3565 1812 3630 Touo,

998 3652 1102 3707 iratres
1118 3651 1186 3720 mei,
1202 3650 1257 3706 erit
1273 3654 1389 3723 tempus
1404 3653 1569 3707 exercende
1579 3653 1707 3724 justitiae
1721 3654 1752 3711 in
1762 3669 1813 3710 ma·

122 3743 203 3799 tibus
217 3759 259 3809 ae,
275 3740 390 3798 subdit:
402 3741 559 3811 Qiciuulem
569 3742 722 3815 nepot-erit
734 3757 777 3794 rue
786 3754 885 3794 coram
894 3738 944 3792 trc-

121 3832 257 3898 minicea,
272 3831 430 3904 necabitur
443 3847 542 3886 coram
556 3829 675 3903 aupetis
687 3831 748 3886 Dei.
761 3829 868 3884 Omnes
880 3844 944 3899 pro·
997 3832 1051 3887 dim
1075 3835 1104 3886 ct
1127 3828 1272 3902 patientiae
1297 3829 1326 3883 in
1352 3828 1429 3886 illos.
1460 3830 1604 3887 Dominus
1630 3848 1761 3906 namque
1787 3833 1813 3888 iu

122 3922 197 3980 fecto
213 3919 264 3993 qui
279 3923 386 3992 negant
403 3918 560 3986 Christum,
576 3918 620 3974 vel
641 3919 737 3984 corde,
754 3923 786 3972 ut
805 3917 897 3973 succi
914 3920 942 3972 ct
998 3921 1092 3994 prhno
1121 3920 1245 3975 adventu
1271 3935 1323 3974 suo
1348 3919 1427 3974 venit
1450 3935 1552 3975 vocare
1576 3925 1747 3993 moratores
1769 3938 1815 3996 por

121 4011 238 4085 pagani,
255 4009 299 4065 vel
309 4025 368 4074 ora,
382 4013 414 4064 ut
424 4007 585 4081 imperfecti
597 4006 943 4078 Christiani,quitiment
998 4009 1168 4082 patientiam
1191 4013 1219 4064 et
1244 4007 1490 4076 niiscricordinm;
1516 4010 1545 4064 in
1571 4010 1705 4068 secundo
1728 4010 1816 4067 reniet

121 4117 174 4174 pro
188 4115 221 4155 eo
237 4097 320 4165 mori,
337 4097 380 4153 vol
392 4096 598 4170 opere,utlalsi
609 4095 777 4163 Christiani,
790 4093 943 4167 quiverbis
994 4099 1128 4170 Judicure
1144 4103 1309 4171 peccatores
1325 4114 1375 4169 per
1394 4097 1554 4170 justitiam.
1570 4098 1618 4154 Sic
1637 4099 1716 4170 justi
1740 4117 1816 4157 exer·

122 4187 942 4261 quidemconfitenturDcum,tactisuutemnegant;om·
997 4192 1063 4245 cent
1092 4205 1169 4242 nunc
1197 4187 1226 4241 in
1256 4187 1350 4243 malos
1381 4187 1611 4244 miscricordiam
1643 4193 1674 4245 et
1709 4189 1817 4263 patien-

119 4273 943 4349 nes,inquam,istinegabunturaChristo,similitcrcor-
998 4279 1081 4344 tiam,
1112 4276 1140 4330 in
1170 4277 1267 4332 tuturo
1296 4293 1362 4332 uero
1386 4277 1561 4333 exercebunt
1585 4281 1705 4334 tantum
1731 4277 1816 4352 justi-

122 4361 941 4437 de,ore‚etoperc:C0rde,eosodicndoetreprobaudo;
998 4366 1069 4422 tiam
1098 4371 1126 4421 ot
1160 4382 1285 4438 poennm.
1325 4366 1406 4421 Tunc
1442 4372 1528 4422 erunt
1562 4366 1645 4423 electi
1675 4366 1720 4425 sic
1752 4383 1816 4424 con·

997 3741 1051 3810 los,
1069 3740 1145 3796 sicut
1161 3757 1238 3795 nunc
1262 3744 1306 3796 cst
1325 3744 1441 3812 tempus
1465 3742 1630 3797 exercenda
1655 3742 1812 3800 misericor·

123 4472 182 4522 ore,
199 4454 241 4511 eis
256 4453 395 4510 dicendo:
411 4477 424 4504 α
438 4454 662 4521 Recediteame,
675 4451 944 4525 operariiiniquita·
958 4478 981 4543 D
994 4454 1089 4527 juncti
1106 4455 1209 4509 divina
1224 4453 1366 4510 voluntati
1392 4455 1469 4526 quod
1486 4454 1558 4509 nihil
1579 4458 1721 4528 poterunt
1739 4455 1816 4518 uelle.

122 4545 286 4616 tistdlatth.
297 4545 363 4615 v11);
376 4566 390 4593 u
402 4560 497 4615 opero,
513 4561 562 4599 eos
574 4544 602 4598 in
614 4544 711 4616 ignem
719 4547 858 4597 arternum
871 4558 943 4613 prae·
998 4544 1053 4599 nisi
1070 4544 1145 4616 quod
1163 4544 1255 4599 soient
1272 4543 1427 4598 Dominum
1440 4542 1524 4599 velle.
1541 4544 1576 4598 ct
1591 4544 1666 4599 nihil
1685 4550 1817 4619 poterunt

122 4634 281 4707 oipitando
299 4633 409 4705 ltaque,
426 4634 539 4700 iratres,
562 4634 754 4688 conliteamur
774 4629 938 4686 Christum:

121 4740 189 4781 eum
215 4722 301 4778 corde
323 4739 389 4778 vere
412 4722 555 4778 credendo
570 4727 598 4778 et
613 4721 774 4794 diligendo;
795 4736 854 4784 ore,
871 4735 939 4775 eum

121 4812 238 4884 semper
250 4811 462 4879 benedicendo,
488 4827 583 4883 opere,
606 4813 670 4882 ejus
694 4811 782 4865 vitum
799 4813 827 4864 ot
843 4825 939 4864 mores

120 4900 273 4962 imitando,
286 4905 485 4974 paupertatem
498 4906 526 4955 ct
538 4900 744 4966 humilitatem,
757 4898 937 4971 patientiam,

120 4990 302 5055 charitatem,
331 4995 507 5061 caeterasque
531 4990 595 5060 ejus
617 4988 739 5043 virtutes
763 4986 938 5053 amulando,

120 5079 243 5150 ejusque
264 5078 414 5148 praeceptis
439 5078 608 5146 obediendo,
635 5082 780 5151 quatenus
805 5076 866 5148 ipse
886 5091 939 5131 nos

121 5165 295 5223 confiteatur
307 5165 335 5220 in
353 5166 399 5221 die
410 5167 514 5236 judicii
543 5173 571 5223 et
584 5185 650 5224 cum
662 5167 771 5222 sanctis
782 5165 844 5222 suis
858 5170 939 5220 reter-

120 5270 226 5312 norum
243 5253 398 5328 participes
414 5256 501 5312 sociat
516 5257 699 5329 gaudiorum.
716 5258 818 5312 Amen.

493 5364 561 5420 xlll.

121 5448 313 5490 rnuaruonuu
333 5449 501 5490 hilarinus.
518 5453 612 5492 sanum
628 5453 664 5491 na
680 5453 761 5491 urano
776 5452 937 5490 circinante.

156 5520 364 5594 Staduutjusti
372 5524 402 5579 iu
410 5539 514 5594 neuqua
522 5526 825 5582 constantianum-nu
836 5539 882 5579 ros
891 5524 942 5597 qui

996 4651 1094 4690 aniane
1110 4633 1166 4688 nisi
1182 4634 1259 4704 quod
1276 4632 1370 4688 sciant
1384 4632 1538 4688 Dominum
1549 4649 1660 4689 amare.
1674 4634 1816 4692 Undcncc

995 4721 1468 4795 superdamnationemparcntum
1481 4724 1510 4777 et
1518 4722 1682 4779 amicorum
1697 4740 1814 4782 suorum

996 4813 1198 4877 niorabuntur,
1216 4811 1266 4866 sed
1283 4811 1380 4883 potius
1393 4810 1622 4883 divinaejustitiae
1634 4814 1817 4871 consentient

995 4907 1023 4957 ct
1031 4899 1323 4972 congratulabuntur,
1330 4900 1415 4970 juxta
1427 4898 1498 4955 illud
1509 4899 1684 4958 psalmista:
1700 4926 1714 4953 «
1728 4903 1815 4960 Laeta·

994 4991 1073 5045 bitur
1084 4990 1184 5060 justus
1201 5006 1268 5045 cum
1284 4989 1388 5045 viderit
1402 4989 1561 5046 vindictam
1577 4989 1676 5056 (Prot.
1696 4995 1786 5060 aviri).
1803 5013 1814 5041 s

994 5079 1149 5146 Aduersus,
1167 5079 1273 5151 inquit,
1288 5096 1347 5144 eos,
1359 5078 1410 5151 qui
1422 5095 1451 5134 se
1461 5078 1717 5153 angustiaverunt,
1730 5086 1760 5138 et
1769 5080 1815 5155 qui

995 5168 1179 5223 abstulerunt
1193 5167 1307 5224 labores
1327 5184 1437 5224 eorum.
1465 5166 1623 5240 Dupliciter
1647 5170 1817 5243 angustiant

996 5257 1065 5312 mali
1080 5257 1171 5313 bonos
1187 5258 1216 5312 in
1232 5257 1286 5313 hoo
1302 5256 1422 5325 mundo,
1438 5257 1482 5313 vel
1497 5258 1540 5313 eis
1556 5256 1635 5315 mala
1655 5258 1815 5327 inserendo,

994 5344 1039 5400 rel
1055 5347 1239 5402 eorumbene
1251 5347 1473 5402 contemnendo.
1488 5346 1567 5402 Licet
1578 5345 1657 5402 enim
1669 5347 1754 5404 nulla
1764 5347 1817 5404 alia

996 5433 1073 5491 mala
1089 5436 1223 5504 interant,
1241 5441 1337 5492 tamen
1353 5453 1403 5492 eos
1419 5434 1545 5492 multum
1557 5436 1585 5491 iu
1596 5436 1663 5508 hoc,
1674 5436 1707 5493 in
1724 5440 1817 5496 mente

996 5523 1130 5596 nl'lligunt
1141 5530 1169 5582 et
1182 5524 1321 5596 cruciant,
1335 5526 1411 5598 quod
1427 5529 1516 5582 licum
1529 5526 1816 5600 contemnunt,quod
