3816 6006
143 246 203 308 eet
408 246 459 306 sl)
482 240 739 308 oooutttttottat
760 241 928 304 Aprusa.
943 240 981 303 ll.
994 273 1033 288 ··
1049 240 1202 306 Mosen.
1226 244 1277 306 De
1298 244 1423 307 BELLO
1446 245 1583 308 SACRO.
1784 245 1848 306 Μ

125 347 129 352 .
145 382 206 438 lam
221 375 349 435 subitam
365 396 398 435 ac
413 377 502 436 talem
514 344 728 451 plenitudinem
745 375 837 433 nostri
848 374 967 442 milites,
978 375 1010 443 ,Α
1025 392 1078 432 nes
1101 377 1213 449 pedites
1238 377 1342 435 habuit
1363 397 1415 452 pro
1443 379 1574 453 triginta,
1593 379 1794 453 septuaginta,
1819 384 1850 437 et

147 467 275 524 etmulti
293 469 328 524 de
341 467 426 541 plebe
436 466 488 523 viri
501 465 765 538 sortes,assu1nptis
775 464 912 522 omn—ibus
923 483 970 538 pe·
1025 465 1138 537 equites
1153 465 1312 538 sexaginta,
1328 472 1358 523 et
1377 466 1514 540 amplius.
1537 467 1714 524 Consultum
1743 473 1787 525 est
1810 484 1850 524 eo

144 557 240 614 cuniis
251 556 313 613 suis
323 555 482 612 Caesaream
498 560 527 611 et
541 555 687 612 Camelnm
699 556 828 622 adibant,
836 559 869 609 ut
878 571 970 626 equos
1024 557 1155 627 tempore
1170 556 1205 610 de
1225 555 1327 612 itinere
1349 561 1460 623 nostro,
1478 563 1509 614 ut
1533 557 1749 613 dimitteremus
1772 557 1851 613 viam

50 632 53 635 Δ
145 644 234 703 farios
249 644 290 702 ibi
306 651 516 710 mercarentur,
532 645 665 701 didentes
681 662 687 698 :
706 645 840 712 Quoniam
855 645 924 700 Deus
938 643 970 700 de
1025 659 1088 715 quae
1099 643 1224 699 ducebat
1236 644 1423 713 Damascum,
1434 650 1462 702 et
1472 645 1684 702 diverteremus
1694 647 1730 703 ad
1741 646 1853 703 mariti-

144 737 217 792 vtctu
231 743 322 792 nostro
337 752 433 791 curam
447 738 573 808 splenos
587 735 619 790 dc
632 736 801 807 pauperibus
811 743 836 790 ct
846 733 878 789 cte
891 735 969 789 rattt-
1025 747 1115 798 mam,
1128 732 1278 804 quoniam,
1290 733 1313 788 si
1332 739 1437 790 nostre
1454 749 1541 790 naves
1557 752 1631 806 qaas
1642 734 1672 790 iu
1688 739 1772 807 portu
1790 738 1853 791 Aa·

145 826 185 881 tin
198 826 256 896 ejus
271 842 404 881 curemus.
417 823 522 897 Sicque
537 824 645 879 lactum
662 828 717 888 est,
735 827 766 878 ut
781 839 874 895 usque
891 820 970 877 mille
1020 819 1137 876 tioebiae
1153 820 1367 894 reliqueramus
1384 825 1420 879 ad
1447 839 1501 880 nos
1520 823 1664 893 venirent,
1679 823 1856 881 haberemus

142 913 272 988 optimos
311 913 471 970 dextrarios
506 912 692 968 haberemus.
724 911 971 968 Convaleseebant
1020 910 1200 966 commercia
1215 928 1282 967 cum
1298 911 1345 968 bis
1361 913 1396 969 de
1412 912 1510 969 insula
1522 913 1658 985 Cypri,et
1672 912 1853 987 reliquarum

145 1002 275 1076 quotidie
286 1019 443 1075 pauperes;
456 1001 839 1073 confortabanturquotidie
850 999 970 1066 milites,
1025 998 1200 1055 insularum.
1219 999 1351 1073 Cumque
1366 1006 1398 1058 ut
1413 1002 1580 1060 consultum
1601 1007 1656 1069 est,
1674 1002 1729 1058 iter
1752 1019 1852 1075 agere-

146 1095 174 1147 et
189 1089 230 1146 sic
247 1090 376 1165 quotidie
390 1089 535 1146 exereitus
548 1090 808 1163 multiplicabatur.
819 1091 970 1162 Elquanto
1025 1087 1312 1161 mus,rettnqaeoanr
1322 1091 1637 1148 invitatesetcastraet
1651 1090 1851 1164 villas-plenas

145 1178 269 1236 ulterius
284 1180 554 1253 progrediebamur,
567 1185 647 1235 tanto
663 1178 806 1251 ampliora
820 1178 905 1235 nobis
922 1180 970 1234 bc·
1025 1177 1162 1233 ornnibus
1176 1178 1273 1247 bonis,
1284 1179 1461 1236 habitatores
1475 1184 1568 1237 terra.

145 1269 249 1324 neficia
263 1269 433 1342 providebat
450 1270 534 1325 [leue.
547 1270 582 1324 ut
598 1268 664 1323 licet
679 1268 778 1323 omnia
793 1266 971 1323 sufficienter
1291 1269 1408 1326 CAPUT
1427 1270 1515 1326 XXIV
1528 1272 1582 1327 tn.

146 1357 231 1414 nobis
248 1357 441 1431 provenirent,
459 1362 557 1413 tamen
574 1357 694 1429 quidam
712 1357 848 1413 comitem
864 1356 970 1412 adhoc
1061 1356 1163 1428 ltaque
1174 1356 1322 1414 circinatis
1334 1359 1734 1433 magnismontanis,cnmin
1745 1359 1850 1416 vallem

145 1446 367 1522 inclinaverunt,
385 1453 416 1504 at
431 1448 515 1522 quasi
531 1465 620 1503 eausa
634 1445 744 1514 Zibelli,
761 1464 824 1519 que
842 1450 886 1502 est
900 1446 970 1502 civi·
1026 1445 1185 1516 quamdam
1202 1446 1459 1519 opulentissimam
1471 1448 1663 1517 venissemus,
1675 1449 1778 1507 rustici
1790 1450 1853 1524 qui-

143 1541 190 1594 tos
205 1537 233 1594 in
252 1537 419 1605 maritimis,
432 1536 546 1593 deviare
562 1536 711 1609 paulisper
726 1535 818 1592 vellet.
829 1537 883 1592 Sed
898 1537 972 1591 Tan·
1024 1534 1093 1589 dam
1105 1534 1391 1593 multitudinesuaot
1401 1538 1487 1595 castri
1497 1538 1712 1596 suimunitiese
1722 1539 1852 1613 superbi,

46 1668 48 1672 .
142 1628 248 1684 eredas
260 1626 366 1700 aliique
382 1625 465 1682 malti
476 1625 528 1681 viri
547 1627 634 1682 sortes
648 1631 677 1681 et
693 1624 771 1691 boni,
788 1641 824 1680 ne
840 1624 895 1680 hoc
911 1624 970 1681 ullo
1026 1625 1171 1695 nequead
1187 1642 1241 1681 nos
1256 1626 1372 1683 mittere
1389 1644 1440 1700 pro
1467 1644 1548 1701 paee,
1573 1645 1668 1701 neque
1688 1628 1853 1703 relinquare

145 1717 231 1773 modo
247 1717 328 1774 fieret
343 1717 510 1781 effecerunt,
528 1715 658 1771 dicentes
675 1732 681 1770 :
699 1715 768 1771 Deris
783 1716 904 1770 oisruruit
911 1715 971 1786 pte-
986 1749 1010 1814 Β
1026 1717 1156 1768 castrum
1170 1730 1258 1769 suum
1273 1714 1473 1783 volebant,ssd
1486 1717 1607 1790 insuper
1615 1717 1771 1792 armigeris
1785 1734 1854 1776 aas·

145 1796 208 1863 bem'
215 1823 378 1880 pauperum,
394 1813 420 1862 et
434 1822 481 1862 nos
496 1805 634 1861 declinere
648 1806 683 1860 eb
702 1805 800 1859 itinere
824 1804 973 1860 debemus?
1026 1801 1081 1857 tris
1097 1806 1126 1857 et
1141 1801 1301 1875 peditibus,
1318 1805 1368 1878 qui
1385 1805 1512 1862 inermes
1527 1812 1621 1875 eram,
1637 1812 1667 1864 et
1690 1825 1743 1881 per
1765 1807 1852 1866 villas

143 1895 290 1968 Sufficiunt
312 1895 390 1951 notts
412 1895 551 1967 preteriti
574 1894 677 1950 totores
701 1893 774 1965 opud
787 1893 971 1961 Antiochiam,
1026 1890 1231 1947 discurrebant
1243 1910 1295 1965 pro
1305 1894 1853 1971 victualibus,incurrernntetquibus·

145 1985 211 2041 belli
224 1993 249 2042 et
261 1986 386 2058 srieoris,
398 1993 427 2040 et
442 1983 553 2049 inette,
568 1982 684 2055 cientque
702 1990 727 2039 et
742 1984 824 2038 tetius
837 1983 968 2039 miseriae.
997 2006 1006 2028 ο
1025 1978 1092 2035 dam
1108 1979 1278 2049 interiectis,
1295 1982 1389 2056 spolia
1405 1984 1481 2039 inter
1495 1984 1647 2042 enstellum
1662 2003 1750 2042 suum
1765 1986 1853 2043 mise·

143 2074 273 2147 Nunquid
288 2074 405 2130 nonsoti
413 2072 824 2145 mundumeepupnobimusiet
833 2071 969 2127 bobituto-
1024 2074 1102 2123 runt.
1112 2068 1256 2142 lndignati
1268 2071 1366 2144 itaque
1375 2073 1677 2140 nostri,adcastellurn
1689 2080 1851 2148 aequepot-

143 2179 186 2220 res
200 2163 299 2220 mundi
313 2179 404 2220 omnes
420 2162 705 2235 irrterfioiemustdcce
718 2161 751 2216 tte
773 2168 881 2216 ceruum
902 2162 969 2216 mil·
1023 2155 1375 2217 veniuntltustieiautem
1385 2161 1591 2220 obviamndbis
1600 2165 1848 2238 usqueadpedsm

145 2253 216 2309 litus
230 2253 365 2325 equitum,
379 2254 427 2307 ote
441 2251 542 2307 milites
567 2251 645 2306 mitte
669 2249 809 2316 leniremus,
822 2257 848 2305 et
870 2249 902 2305 de
916 2250 968 2304 du·
1023 2244 1180 2312 montis,in
1194 2264 1252 2319 quc
1264 2248 1419 2306 castellum
1430 2256 1502 2323 erat,
1513 2250 1611 2308 venire
1624 2269 1683 2310 uon
1698 2253 1849 2310 dubitare

143 2344 228 2399 centis
242 2340 366 2398 millibus
378 2340 501 2413 peditum
514 2348 683 2396 umentorum
706 2346 731 2393 et
745 2339 874 2411 crepitus,
890 2338 968 2394 niodo
1023 2335 1193 2391 rupturae
1204 2337 1438 2412 nostrisacoepto
1453 2339 1704 2408 eonsilio‚ordines
1714 2343 1845 2415 pediturn

143 2448 199 2487 non
212 2438 278 2487 sunt
291 2432 319 2487 in
335 2432 456 2486 exeritu
471 2438 561 2486 nostro
576 2428 801 2500 quinquemillia
815 2429 926 2493 annoti,
943 2436 968 2482 et
1022 2427 1050 2478 et
1065 2422 1192 2480 militam
1207 2427 1439 2497 constituerunt;
1452 2429 1538 2486 etsie
1553 2448 1573 2487 a
1590 2431 1687 2488 tribus
1701 2432 1844 2505 partibas,

142 2522 357 2594 exspectabimus
381 2519 464 2576 donee
487 2535 578 2575 emeres
601 2520 813 2574 emercarentur?
836 2517 968 2588 Nunquid
1022 2528 1075 2584 per
1089 2512 1274 2571 altitudinem
1292 2517 1401 2574 montis
1415 2519 1615 2586 ascendentes,
1627 2521 1746 2593 agmina
1760 2522 1847 2578 rusti·

143 2611 202 2671 ideo
221 2613 331 2668 venient
346 2611 399 2667 otii
412 2609 444 2665 de
459 2616 532 2664 terro
544 2615 647 2673 nostro,
657 2607 723 2678 quie
738 2605 969 2677 amurumperire
1022 2616 1123 2657 corum
1140 2602 1239 2676 lugere
1252 2605 1654 2677 compuleruntllrantenim
1670 2609 1785 2667 circiter
1794 2611 1847 2667 tri·

142 2717 198 2759 esse
212 2699 384 2757 Antiochiam
398 2706 424 2754 et
438 2697 582 2761 libellum,
599 2703 680 2767 utque
704 2695 825 2766 reliquus
846 2695 968 2751 ciuitates
1020 2688 1103 2762 ginta
1114 2690 1206 2748 millia
1221 2694 1578 2763 Sarracenietcsstellum
1593 2697 1724 2770 ipsorum
1739 2702 1847 2769 erebia

141 2787 368 2850 sarracenorum,
383 2785 509 2843 nostrast
523 2784 574 2841 Sed
596 2800 690 2839 eamus
706 2784 902 2839 interneciem
917 2800 967 2854 pro
1022 2779 1165 2837 descensu
1180 2781 1335 2854 cujusdam
1357 2785 1476 2841 maximi
1502 2787 1610 2843 montis
1625 2804 1634 2853 3
1651 2791 1681 2843 et
1694 2795 1848 2862 propter-es

141 2896 193 2953 qua
219 2880 395 2944 uenimus,et
424 2891 519 2932 reuera
547 2874 616 2930 Deus
641 2889 702 2928 eum
729 2873 807 2929 nobis
834 2872 918 2928 dubit.
936 2874 970 2928 Et
1022 2879 1089 2923 cum
1105 2869 1241 2928 volebant
1262 2872 1446 2947 refugiebant
1460 2875 1496 2930 ad
1521 2875 1730 2943 castellum,ct
1750 2877 1846 2935 aliiin

141 2974 215 3035 tune,
231 2967 286 3023 sote
301 2967 398 3022 timore
412 2980 506 3020 eorum
520 2963 570 3035 qui
584 2964 691 3017 uenient
705 2959 738 3017 de
752 2967 825 3016 terre
841 2969 969 3017 nostrast
1022 2958 1165 3030 superiori
1177 2962 1285 3018 montis
1295 2968 1418 3034 pactast
1429 2963 1470 3020 sic
1481 2963 1698 3036 aliquantulum
1709 2968 1848 3025 nobisne·

140 3053 173 3114 de
187 3056 252 3112 otiis
275 3056 367 3121 terris,
391 3055 459 3111 ulie
482 3053 617 3119 ciuitates,
631 3052 735 3106 seilicet
756 3050 842 3106 timet
863 3058 889 3106 et
909 3052 967 3107 Tri·
1023 3047 1802 3128 sistebant.Tandemerelamavimussignumsolitum
1817 3056 1846 3113 ia

138 3146 221 3222 polis,
237 3153 262 3201 et
274 3143 336 3211 Sur,
353 3155 379 3200 et
393 3147 531 3208 Accuron,
546 3155 609 3213 que
623 3147 688 3195 sunt
703 3140 731 3194 in
752 3141 850 3195 itinere
864 3147 964 3208 nostro,
982 3106 1004 3173 C
1023 3137 1247 3195 necessitatibus
1259 3140 1366 3197 nostris
1377 3158 1383 3196 :
1396 3141 1614 3208 Deus,aorovnt
1626 3143 1844 3216 bsequium!

142 3236 176 3292 ab
192 3235 290 3292 incolis
305 3235 503 3306 relinquentur.
517 3230 563 3288 Sic
574 3231 671 3302 itaque
686 3228 893 3285 comanterius
904 3246 967 3302 pro
1021 3230 1050 3281 et
1065 3226 1175 3283 inimici
1192 3229 1282 3285 nostri
1300 3229 1340 3284 ita
1355 3231 1463 3287 turbati
1480 3237 1559 3303 sunt,
1571 3237 1603 3289 ut
1619 3248 1712 3306 usque
1724 3235 1762 3290 ed
1779 3250 1845 3292 een·

142 3322 469 3398 graderemur,quidam
485 3319 570 3376 Tucci
586 3318 732 3375 etArabcs
746 3317 905 3374 exercitum
921 3335 965 3375 se·
1021 3318 1095 3383 tum,
1112 3316 1173 3372 solo
1190 3316 1293 3374 timore
1308 3323 1337 3374 et
1351 3318 1462 3392 impetu
1476 3321 1622 3378 sociorum
1638 3336 1770 3391 suoram,
1781 3324 1847 3382 sim

143 3415 321 3486 qucbantar3
333 3417 361 3468 et
377 3426 518 3484 pauperes
529 3408 578 3481 qui
588 3425 640 3480 pro
651 3405 800 3462 debilitate
812 3424 867 3462 sua
881 3406 967 3481 longe
1019 3403 1201 3472 vulneribus,
1214 3405 1242 3461 in
1254 3406 1388 3479 ingressu
1405 3408 1638 3476 castelli,mortui
1649 3420 1844 3471 remanerent.

142 3495 966 3576 postexercitumremanebant,interficiebantetspolia·
1020 3493 1202 3550 Eratautem
1232 3496 1471 3569 maxinrapreda
1496 3499 1585 3556 boum
1608 3505 1637 3557 et
1658 3508 1847 3574 squammot

141 3591 221 3650 bant.
234 3592 364 3663 Cumque
379 3589 433 3645 boc
449 3585 538 3644 semel
553 3592 581 3642 et
596 3585 725 3642 secundo
748 3583 895 3653 iecissent,
908 3584 966 3642 alia
1019 3582 1118 3638 ovium
1133 3589 1214 3639 extre
1229 3585 1394 3654 castellum,
1406 3586 1455 3643 ubi
1471 3587 1597 3660 populus
1608 3595 1706 3647 noster
1720 3604 1844 3664 occupa·

141 3681 187 3739 die
203 3679 346 3737 remansit
359 3694 457 3734 comes
470 3672 845 3741 inoccultis,doneeomnis
860 3675 965 3730 exerci-
1018 3670 1114 3726 betur.
1131 3671 1266 3745 Dumque
1280 3691 1379 3732 mmes
1401 3692 1469 3731 cum
1496 3678 1675 3749 quibusdam
1701 3679 1845 3738 militibus

139 3775 188 3826 tus
203 3767 403 3844 pertransiret.
420 3767 524 3822 llostes
540 3780 615 3829 vero,
631 3760 805 3835 impunitate
830 3760 917 3818 caed'is
936 3769 965 3820 et
1019 3759 1094 3817 bello
1118 3761 1292 3828 intenderet,
1309 3780 1452 3837 pauperes
1477 3767 1569 3823 nostri
1592 3773 1711 3841 accepta
1735 3771 1844 3842 prreda,

139 3876 191 3932 spe
206 3857 324 3931 rupinae,
341 3855 498 3911 exercitum
515 3856 648 3909 nostrum
670 3867 750 3905 more
770 3849 855 3905 solito
883 3849 962 3908 inse·
1018 3864 1095 3904 unus
1121 3853 1186 3921 post
1209 3849 1299 3907 alium
1325 3852 1418 3909 redire
1432 3855 1712 3926 caeperuntdeiuds
1731 3859 1844 3930 pedites

138 3948 317 4021 qucbantur3
334 3945 384 4000 sed
414 3959 481 3998 eum
506 3943 571 4014 jam
601 3937 725 3995 insidias
752 3937 961 4012 praeterissent,
1015 3935 1093 3993 riam
1111 3940 1259 4007 tenebant,
1275 3945 1377 4012 postea
1391 3941 1499 4000 milites
1514 3942 1619 4017 plebei.
1634 3947 1724 4002 Erant
1743 3953 1842 4004 numm

137 4034 247 4110 egressi
272 4032 362 4090 nostri
391 4033 426 4088 de
455 4029 578 4088 occultis
605 4045 673 4085 cum
703 4028 820 4096 comite,
845 4025 964 4100 agmina
1015 4026 1844 4106 tentorianostralongcacastelloqussidecemmilliu·

137 4124 266 4183 bostium
283 4123 435 4191 invadunt,
442 4120 621 4177 conturbant
635 4122 664 4174 et
675 4117 962 4190 confundunt,atque
1016 4115 1107 4173 ribus.
1126 4117 1359 4188 laureacenses,
1373 4120 1482 4178 milites
1496 4127 1526 4180 et
1539 4123 1681 4196 populum
1696 4124 1842 4198 hospitari

136 4212 217 4289 ipsos
245 4210 434 4277 interficiunt,
450 4213 479 4267 et
491 4226 582 4282 equos
610 4223 712 4264 eorum
740 4205 877 4279 optimos,
894 4222 961 4262 cum
1011 4204 1145 4277 jubebat.
1154 4204 1294 4264 Videntes
1304 4214 1403 4266 autem
1412 4210 1577 4279 Sarraceni,
1588 4212 1638 4285 qui
1654 4213 1690 4269 sd
1711 4215 1843 4286 superio·

80 4323 82 4328 ·
136 4301 239 4383 grandi
254 4300 447 4358 exsultatione
471 4299 507 4355 ed
533 4297 692 4354 exercitum
717 4295 909 4352 deduxerunt.
927 4296 962 4352 ut
1016 4300 1222 4352 seminantem
1238 4298 1501 4374 ascenderant‚etii
1518 4301 1705 4373 quierantin
1722 4302 1842 4361 castello

136 4396 202 4468 post
225 4391 295 4458 hare,
312 4387 385 4445 nulli
410 4389 509 4445 hostes
533 4386 692 4443 exercitum
717 4384 961 4457 essequcbantur,
1015 4382 1094 4455 quod
1110 4383 1320 4458 maximopere
1338 4389 1842 4462 nostmrumdiscesseratventilare

136 4479 275 4555 quoniam
290 4495 388 4536 comes
403 4494 469 4535 cum
486 4481 600 4533 armata
614 4473 806 4531 multitudine
822 4470 961 4529 millitum
980 4472 1052 4546 Ded
1078 4471 1201 4529 invicem
1225 4482 1386 4548 coeperunt,
1402 4482 1435 4533 ut
1457 4479 1721 4552 eonjungsrentur3
1743 4498 1842 4539 comes

135 4574 201 4649 post
215 4586 317 4627 omnes
328 4568 438 4625 debiles
454 4568 523 4623 ibat.
538 4563 593 4623 Alii
606 4567 703 4621 autem
719 4561 828 4619 milites
853 4561 959 4618 armati
1013 4562 1162 4618 veredum
1175 4563 1236 4619 brec
1252 4563 1384 4638 negligit,
1398 4581 1472 4639 pene
1486 4584 1518 4624 se
1532 4568 1702 4625 demlietum
1716 4571 1841 4627 militi.

134 4676 202 4718 cum
217 4659 324 4715 comite
338 4656 557 4714 Northmanniae
573 4659 601 4710 et
616 4651 808 4716 'lancredoet
821 4650 958 4723 episcopo
1013 4650 1069 4708 bus
1084 4651 1147 4707 suis
1162 4651 1279 4724 reperit.
1296 4654 1364 4710 llrat
1376 4654 1458 4712 collis
1473 4655 1504 4712 iu
1519 4673 1578 4729 quo
1593 4657 1747 4715 castellam
1768 4667 1840 4726 erat,

133 4747 295 4807 albariensi
308 4749 471 4822 frequenter
482 4744 642 4801 exercitum
654 4740 904 4814 precedebant,ne
913 4737 958 4795 vel
1013 4737 1140 4796 multum
1164 4741 1276 4797 arduus
1299 4748 1329 4798 et
1343 4742 1488 4816 lapideus,
1499 4751 1529 4802 et
1542 4747 1637 4803 ardua
1657 4748 1773 4815 semita,
1787 4764 1841 4821 per

133 4842 243 4911 surgo
258 4834 301 4892 vel
316 4853 332 4891 a
347 4837 451 4903 fronte,
465 4831 626 4906 improvisi,
637 4830 735 4886 hostes
749 4828 959 4884 conturbarent
1012 4844 1100 4901 quam
1118 4845 1195 4885 unus
1210 4847 1303 4903 equus
1319 4837 1386 4903 post
1399 4832 1489 4890 aliurn
1505 4834 1553 4892 vir
1576 4836 1618 4893 ire
1639 4842 1763 4911 poterat.
1780 4837 1839 4894 liae

133 4919 197 4983 nos.
213 4917 327 4982 Etenim
344 4941 442 4981 comes
457 4922 526 4996 quia
542 4936 650 4994 paucos
667 4916 776 4973 milites
788 4933 888 4974 secum
905 4916 956 4972 ha·
1011 4915 1111 4989 itaque
1126 4916 1300 4976 difficultate
1313 4921 1544 4994 comprehensus
1558 4925 1761 4999 comesquasi
1776 4943 1838 4982 ver·

132 5016 219 5073 bebat
233 5032 300 5070 eum
317 5031 334 5069 a
349 5014 445 5068 Murra
460 5010 701 5083 proficisceretur,
715 5005 826 5080 rogavit
841 5005 955 5077 episco-
1011 5020 1063 5061 sus
1088 5004 1165 5074 illos,
1186 5007 1237 5080 qui
1261 5009 1296 5065 de
1322 5011 1464 5081 superiori
1489 5019 1589 5071 monte
1616 5015 1837 5084 descenderant,

131 5121 213 5178 pum,
224 5109 257 5161 ut
272 5102 365 5176 posito
382 5100 518 5174 presidio
534 5097 708 5171 Rarrae,ipse
724 5095 833 5153 veniret
843 5111 955 5151 secum.
1010 5109 1129 5167 pergere
1153 5112 1221 5153 eum
1238 5099 1326 5155 sociis
1346 5100 1443 5173 coepit,
1462 5102 1546 5174 quasi
1570 5105 1771 5178 pugnaturus;
1785 5105 1838 5176 qui

126 5193 213 5267 Quod
228 5191 384 5265 episeopus
399 5190 532 5255 audiens,
543 5186 732 5245 Guillelmum
749 5185 824 5241 Petri
837 5182 955 5240 nomine
1010 5181 1105 5254 primo
1123 5185 1279 5256 paululum
1294 5188 1329 5244 ad
1345 5190 1503 5246 adventum
1519 5192 1635 5249 comitis
1650 5210 1708 5249 non
1724 5193 1839 5250 dubita·

130 5281 166 5338 de
181 5278 330 5338 cimiliaco
343 5279 499 5352 quemdam
526 5277 650 5333 militem
672 5289 760 5331 suum
776 5272 815 5328 ibi
831 5272 953 5340 dimisit,
1009 5277 1122 5329 verunt.
1139 5278 1220 5331 Tunc
1236 5278 1328 5334 nostri
1343 5292 1425 5335 verso
1441 5278 1555 5348 itinere,
1568 5282 1598 5338 in
1621 5282 1726 5339 vellem
1752 5283 1838 5355 qussi

130 5386 198 5426 curn
214 5367 356 5425 militibus
373 5373 482 5442 septem
500 5372 528 5423 ot
543 5365 690 5440 peditibus
713 5362 842 5437 triginta,
860 5361 956 5418 virum
1009 5362 1106 5416 securi
1121 5364 1289 5422 tendebant.
1306 5366 1443 5424 Videntes
1459 5369 1610 5426 Sarraceni
1626 5389 1657 5429 se
1680 5372 1838 5428 frustratos

130 5455 245 5519 fidelem
271 5476 303 5515 ac
325 5459 382 5515 Deo
406 5458 557 5524 devotum,
574 5454 624 5528 qui
648 5470 693 5510 res
717 5449 845 5524 episcopi
862 5449 952 5518 auxit,
1009 5453 1038 5506 et
1053 5456 1168 5508 nostros
1184 5470 1285 5512 secure
1300 5456 1484 5526 descendere,
1501 5464 1529 5516 et
1552 5460 1582 5516 bi
1607 5461 1643 5517 de
1662 5459 1795 5529 castello,
1809 5466 1839 5517 ot

130 5544 385 5620 ebernensem
401 5543 655 5619 decuplum,brevi
670 5537 952 5614 tempore,ethomi-
1009 5538 1038 5594 hi
1054 5539 1090 5596 de
1107 5542 1256 5600 meatibus
1280 5543 1389 5617 pariter
1413 5546 1522 5605 nostris
1546 5548 1713 5606 incurrunt.
1737 5547 1838 5607 cums
