3816 6006
74 335 159 396 sorr·
408 334 585 398 HOMltslAE
605 337 645 398 IN
668 336 794 399 uersu.
818 337 870 399 ll'l'
891 337 1035 402 EVANG.
1060 339 1240 401 uenturo.
1255 371 1294 383 -—
1308 338 1407 400 PARS
1428 338 1453 403 1.
1704 341 1782 404 1678

74 464 244 540 operatione
259 482 316 523 nan
331 465 443 523 sultlait
470 466 588 526 habenti
617 472 734 542 tempus
748 469 822 526 bene
836 486 903 542 opa-
918 470 1048 539 Abilam
1064 487 1183 528 vocem:
1199 474 1246 541 lte,
1274 471 1422 540 motedr'cti,
1447 471 1478 526 in
1506 471 1595 539 ipsam
1625 478 1761 528 aetenum

73 555 159 612 randi
174 554 240 612 ideo
255 555 381 612 dicitnr:
399 556 470 625 Quia
483 556 549 628 fides
562 559 622 615 sine
645 559 772 631 omnbus
793 568 903 616 morter
960 560 1064 633 (hatti.
1080 565 1155 631 xxv).
1171 562 1206 617 Et
1221 561 1335 633 qnare?
1355 561 1455 616 Esurii
1479 561 1563 629 enim,
1579 568 1606 615 et
1628 576 1684 616 non
1705 560 1782 616 derli-

75 653 116 701 est
129 643 194 718 (lac.
209 647 250 715 n).
957 652 1005 707 str's
1019 651 1188 706 manducare
1203 652 1273 706 milri
1285 651 1321 705 de
1335 648 1409 705 escis
1424 648 1514 705 meis:
1530 649 1622 714 Sirini,
1637 657 1662 704 et
1677 649 1713 704 da
1728 665 1782 721 po-

107 733 249 806 Sequitnr
263 750 331 806 pars
352 734 449 801 tertia,
475 734 505 790 in
529 752 588 808 qua
616 736 717 793 subdit
744 735 902 810 Apostolus
956 742 988 794 tn
1006 755 1071 795 moe
1085 755 1141 796 non
1164 739 1276 796 dedistis
1304 738 1375 795 milri
1398 746 1511 810 potum:
1537 739 1634 810 Hospes
1649 754 1736 805 erem,
1752 740 1782 795 et

73 821 226 880 charitatis
241 823 451 895 operationem,
472 825 591 882 dicens:
606 826 763 898 Propterea,
780 830 812 882 ut
826 825 902 883 seili-
956 828 987 883 in
1004 828 1165 901 hospitium
1181 845 1280 884 meum
1295 826 1431 884 noluistis
1447 843 1493 882 me
1507 827 1656 898 suscipere
1667 843 1674 882 :
1685 826 1780 882 liade

76 916 121 968 cet
153 911 280 985 perlecta
306 911 456 970 honoretis
485 915 589 985 Deum,
619 917 749 987 suscipite
773 917 899 984 inuicem,
955 933 1043 988 eram,
1057 922 1085 974 et
1099 918 1135 974 de
1149 917 1280 974 aestibus
1295 917 1370 973 meis
1384 933 1438 973 non
1451 917 1627 988 cooperuistis
1640 914 1779 988 rutilio.)

73 1002 147 1058 sust
160 1009 186 1058 et
199 1001 322 1058 Christus
337 1004 454 1075 suscepit
468 1019 522 1060 rios.
539 1004 691 1077 Suscipere
705 1007 750 1060 est
764 1003 899 1060 defieien·
954 1009 1022 1061 Ilaec
1037 1006 1136 1079 igitur,
1152 1007 1267 1075 iratres,
1283 1006 1344 1061 hac
1373 1005 1547 1077 cogitemus,
1564 1003 1624 1059 hee
1649 1004 1679 1058 in
1694 1005 1780 1060 corde

73 1093 132 1147 tem
149 1108 185 1147 ne
195 1091 281 1147 cadat
291 1091 396 1148 subtus
406 1093 620 1165 caperellonet
630 1092 721 1167 igitur
731 1092 899 1166 Apostolus,
956 1098 1120 1164 teneamus,
1137 1100 1166 1152 et
1179 1097 1214 1153 de
1229 1096 1317 1152 rebus
1341 1094 1456 1151 nobisa
1483 1093 1541 1149 Deo
1555 1092 1777 1164 commendatis,

71 1180 177 1238 iratres
193 1179 370 1249 charissimi,
386 1184 420 1238 nt
435 1181 519 1238 sortis
543 1199 595 1254 per
616 1181 787 1239 charitatem
803 1182 899 1240 susei-
953 1182 1051 1255 ipsum
1066 1183 1097 1239 in
1108 1183 1286 1256 pauperibus
1297 1178 1779 1255 pascamus,vestiamus,suscipia·

73 1269 145 1342 pist,
163 1269 300 1340 debilem,
317 1269 434 1342 sapiens
459 1270 659 1343 incipientem,
675 1271 755 1328 dives
771 1270 898 1343 inopem,
954 1288 1031 1340 mus,
1047 1277 1080 1328 ut
1094 1275 1231 1329 eternam
1252 1270 1483 1328 benedictionem
1508 1269 1544 1325 ab
1573 1286 1607 1326 ao
1631 1268 1780 1341 suscipere

70 1374 163 1423 sanus
177 1357 340 1429 infirmum,
356 1363 441 1416 stans
462 1360 626 1417 cadentem.
643 1360 716 1416 Cum
732 1359 811 1417 enim
822 1361 899 1417 Deua
953 1377 1128 1418 mereamur.
1144 1363 1246 1418 Amen.

69 1452 170 1521 posset
184 1464 289 1505 omnes
304 1448 398 1506 lacere
420 1449 519 1519 fortes,
551 1449 699 1522 sapientes
726 1453 756 1506 et
781 1450 897 1519 divites,
1253 1450 1409 1507 Honltrn
1428 1449 1474 1507 IV.

70 1536 236 1594 noluit.Sed
252 1536 342 1593 voluit
356 1537 411 1595 hos
425 1553 490 1595 essa
512 1539 611 1607 sortes,
626 1537 692 1595 illas
705 1537 827 1608 debiles,
843 1539 898 1596 hoa
1134 1557 1273 1597 nonrrnrca
1291 1555 1420 1596 secunus
1439 1555 1598 1595 novennes.

69 1624 731 1699 sapientes‚illosinsipientes,hosdivitas,illos
741 1645 895 1702 pauperes.
986 1631 1075 1686 Erunt
1087 1632 1168 1703 sipon
1183 1633 1213 1686 in
1227 1631 1293 1698 sote,
1307 1637 1332 1685 et
1355 1630 1423 1684 luna
1445 1635 1471 1684 et
1497 1629 1584 1683 staltis
1611 1635 1638 1684 et
1651 1629 1681 1683 in
1695 1629 1777 1684 temti

68 1714 99 1772 Si
116 1715 313 1773 enimomnes
329 1715 897 1789 essentiarteS‚sapienteaetdivites,al·
948 1735 1079 1791 pressure
1102 1722 1227 1789 pestium
1248 1734 1308 1791 pree
1331 1720 1490 1791 confusione
1510 1719 1619 1777 sentiro
1646 1718 1777 1772 marisci

68 1809 114 1861 ter
129 1802 251 1861 alterius
266 1821 325 1860 non
339 1804 492 1878 indigeret.
509 1805 624 1862 Rursus
639 1806 664 1861 si
680 1822 783 1863 omnes
795 1810 894 1864 essent
949 1808 1082 1879 flnctuum
1098 1810 1172 1881 (tec.
1188 1808 1258 1880 τιτι),
1275 1811 1329 1864 etc.
1353 1808 1422 1863 Pius
1436 1810 1465 1862 et
1488 1805 1655 1863 misericors
1675 1805 1775 1862 Domi·

68 1891 365 1966 debiles,insipicntes
380 1898 409 1950 et
421 1892 651 1967 pauperes,alter
661 1893 745 1951 alteri
755 1911 812 1952 non
824 1895 894 1952 sub·
949 1913 1005 1953 nns
1021 1901 1050 1952 et
1064 1897 1241 1969 Redemptor
1262 1900 1369 1967 noster,
1398 1895 1499 1953 volens
1527 1893 1634 1952 eleetos
1647 1911 1727 1966 suos,
1743 1895 1774 1951 in

66 1982 189 2038 veniret.
202 1981 301 2039 Voluit
316 1998 384 2057 argo
399 1983 453 2040 bos
474 2000 539 2040 esse
560 1984 660 2054 sortes,
677 1983 833 2056 sepientes,
849 1984 894 2042 val
949 1985 1088 2042 omnibus
1102 1986 1239 2058 providos
1254 2003 1318 2043 esse
1333 1987 1369 2042 da
1388 1987 1517 2042 secundo
1532 1985 1657 2041 adventu
1675 2000 1728 2040 suo
1742 1983 1774 2040 in

67 2070 184 2142 divites,
201 2071 358 2128 utanimas
381 2088 451 2129 suas
477 2071 589 2129 salvare
612 2077 743 2144 possent,
757 2072 822 2130 aliis
842 2090 895 2146 per
947 2074 1002 2132 hae
1017 2092 1067 2132 eos
1081 2075 1239 2148 praemunit
1253 2075 1450 2141 lectioneoun
1464 2072 1574 2130 ratione
1584 2072 1722 2146 ttriplici.
1737 2067 1784 2129 Ut'

66 2160 240 2217 charitatem
256 2159 893 2219 subveniendo.Volnitillosessedebilssvel
948 2160 1772 2237 praescientiaejusesseteisadcertitudinem,advigilan-

66 2248 251 2323 insipieutes,
267 2249 310 2306 vel
321 2250 434 2322 inopes,
450 2254 484 2307 ut
498 2250 693 2308 animassuas
703 2251 815 2308 salvare
830 2267 894 2325 pos·
947 2254 1030 2323 tiam,
1047 2255 1082 2310 ad
1099 2254 1340 2311 consolationem.
1356 2253 1399 2308 Ad
1427 2252 1643 2320 certitudinem,
1659 2256 1693 2306 ut
1708 2268 1773 2307 cer-

64 2343 141 2407 sent,
158 2339 278 2396 adversa
289 2355 340 2412 per
354 2338 524 2410 patientiam
540 2338 700 2399 tolerando.
711 2340 784 2397 llinc
798 2340 895 2398 Domi·
948 2343 1008 2400 tius
1023 2346 1223 2415 exspectarent
1243 2344 1399 2400 adventum
1430 2356 1528 2406 suum,
1555 2356 1643 2412 qnam
1666 2339 1774 2396 coellet

65 2445 122 2484 nus
137 2428 198 2484 ait:
213 2428 350 2501 Poeperer
363 2443 469 2500 semper
497 2429 602 2484 habetis
627 2429 776 2498 nobiscum,
792 2437 819 2485 et
832 2446 894 2486 urm
946 2435 1030 2489 terra
1045 2432 1289 2505 permanentiam.
1307 2431 1388 2487 Unde
1403 2433 1469 2503 post
1483 2428 1601 2485 subdit:
1615 2430 1697 2486 Amen
1713 2428 1773 2486 dieo
1873 2436 1878 2442 '

63 2517 326 2590 colueritispotestis
349 2519 388 2574 ers
415 2517 573 2590 benefacere
601 2521 700 2588 (ltere.
726 2521 795 2587 xiv).
819 2518 893 2575 Cum
946 2523 1033 2592 nobb,
1056 2539 1112 2579 non
1132 2522 1286 2594 praeteribit
1313 2522 1451 2591 penerntio
1480 2519 1548 2586 licea,
1569 2518 1652 2575 denec
1679 2520 1785 2575 omnio·

64 2606 156 2682 igitur
170 2611 288 2680 egentes
303 2610 425 2663 manent
443 2607 529 2679 juxta
553 2607 750 2674 abundantes,
766 2612 836 2664 sunt
851 2606 893 2665 eis
947 2612 1034 2681 fiont,·
1048 2613 1147 2668 cetum
1159 2619 1185 2668 et
1196 2620 1269 2668 terro
1283 2611 1449 2677 transibunt,
1466 2608 1496 2664 id
1511 2612 1556 2664 est
1580 2608 1774 2665 mutabuntur

67 2702 118 2753 aut
137 2696 260 2753 materia
279 2695 360 2753 bone
385 2695 562 2768 operationis
590 2700 641 2752 aut
670 2696 892 2770 reprobationis.
947 2698 977 2754 in
994 2699 1085 2755 aliurn
1100 2704 1221 2767 statum,
1234 2699 1314 2755 cerba
1330 2704 1421 2754 ouum
1434 2713 1494 2753 nien
1518 2713 1574 2753 uolt
1601 2697 1770 2765 transibunt,

67 2786 149 2852 Quod
165 2789 263 2842 autam
279 2785 321 2842 sic
345 2801 399 2842 uos
421 2784 545 2842 invicem
571 2785 720 2858 suscipere
740 2786 892 2854 debemus,
948 2788 1020 2860 quin
1034 2787 1145 2845 scilieet
1159 2788 1257 2844 anania
1273 2803 1359 2860 opera
1374 2786 1634 2858 compleanturhd
1648 2785 1771 2858 vigilan·

68 2875 196 2932 ostendit
209 2874 365 2948 Apostolus
380 2875 512 2948 exemplo
523 2874 640 2941 Christi,
652 2874 702 2947 qui
718 2875 747 2930 in
763 2892 817 2932 sua
832 2892 894 2949 per·
947 2878 1030 2945 tiam,
1047 2877 1186 2951 qnoniam
1200 2877 1294 2933 levius
1305 2879 1411 2932 nocent
1426 2891 1460 2930 ea
1485 2891 1549 2946 que
1565 2874 1769 2947 praevidentur,

68 2981 142 3021 sona
155 2963 294 3037 suscepit,
317 2981 375 3021 non
402 2963 497 3021 solum
522 2980 642 3020 causam
672 2968 813 3032 nostram,
842 2966 893 3022 sed
948 2983 1117 3039 quamque
1134 2983 1191 3022 non
1208 2965 1412 3038 previdentur.
1430 2963 1511 3020 Unda
1535 2963 1770 3035 ipseait:Vipi-

67 3055 157 3111 etiem
172 3059 307 3110 naturam
321 3056 463 3110 nostram.
481 3052 554 3109 Cum
570 3053 648 3109 anim
672 3058 749 3109 esset
764 3053 892 3127 sapiens,
947 3063 1012 3124 tate,
1027 3056 1093 3128 quio
1105 3057 1216 3112 nescitis
1229 3055 1397 3126 diemneqee
1411 3055 1507 3109 horem
1521 3053 1629 3121 (Multis.
1645 3050 1769 3122 ταν).Δά
1805 3110 1808 3114 ⁴

67 3144 127 3205 imo
142 3144 207 3217 ipsa
221 3142 375 3215 sapientia,
391 3142 521 3216 suscepit
539 3142 739 3214 insipientiam
750 3146 891 3200 nostram.
947 3144 1223 3211 consolationem,ut
1237 3145 1273 3200 de
1289 3141 1463 3200 certitudine
1477 3142 1619 3197 adventus
1633 3140 1770 3208 sui,inter

68 3233 142 3291 Cum
156 3236 234 3291 esset
247 3233 326 3289 dives
341 3230 619 3304 omnium,suseepit
632 3235 833 3304 paupertatem
842 3249 891 3288 no·
905 3218 928 3288 (l
946 3234 1081 3290 miserias
1091 3229 1767 3306 hujusseculi,sumercntsibiconsolationem.

68 3327 172 3380 stram.
190 3322 270 3379 llanc
282 3320 358 3377 viam
374 3319 526 3377 charitatis
549 3320 676 3376 ostendit
690 3320 720 3376 in
736 3337 777 3387 se,
794 3325 826 3376 nt
841 3338 893 3394 per
947 3322 1029 3379 Unde
1043 3327 1111 3396 post
1134 3322 1251 3380 subdit:
1269 3321 1336 3377 Cum
1364 3320 1489 3377 videritis
1512 3321 1570 3376 haee
1597 3320 1668 3391 fieri,
1686 3319 1771 3376 levate

68 3428 133 3469 eam
157 3426 347 3484 sequeremur
371 3425 411 3466 se.
426 3409 462 3465 llt
485 3407 540 3465 boe
568 3408 598 3464 in
626 3408 767 3465 honorem
782 3409 845 3482 Dei,
861 3415 894 3467 ut
946 3414 1038 3486 capite
1052 3420 1150 3481 vestre,
1166 3414 1233 3484 quie
1261 3412 1491 3484 appropinquavit
1509 3408 1656 3480 redemptio
1670 3416 1768 3464 vestre.

68 3500 316 3575 quemadmodem
331 3497 465 3554 Christus
479 3497 509 3553 in
526 3497 663 3554 erunibus
683 3498 817 3571 quesivit
831 3498 893 3572 glo·
947 3501 1021 3557 Nam
1037 3518 1126 3575 quam
1142 3500 1236 3557 dulcis
1251 3505 1305 3569 est,
1321 3501 1425 3557 fratres
1448 3499 1516 3565 mei,
1533 3498 1563 3553 in
1590 3502 1668 3554 terra
1683 3497 1770 3554 mise·

68 3590 143 3646 riam
160 3587 262 3655 Patris,
276 3604 335 3644 non
347 3602 442 3655 suam,
458 3584 543 3642 itaet
558 3602 611 3642 nos
635 3587 665 3643 in
681 3587 818 3645 omnibus
843 3588 894 3646 Dei
917 3638 920 3645 .
947 3590 1006 3659 riae,
1023 3590 1182 3647 recordatio
1198 3590 1297 3664 patrie
1309 3589 1421 3645 tPrimo
1432 3588 1522 3661 igitur
1531 3587 1614 3660 ponit
1628 3586 1771 3644 Dominus

68 3677 204 3752 gloriam,
221 3693 279 3735 non
295 3679 426 3734 nostram
450 3691 627 3748 quaeramus.
645 3676 779 3749 Suscepit
794 3681 893 3734 autem
948 3678 1033 3752 signa
1047 3678 1093 3736 sui
1121 3680 1262 3737 adventus
1288 3677 1468 3752 prenuntia:
1486 3677 1614 3735 secundo
1643 3675 1772 3733 ostendit

68 3766 271 3824 infirmitatem
287 3781 345 3822 non
356 3763 893 3834 solnmcircumcisionis,ideat.tudaa·
949 3768 1095 3839 quomodo
1111 3768 1174 3840 ipse
1198 3772 1337 3824 venturus
1360 3771 1422 3822 ast·
1451 3766 1548 3833 tertio,
1563 3764 1633 3837 quid
1656 3763 1725 3823 boni
1740 3763 1771 3821 in

68 3873 165 3924 orum,
180 3855 217 3912 ad
233 3871 322 3927 quam
337 3854 499 3912 seeundum
516 3854 726 3928 promissiones
741 3855 896 3928 propheta·
948 3856 1034 3913 bonis
1049 3857 1198 3930 proveniat
1215 3873 1220 3913 :
1237 3861 1352 3928 quarto,
1369 3855 1446 3912 dicta
1466 3871 1517 3928 per
1546 3853 1772 3911 similitudinem

70 3962 136 4001 rum
152 3943 207 4001 luit
222 3943 351 4012 missus3
367 3943 427 4000 imo
441 3943 530 4001 etiam
554 3943 697 4016 gentium,
713 3943 822 4016 quibus
836 3960 895 4000 non
950 3945 1087 4003 declarat.
1103 3948 1148 4004 Ait
1161 3963 1242 4017 erqo:
1257 3949 1344 4002 Erunt
1356 3947 1436 4018 sipne
1450 3946 1481 4000 iu
1495 3946 1551 4001 sote
1564 3952 1590 4000 et
1605 3943 1773 3999 lucusiani

69 4039 132 4091 erat
147 4032 320 4107 promissus.
338 4032 419 4089 Unde
441 4032 560 4104 utrique
575 4033 669 4090 Deum
684 4032 792 4090 dehent
805 4033 896 4090 hono-
950 4034 1184 4106 priusDominus
1195 4034 1429 4108 signaadventus
1440 4029 1771 4105 praenuntiavitutsuis,

70 4140 134 4181 rare
149 4127 177 4179 et
188 4120 362 4196 gloritlcare.
378 4123 413 4178 ut
427 4121 521 4178 ludaei
537 4121 626 4179 etiam
641 4123 677 4178 de
691 4121 896 4195 promissionis
951 4124 1001 4195 qui
1023 4124 1052 4178 in
1067 4124 1122 4180 hoc
1139 4123 1249 4178 mundo
1263 4122 1373 4195 lugent,
1381 4125 1479 4178 essent
1487 4118 1771 4190 adcensolationem,

69 4211 297 4286 adimpletione;
314 4215 342 4268 et
362 4215 463 4284 gentes
478 4212 514 4268 de
530 4211 682 4285 insperate
696 4211 796 4285 gratiae
811 4209 897 4268 eolla·
951 4211 992 4268 ita
1007 4213 1150 4284 reprobis,
1166 4211 1216 4284 qui
1232 4211 1280 4267 hic
1295 4210 1493 4278 consolantur,
1505 4213 1604 4267 essent
1617 4210 1654 4266 ad
1671 4210 1740 4265 coni
1760 4239 1771 4251 ·

69 4301 243 4369 tione.0nod
261 4300 483 4358 auetoritatibus
498 4300 708 4373 prophetarum
723 4300 837 4373 probat,
851 4301 895 4356 di·
951 4301 1072 4359 sionem.
1088 4301 1169 4357 Unda
1184 4301 1248 4373 ipse
1263 4304 1329 4372 post
1348 4299 1466 4356 subdit:
1483 4300 1669 4356 irascentibus
1688 4298 1775 4353 homi·

70 4408 158 4448 cens:
175 4392 250 4448 Sicut
261 4392 394 4462 scriptum
407 4397 465 4445 est:
481 4393 637 4462 Propterea
648 4388 689 4444 ait
701 4389 793 4446 Filius
808 4389 894 4463 patri:
950 4392 1032 4448 nibus
1045 4405 1105 4463 pree
1127 4392 1262 4447 timerent
1290 4391 1486 4471 exspectatione
1509 4404 1572 4462 quae
1585 4389 1775 4460 supervenient

70 4481 289 4552 confitebortibi
304 4482 334 4536 in
358 4480 491 4551 pentibus,
514 4486 540 4534 et
567 4480 676 4534 norninr'
700 4486 745 4536 tuo
771 4480 895 4547 canuto,
951 4483 1078 4537 uniuerso
1094 4479 1249 4543 urbionis
1272 4478 1349 4534 enirn
1374 4477 1445 4535 mali
1469 4478 1607 4533 omnibus
1622 4473 1775 4533 elementis

70 4573 103 4626 Et
119 4572 239 4626 iterem:
255 4571 404 4627 letamini
422 4575 524 4638 pentes,
540 4584 603 4623 euru
625 4568 703 4640 plebe
724 4570 793 4641 ejus,
809 4569 838 4625 id
853 4573 935 4659 estD
951 4569 1037 4626 abusi
1052 4574 1130 4636 sunt,
1147 4569 1341 4640 ab,omnibus
1365 4569 1533 4641 puniantur,
1560 4570 1593 4622 ut
1616 4562 1774 4638 impleatur

71 4658 195 4732 gentiles
211 4676 278 4715 eum
294 4657 420 4725 tudais;
437 4662 481 4713 et:
498 4657 619 4714 tondete
634 4659 790 4726 Domr'unm,
806 4675 897 4716 omnes
951 4661 1028 4733 quod
1044 4659 1187 4731 scriptum
1202 4664 1247 4714 est
1259 4674 1266 4713 :
1280 4660 1420 4729 l’upnobr't
1442 4673 1492 4729 pro
1506 4674 1536 4713 eo
1550 4656 1623 4713 orbis
1638 4664 1776 4711 terrerum

71 4756 172 4817 parites,
185 4753 240 4804 etc.
256 4748 339 4804 Sicut
353 4751 450 4803 antem
462 4745 595 4803 Christus
606 4763 663 4802 non
674 4746 769 4803 solum
780 4748 897 4820 propin·
951 4758 1046 4807 contro
1061 4751 1209 4804 insensotos
1224 4749 1297 4818 (Sap.
1315 4748 1352 4818 v).
1370 4747 1443 4812 Ouia
1457 4746 1535 4802 anim
1559 4744 1689 4801 claritate
1705 4741 1776 4800 solis

72 4836 288 4908 quostudaeos‚
306 4834 897 4908 sedetiamgantilaslonginquosausce-
951 4838 1112 4896 ctlunract
1132 4836 1281 4892 stellarum
1312 4837 1517 4902 abutebantur,
1531 4834 1655 4891 ridendo
1678 4850 1730 4906 per
1741 4848 1776 4888 ea
1807 4878 1812 4887 .

72 4924 116 4998 pit
129 4944 135 4993 ;
151 4924 193 4981 sic
208 4930 236 4982 et
248 4926 433 4994 nos,lratres,
444 4941 501 4981 non
513 4925 608 4981 solnm
620 4925 800 4998 propinquos
812 4927 896 4984 nobis
951 4928 1021 5001 quid
1037 4926 1277 4998 concupiscerent
1291 4926 1401 4997 etquid
1412 4924 1482 4980 mali
1496 4925 1633 4992 lacerant,
1649 4925 1777 4980 vertetur

71 5014 238 5087 selganere
263 5013 308 5071 val
338 5013 470 5070 amicitis
496 5013 703 5086 suscipiamus,
733 5015 783 5071 sed
808 5015 896 5071 etiam
951 5017 992 5074 eis
1008 5016 1051 5073 sol
1065 5017 1095 5071 in
1111 5016 1258 5080 tenebras,
1274 5012 1384 5069 etluna
1398 5015 1428 5068 in
1444 5013 1629 5086 sanguinem,
1641 5017 1670 5068 et
1684 5011 1775 5069 stella

73 5101 250 5176 longinquos
265 5104 294 5157 et
312 5101 492 5175 peregrinos.
517 5101 580 5157 Non
609 5100 687 5157 anim
711 5107 829 5175 propter
843 5121 897 5162 nos
952 5107 1057 5162 cadent
1071 5106 1106 5161 de
1122 5103 1204 5160 coelo.
1221 5103 1295 5170 Ouia
1306 5119 1372 5159 vero
1387 5119 1456 5174 pace
1472 5101 1625 5175 temporali
1641 5117 1692 5176 per
1702 5101 1776 5158 stul-

73 5190 155 5248 solos
168 5188 289 5247 tradidit
312 5190 390 5248 Deus
414 5190 500 5248 nobis
525 5191 603 5249 bona
624 5207 688 5258 sua,
704 5191 756 5247 sed
780 5197 898 5266 propter
952 5190 1773 5266 tamsscnritatemabutebantur,hetpressuragentium.

72 5279 287 5355 pauperesltee
303 5278 371 5336 iacit
384 5296 443 5352 noa,
453 5279 656 5349 dominos,sed
669 5279 897 5354 dispensatores,
952 5283 1025 5352 Quia
1039 5300 1105 5340 varo
1122 5280 1335 5354 tranquillitate
1346 5279 1435 5336 marie
1447 5282 1482 5337 ad
1492 5282 1683 5353 prodendum
1693 5284 1723 5336 et
1732 5296 1777 5336 ra·

73 5368 245 5444 precipiens
260 5369 346 5427 nobis
360 5373 403 5437 ut,
418 5370 455 5427 de
474 5369 538 5428 suis
551 5370 649 5438 rebus,
666 5369 729 5426 suis
742 5369 812 5428 filiis
826 5371 899 5429 indi·
951 5368 1780 5446 piendumabutebantur‚tieteonfusiomarisetttuctuum.

73 5457 211 5533 gentibus
225 5457 441 5531 provideamus.
458 5457 513 5525 Oui
526 5458 604 5515 anim
631 5475 678 5515 ras
692 5457 742 5515 Dai
759 5459 897 5533 retinens,
952 5463 1027 5519 Nam
1043 5465 1075 5517 ut
1091 5459 1180 5517 tradit
1194 5458 1427 5529 hieronymusin
1437 5458 1568 5534 catologo
1578 5477 1614 5516 xv
1624 5459 1777 5532 signorum

74 5546 146 5605 sinit
160 5546 236 5605 tllios
247 5547 298 5605 Dei
321 5550 451 5620 egestate
478 5546 583 5620 perire,
600 5547 683 5620 quid,
712 5548 817 5606 iratres
830 5549 898 5624 mei,
953 5568 1018 5626 qua
1033 5567 1067 5608 ex
1081 5550 1201 5608 Hebraeo
1221 5547 1382 5618 transtulit,
1404 5573 1417 5602 a
1443 5549 1539 5624 prima
1566 5547 1613 5604 die
1640 5547 1780 5604 ascendet

74 5638 147 5720 quid
159 5640 204 5700 est
218 5637 401 5698 audituruaa
415 5652 532 5697 summo
540 5636 712 5713 indicemini
727 5637 809 5700 illam
819 5641 901 5703 terri·
955 5657 1036 5704 mare
1050 5638 1247 5724 quadragmta
1269 5639 1385 5704 cubitos
1410 5655 1500 5720 super
1517 5637 1635 5700 dtiorm
1663 5637 1780 5703 mouns
