3816 6006
173 231 230 298 err
428 231 481 298 aa
504 233 758 300 cobusnmun
780 232 950 297 Arrana.
973 232 1012 296 n.
1029 267 1068 281 -
1082 231 1237 301 uouuu.
1260 235 1311 300 nn
1331 234 1455 300 annno
1477 234 1616 303 saeuo.
1812 212 1888 298 arr

397 364 541 425 CXXVIII.
556 401 591 410 —
608 367 768 425 feneratos.
1005 368 1033 435 Α
1048 367 1121 426 Hirro
1136 369 1283 427 revestivit
1298 371 1402 440 nudos,
1419 373 1448 427 et
1462 370 1542 444 pavit
1556 374 1675 445 egentes

170 459 206 515 At
220 457 389 515 'fancredus
404 457 501 526 homo,
516 458 565 531 qui
581 476 638 515 non
652 458 803 523 homo,sed
820 457 927 524 leo,sed
940 474 991 514 neo
1046 458 1119 514 llino
1134 477 1249 534 quoque
1265 458 1375 516 militia
1389 477 1545 516 numerum
1558 477 1648 533 quam
1659 458 1722 516 sola
1735 458 1871 533 voluptas

170 548 209 604 Os
219 547 337 605 oculove
351 547 406 616 leo,
425 547 496 620 quin
511 548 570 604 lmo
586 565 635 603 cor
650 548 712 620 ipse
726 547 830 615 leonte,
1046 549 1140 618 luxit,
1156 553 1185 606 et
1200 549 1326 606 externis
1342 566 1396 606 sua
1411 549 1493 606 fulsit
1507 550 1592 624 sigua
1606 547 1756 622 maniplis.

168 637 211 694 Ad
227 639 338 710 majora
351 637 434 705 furit;
452 642 554 692 neuter
569 638 645 710 quod
662 636 787 693 somniet
801 638 883 708 Aiax,
1046 639 1105 694 Sub
1121 638 1246 712 gemmis
1262 639 1367 711 paries,
1383 639 1439 694 sub
1454 637 1580 711 gemmis
1594 637 1687 695 multa
1702 635 1849 695 columna.

168 726 231 782 Non
247 727 360 792 flector,
375 742 431 780 non
449 725 613 782 Haeotorens
628 730 780 798 superator
793 724 920 781 Achilles
1046 726 1137 782 Multa
1153 728 1208 784 sub
1223 732 1342 801 argento
1357 727 1477 794 latebat,
1494 727 1588 785 multa
1602 727 1657 783 sub
1673 743 1755 784 auro.
1862 732 1876 758 t

167 816 280 871 Audeat
295 831 302 870 ε
319 815 373 870 hoc
390 813 472 869 facile
488 819 515 868 et
531 831 654 886 pronum
670 813 853 870 Wiscardida
867 813 950 870 ducis
1045 816 1174 890 InsIgnis
1189 816 1303 873 fabrica
1320 817 1419 884 decus,
1437 834 1485 874 ars
1500 816 1675 873 celebranda
1689 810 1741 890 per
1754 815 1866 872 orbem.

167 904 254 960 Curia
266 902 452 976 templorum,
470 919 549 958 nunc
565 903 653 959 unius
668 906 735 959 ante
745 904 882 970 duorum,
1044 904 1179 961 Materies
1194 905 1287 962 oculta
1302 904 1432 963 solamen
1447 905 1604 963 deliciosis.

165 993 248 1049 Nunc
263 997 379 1048 tantum
389 990 509 1056 domini,
522 992 603 1063 prius
611 997 639 1047 et
647 991 757 1049 domini
769 995 797 1048 et
806 991 987 1050 Salomonis:
1022 988 1028 1027 ²
1043 996 1196 1068 Tanquam
1212 1000 1402 1068 conspectum
1418 995 1543 1068 fugiens,
1560 995 1714 1068 lucemque
1726 1011 1832 1068 perosa

165 1083 224 1138 lloc
239 1081 358 1156 quidem
373 1081 468 1137 adhue
484 1087 567 1154 gyrat
585 1078 673 1150 latus,
690 1079 763 1138 illud
778 1086 807 1137 et
822 1086 922 1138 auster
936 1083 988 1139 ha·
1043 1084 1164 1142 Talibus
1179 1084 1336 1141 involuorIs
1350 1085 1487 1152 obducta,
1503 1085 1558 1141 sub
1574 1101 1629 1141 aere
1643 1083 1761 1142 latebat.

843 1171 951 1242 thabat,
1043 1173 1179 1230 Reddidit
1193 1190 1261 1249 ergo
1278 1174 1366 1243 dlem,
1382 1173 1543 1247 longatum
1560 1190 1675 1231 carcere
1690 1173 1810 1243 clausis,

164 1264 229 1319 liaec
243 1260 372 1335 spatiosa
386 1276 476 1332 capax
491 1259 672 1316 circumdata
686 1259 834 1316 moenibus
849 1259 926 1330 altis,
1041 1263 1075 1319 llt
1089 1264 1223 1320 tenebras
1238 1264 1333 1336 passis
1348 1264 1489 1320 'tancredi
1506 1262 1601 1337 gratia
1618 1262 1712 1337 signia
1727 1278 1736 1318 r

163 1351 286 1408 Cardine
297 1356 357 1406 tam
371 1351 487 1422 garirino
500 1350 607 1406 ferrata
623 1350 722 1423 fugam
739 1353 825 1422 atque
841 1349 985 1417 timorem,
1041 1353 1132 1425 Inque
1146 1369 1251 1409 vacans
1266 1369 1371 1408 aurum
1386 1351 1519 1409 esuriens
1533 1352 1639 1409 laxavit
1651 1356 1805 1426 egentum,

162 1441 327 1508 Horrorem,
344 1445 372 1497 et
387 1439 494 1496 bellum
510 1442 602 1495 totam
616 1437 676 1494 imo
692 1445 839 1510 receperat
858 1438 960 1494 urbem
977 1455 984 1495 :
1039 1445 1184 1498 Marmora
1195 1443 1348 1498 denudans
1362 1445 1391 1498 et
1405 1440 1513 1497 Christi
1529 1442 1662 1498 membra
1676 1442 1840 1499 reformans

161 1531 221 1587 Hoc
235 1529 357 1586 adamas
371 1529 491 1596 ferrum,
507 1528 613 1583 durum
630 1527 694 1594 hoc,
712 1527 761 1583 sed
773 1526 874 1582 durior
885 1525 932 1582 ille
1256 1530 1372 1586 CXXXI.
1389 1562 1424 1572 —
1438 1533 1529 1587 Hostes
1542 1531 1645 1602 tandit.

162 1619 332 1676 'fanoredus
347 1615 458 1691 pulsat,
471 1616 639 1689 confringit,
656 1615 789 1683 conterit,
806 1615 896 1671 intrat
911 1633 918 1671 ε
1041 1620 1127 1675 Porro
1143 1620 1282 1694 disposita
1297 1636 1361 1692 qua
1373 1619 1555 1693 disponenda
1570 1621 1697 1690 fuerunt,

161 1707 255 1780 Cujus
270 1709 306 1764 ad
321 1707 474 1763 introIIum
490 1706 566 1778 fugit
581 1704 768 1761 irrevocabile
782 1705 888 1779 vulgus
1039 1708 1108 1766 Post
1122 1709 1229 1765 mirata
1243 1708 1319 1764 sacri
1335 1725 1478 1781 gemmas,
1495 1725 1544 1778 ars,
1556 1725 1703 1767 marmora
1717 1709 1820 1783 templi
1837 1725 1845 1764 ε

159 1799 195 1854 ut
210 1796 417 1854 Salamoniacae
432 1794 669 1868 quindeniforum
679 1794 757 1851 latus
769 1794 843 1850 aula
1040 1805 1064 1852 Α
1080 1815 1164 1866 prece
1179 1799 1282 1855 devota
1296 1799 1465 1855 'tancredus
1480 1799 1604 1854 suscitat
1618 1815 1711 1866 arma,

161 1887 345 1959 Irrumpunt3
362 1885 444 1958 piger
458 1901 527 1942 ense
542 1883 629 1954 cadit,
645 1883 720 1940 celer
734 1883 836 1957 effugit
850 1899 961 1950 ensem,
1024 1888 1151 1944 Invenit
1166 1889 1316 1944 obstantes
1333 1903 1340 1942 :
1358 1888 1408 1943 sed
1424 1903 1457 1942 eo
1473 1890 1644 1961 penetrante
1657 1894 1800 1955 catervas,

160 1980 283 2049 Compos
298 1974 397 2047 effugii
413 1978 526 2046 portam
543 1974 669 2038 obserat,
683 1972 765 2028 obice
776 1972 867 2040 fulcit,
1037 1979 1095 2033 Aut
1108 1976 1168 2032 ruit
1182 1981 1234 2032 aut
1249 1975 1366 2049 refugit,
1378 1976 1507 2031 medium
1523 1994 1581 2033 non
1596 1977 1716 2045 invenit,
1733 1977 1827 2035 hostis

158 2066 217 2120 Aut
230 2065 295 2120 vita
311 2062 425 2119 stabilis
451 2079 534 2135 spes;
561 2067 613 2117 aut
628 2078 709 2118 mora
724 2061 867 2134 quantula
881 2061 984 2118 mortis
1036 2070 1102 2123 Iam
1117 2069 1200 2122 vocat
1214 2065 1348 2130 exterior,
1364 2080 1417 2121 neo
1433 2064 1523 2121 sentit
1537 2065 1636 2137 prelia
1650 2082 1773 2140 campus
1789 2083 1796 2122 :

158 2153 201 2210 Ad
216 2151 332 2209 Domini
347 2149 491 2225 templum
505 2150 591 2207 vertit
605 2167 636 2206 se
650 2150 746 2226 vertit,
762 2154 791 2205 et
805 2166 870 2206 ecce
1037 2156 1180 2222 Curritur,
1196 2159 1225 2210 et
1240 2154 1347 2210 cadem
1364 2157 1533 2226 penetretur
1548 2156 1583 2210 ad
1599 2154 1780 2225 interiorem,
1837 2191 1839 2194 >

159 2241 274 2298 Limina
289 2240 428 2314 signifero
443 2239 595 2312 patefrunt,
612 2236 743 2294 culmina
757 2238 852 2311 sfgno.
1037 2244 1132 2317 thue
1142 2247 1239 2316 palem
1250 2243 1432 2311 adltus,tuno
1443 2243 1513 2315 quid
1523 2245 1756 2318 Tancrode‚quid
1767 2245 1861 2302 eneis?

354 2328 469 2385 CXXIX.
485 2359 520 2368 -
536 2328 674 2400 Templum
688 2328 788 2399 spoliat
1036 2333 1110 2401 Quid
1126 2330 1256 2406 probitas
1271 2348 1382 2404 posses,
1398 2332 1561 2388 docuerunt
1575 2337 1681 2406 stagna
1692 2333 1828 2391 cruoris:

159 2419 260 2477 Stabat
274 2419 304 2474 iu
319 2416 431 2476 excelso
447 2414 638 2472 simulacrum
655 2415 740 2472 fusile
754 2416 870 2473 throno.
1036 2423 1088 2479 Cui
1103 2438 1222 2477 narrare
1232 2424 1313 2476 vacet
1328 2436 1379 2494 par
1393 2419 1511 2493 singula
1525 2420 1585 2477 siva
1600 2425 1767 2495 perempta,

158 2509 276 2567 Scilicet
290 2511 445 2580 argentum
461 2522 557 2578 grave,
574 2505 621 2562 cui
637 2506 683 2560 vix
698 2522 769 2561 sena
784 2506 901 2562 ferendo
1036 2513 1101 2569 sive
1116 2509 1317 2584 peremptricis
1333 2509 1442 2578 luctus,
1456 2527 1490 2566 ac
1504 2511 1612 2584 gaudia
1626 2512 1738 2569 turbae:

157 2599 280 2655 Dextera
294 2594 422 2653 sufficiat
436 2595 529 2663 fortis,
544 2594 592 2650 vix
607 2595 682 2651 dena
696 2594 829 2652 levando.
1035 2603 1187 2672 Tantaque
1203 2600 1238 2655 de
1249 2597 1351 2656 Tantis
1367 2598 1490 2655 orleutia
1504 2601 1659 2658 commoda
1673 2600 1800 2659 damnis.

158 2688 217 2745 Hoc
233 2685 283 2743 ubi
299 2685 468 2742 'l'ancredus
485 2688 677 2758 prospectat«
692 2685 744 2740 Pro
753 2685 860 2757 pudor!
873 2684 978 2757 inquit,
1036 2689 1113 2746 Mille
1129 2688 1235 2756 modis,
1251 2691 1280 2743 et
1295 2685 1374 2744 mille
1387 2688 1452 2756 vils,
1470 2691 1499 2745 et
1515 2687 1593 2744 mille
1608 2689 1711 2746 ruInis.

158 2777 232 2845 Quid
249 2775 304 2833 sibi
319 2774 381 2830 vult
396 2790 535 2846 praesens,
552 2790 616 2846 quer
636 2778 695 2830 stat
710 2773 847 2829 sublimis
861 2772 981 2848 imago?
1035 2779 1113 2835 Mars
1128 2776 1226 2835 fremit
1242 2794 1249 2833 ε
1267 2777 1310 2832 ira
1325 2774 1406 2845 furit,
1422 2775 1538 2850 gladius
1558 2782 1650 2848 vorat,
1667 2781 1792 2837 occubat
1805 2780 1858 2835 ho-

157 2866 231 2934 Quid
248 2864 304 2922 sibi
317 2864 381 2921 vult
395 2863 456 2919 haeo
467 2861 602 2937 effigies?
617 2861 687 2935 quid
700 2862 836 2935 gemma?
852 2863 921 2935 quid
932 2880 982 2919 au·
1453 2938 1459 2945 ⁸
1743 2867 1821 2942 [stis.

848 2952 946 3018 [ruint
1033 2956 1095 3026 Cia,
1112 2959 1211 3012 sancte
1227 2956 1316 3024 furor,
1330 2971 1413 3012 sacer
1427 2954 1516 3022 anaia,
1531 2959 1633 3011 sancta
1646 2971 1768 3029 vorago;

156 3045 230 3112 Quid
246 3043 301 3101 sibi
317 3042 380 3098 vult
394 3041 527 3098 ostrum?
541 3057 609 3096 nam
625 3039 750 3113 gemmis
764 3044 844 3097 totus
858 3045 886 3096 et
901 3046 979 3097 ostro
1034 3045 1177 3119 Spargite,
1189 3043 1361 3118 spargimini
1377 3060 1449 3117 gens
1465 3059 1562 3116 prava,
1578 3042 1632 3100 viri
1647 3042 1791 3113 scelerati,

156 3131 467 3191 Ilahumetrcdimitus
482 3134 553 3197 erat,
565 3129 698 3186 radiabat
712 3134 740 3186 et
755 3147 836 3196 auro,
995 3113 1016 3179 C
1035 3133 1193 3207 Sanguinis
1206 3132 1333 3190 Insontis
1348 3132 1438 3200 fusor,
1455 3149 1524 3188 sons
1541 3133 1660 3190 fundere
1676 3134 1798 3208 sanguis
1814 3152 1821 3191 :

119 3253 126 3266 ·
155 3223 288 3280 Forsitan
304 3221 359 3277 hoc
375 3219 534 3289 Martis,vel
548 3217 691 3292 Apollinis
706 3223 750 3275 est
767 3218 979 3275 simulacrum:
1035 3222 1088 3290 Qui
1102 3223 1250 3279 Christum
1267 3220 1419 3277 totiensin
1436 3221 1768 3289 memhrisdilacerasti

154 3311 293 3385 Nunquid
310 3309 388 3366 onim
403 3308 559 3382 Cgristus‘l
576 3325 633 3364 non
649 3307 697 3363 hic
717 3308 844 3380 insignia
859 3309 979 3374 ChrIsti,
1035 3311 1140 3385 Excipe
1155 3311 1287 3367 membra
1301 3309 1379 3365 vices
1394 3308 1445 3366 tibi
1462 3327 1536 3383 quas
1546 3311 1672 3367 reddunt
1683 3313 1769 3369 modo
1780 3314 1858 3369 Chri·

154 3403 218 3458 Non
234 3416 314 3468 crux,
332 3415 390 3454 non
404 3402 527 3464 sertum,
543 3413 600 3452 uon
625 3395 708 3463 clavi,
726 3413 782 3452 nou
809 3396 885 3452 latus
904 3397 980 3454 hau·
1761 3403 1821 3475 [sti.

832 3485 942 3558 l⁸l¹¹ffl²
1075 3504 1205 3563 CXXXII.
1221 3536 1256 3545 -
1272 3505 1350 3562 Urbis
1362 3504 1502 3577 populatio
1508 3524 1518 3572 ;
1533 3505 1618 3562 hostes
1631 3506 1697 3561 victi
1710 3508 1816 3563 animos

154 3574 608 3652 ErgoncquehieChristus,quin
621 3573 978 3647 pristinusAnIIohristus‚
1374 3576 1518 3646 colligant.

154 3666 334 3724 Itahummet
346 3680 462 3737 pravus,
479 3662 661 3718 Mahummet
676 3662 858 3734 perniciosus
875 3680 881 3719 :
1032 3671 1146 3724 Interea
1160 3664 1228 3722 belli
1244 3664 1364 3721 fremitu
1380 3669 1534 3721 maonante
1549 3680 1601 3738 per
1616 3666 1730 3734 urbem,

155 3758 177 3814 0
194 3756 217 3812 si
232 3755 322 3825 hujus
336 3751 434 3809 socius
448 3768 527 3808 nunc
540 3751 652 3820 afforet,
668 3749 718 3807 ille
733 3752 851 3808 futurus
1033 3754 1215 3812 Conveniunt
1227 3751 1296 3808 illuc
1312 3769 1363 3825 spe
1378 3752 1466 3809 cadis
1480 3752 1538 3821 hio,
1555 3752 1603 3810 ille
1617 3753 1714 3811 lucelli
1731 3772 1738 3810 :

155 3847 221 3903 Iam
235 3860 318 3900 meus
333 3841 380 3899 hic
393 3841 496 3897 ambos
522 3857 572 3913 pes
594 3840 758 3914 supprImat
772 3841 977 3900 Antichrisros.
1033 3843 1099 3900 Mox
1113 3841 1271 3900 aliosalios
1286 3840 1404 3914 rapiunt
1418 3858 1473 3897 sua
1486 3858 1634 3915 quemque
1647 3843 1791 3916 voluptas.

155 3933 230 3991 Proh
243 3931 353 4006 pudori
370 3947 436 3986 aree
451 3929 501 3985 Dei
518 3929 628 4002 potitur
642 3928 761 3986 conviva
776 3930 915 4000 barathri,
1032 3934 1107 4007 Ergo
1131 3931 1241 4003 calybs,
1259 3931 1379 3997 ferrum,
1396 3931 1511 3998 cedrus,
1527 3948 1576 3998 es,
1597 3948 1766 4005 cupressus,
1781 3933 1856 3990 elec-

155 4021 307 4094 Vernaque
322 4019 464 4084 Plutonis,
481 4018 559 4074 Deus
572 4022 616 4074 est
630 4017 710 4091 operi
724 4017 898 4077 Salomonis.
1701 4021 1819 4096 [etrum

155 4112 277 4168 Corruat
289 4125 358 4182 ergo
374 4108 460 4175 cItus,
472 4107 533 4178 jam
548 4107 659 4163 dudum
673 4113 790 4163 corruat
801 4108 871 4177 Iste;
1034 4111 1133 4167 Robur
1147 4113 1310 4183 portarum,
1325 4108 1422 4180 decor,
1438 4112 1467 4165 et
1482 4108 1752 4167 Salomoniaoarum

156 4201 256 4258 Statue
271 4198 416 4271 superbus
431 4196 527 4253 adhuc
542 4196 625 4269 quasi
641 4213 694 4252 nos
708 4212 823 4269 quoque
837 4199 980 4271 sorpserit
1033 4202 1136 4257 Fracta
1150 4202 1251 4265 ruunt,
1265 4197 1394 4254 latebras
1408 4199 1545 4271 produnt,
1562 4197 1638 4255 bello
1653 4201 1797 4273 patefiunt
1812 4219 1818 4258 :

827 4286 941 4360 [ipsein
1033 4289 1107 4358 Quid
1124 4287 1255 4344 latitasse
1269 4286 1322 4343 tihi
1339 4285 1601 4344 Christi'scelerato
1616 4293 1747 4362 negator,

154 4378 209 4434 Via
221 4377 340 4450 jussum
357 4377 460 4443 fuerat,
475 4375 575 4431 videas
586 4375 650 4447 jam
666 4378 743 4431 stare
758 4380 908 4447 peractum
1034 4377 1108 4445 Quid
1123 4377 1242 4450 prodest
1257 4374 1316 4431 divi
1331 4379 1430 4447 portas
1445 4375 1587 4433 clausisse
1601 4376 1722 4450 palatii?

154 4467 244 4523 Milite
259 4465 300 4522 nil
311 4466 397 4538 jusso
413 4463 576 4536 complente
588 4462 728 4520 libentius
743 4463 811 4520 isto.
994 4487 1018 4550 D
1033 4465 1113 4522 Mille
1125 4465 1193 4521 licet
1207 4463 1327 4521 claudas
1341 4463 1451 4532 aditus,
1467 4464 1617 4538 lateasque
1631 4466 1687 4522 sub
1701 4465 1776 4540 ipsis

155 4555 317 4629 abripitur,
333 4553 470 4625 trahitur,
487 4553 675 4626 dtrumpitur,
691 4552 892 4610 obtruncatur.
1033 4555 1113 4611 Mille
1129 4558 1227 4610 tamen
1242 4551 1361 4620 clausis,
1377 4553 1476 4609 aditus
1492 4569 1544 4625 per
1558 4553 1638 4611 mille
1650 4554 1775 4612 traheris
1791 4573 1799 4613 :

156 4644 277 4701 Materia
292 4658 404 4714 aarum,
420 4643 471 4699 sed
488 4643 581 4698 forma
594 4641 649 4697 vile
666 4640 829 4711 metallum,
1032 4645 1104 4699 Coae
1120 4643 1219 4716 fugam
1235 4640 1376 4715 probitas,
1392 4641 1516 4698 audacia
1530 4646 1617 4699 nacta
1629 4643 1784 4714 timorem;

154 4733 230 4807 Ergo
242 4732 371 4789 difflatur
386 4732 422 4787 de
434 4730 482 4786 vili
501 4732 533 4787 fit
548 4731 708 4804 preciosus.
1032 4734 1094 4798 Quo
1109 4747 1198 4803 pecus
1212 4745 1261 4786 ore
1276 4728 1339 4802 lupi
1354 4729 1444 4786 fracto
1459 4731 1638 4803 populantur
1651 4731 1729 4799 ovili,

293 4821 394 4878 CXXX.
409 4851 443 4861 -
457 4820 551 4892 Spolia
564 4819 707 4875 distribuit
719 4820 839 4878 mititiae.
1033 4822 1134 4894 Strage
1149 4819 1211 4892 pari
1227 4822 1344 4892 gentem
1359 4820 1533 4893 patefactam
1550 4818 1678 4877 Gallicus
1692 4820 1784 4890 ensis,

155 4910 279 4967 Interior
295 4908 390 4982 paries
406 4925 457 4980 per
469 4906 623 4963 circuitum
640 4907 783 4979 radiabat,
854 4978 859 4985 .
1032 4908 1122 4966 llxilis
1137 4924 1279 4964 uumerus
1294 4911 1373 4965 secat
1385 4907 1598 4966 inunmerabile
1612 4908 1731 4982 vulgus,

154 4999 273 5073 Argenti
289 4997 472 5069 lammaquae
487 4994 548 5051 lata
562 4996 621 5051 fers
636 4995 784 5065 cubitalis,
1033 4998 1084 5056 His
1095 4994 1233 5070 jugulare
1244 5013 1340 5058 senes.
1355 4996 1414 5053 illis
1429 4997 1551 5054 avellere
1567 5014 1681 5071 parvos,

155 5090 197 5147 Ad
214 5086 341 5161 spatium
357 5085 477 5157 longum
502 5084 593 5140 densa
616 5085 652 5140 ad
679 5086 762 5158 quasi
787 5087 900 5159 poIIIcIs
915 5105 978 5144 am·
1031 5085 1132 5144 MuIIIs
1145 5101 1217 5142 cura
1231 5085 1296 5153 fuit,
1312 5088 1475 5158 gemmatas
1490 5088 1594 5144 einero
1607 5104 1703 5145 aures.

838 5175 940 5250 [plum‚
1031 5178 1113 5234 Caede
1127 5179 1225 5231 tamen
1240 5174 1312 5242 visa,
1328 5174 1486 5232 casoribus
1501 5176 1619 5234 advotat
1633 5175 1720 5243 ultor,

155 5264 284 5322 Ducebat
300 5261 403 5334 longos
418 5261 538 5317 sinuosa
554 5278 606 5334 per
620 5262 693 5318 atria
707 5279 803 5337 gyros,
1032 5267 1098 5324 lllox
1121 5280 1239 5338 quoque
1261 5263 1416 5320 credendus
1440 5279 1448 5322 τ
1474 5265 1680 5323 numerosius
1702 5270 1732 5323 et
1753 5266 1858 5324 ordine

124 5348 128 5355 '
156 5352 273 5409 Pondus
288 5354 350 5406 erat
363 5348 479 5406 lamma
495 5350 579 5423 quasi
595 5355 706 5423 septem
719 5353 811 5409 millia
826 5371 949 5426 marcre;
1722 5353 1820 5429 [miles

156 5441 216 5497 lloo
226 5439 310 5513 quasi
327 5439 524 5512 segnejaoens
539 5443 569 5495 et
584 5438 687 5495 inutile
701 5442 789 5498 traxit
802 5443 831 5499 fn
847 5461 934 5500 usum
1031 5445 1128 5502 Instar
1141 5442 1178 5500 ab
1193 5440 1305 5499 occulto
1320 5440 1425 5498 conciti
1441 5443 1585 5500 examInis
1599 5447 1697 5512 antro;

156 5528 207 5587 Vir
220 5528 337 5608 sapiens
353 5544 360 5586 ι
377 5528 445 5586 hinc
459 5534 488 5586 et
502 5527 628 5588 famulos
643 5530 767 5587 armavit
781 5531 918 5601 inermos,
1030 5532 1112 5600 Quod
1126 5529 1171 5588 vel
1186 5545 1263 5603 equa
1278 5533 1388 5604 pastor,
1403 5530 1447 5588 vel
1464 5531 1545 5589 fumo
1559 5531 1638 5591 extre
1655 5531 1767 5607 mergit
