3816 6006
55 270 120 341 ’189
398 269 434 336 P.
457 269 658 337 ruueeunl
679 268 781 332 HlS'l'.
804 267 855 330 ht*
876 264 1083 331 ulunosut.
1106 264 1198 327 l'llli.
1214 296 1253 310 -
1267 263 1342 327 tle.
1363 261 1416 324 lv.
1700 257 1761 321 ran

57 410 208 484 coeperunt
218 405 349 482 iocunda
363 421 431 463 voca
446 404 588 462 clamare:
606 404 620 454 i
632 398 852 460 Deusboevult.
863 420 878 451 a
894 407 923 476 Α
936 399 1045 473 pariter
1058 397 1242 471 uusquisque
1257 396 1293 453 ad
1308 411 1392 452 suam
1404 397 1566 468 portam,et
1578 392 1761 453 intraverunt
1860 399 1863 404 ’

56 499 117 556 Nos
131 515 197 554 vero
211 495 348 553 similiter
363 495 544 552 dicebamus.
559 493 593 549 Et
603 494 754 565 coeperunt
764 488 884 545 mirabi·
939 489 969 544 in
980 488 1136 557 civitatem,
1152 489 1182 543 et
1197 485 1405 542 interfecerunt
1419 484 1530 540 ‘lurcos
1544 486 1573 540 et
1587 485 1761 544 Sarracenos

56 586 125 642 liter
139 584 277 641 continuo
293 584 459 651 ascendere,
471 587 500 638 et
514 581 709 639 ascenderunt
721 579 883 644 inmunem,
940 594 1014 650 quos
1028 575 1069 633 ibi
1085 573 1318 649 repererunt,qui
1334 575 1541 630 lueruutextra
1557 574 1763 632 castrumAlii

55 679 85 731 et
99 676 293 730 cucurrerunt
308 671 481 728 festinanter
495 671 531 726 ad
547 669 619 726 alies
634 674 739 724 turres.
750 670 886 738 Quosque
939 683 1005 722 vero
1021 683 1055 721 ex
1070 664 1215 721 militibus
1227 664 1389 719 'lurcorum
1404 661 1537 717 exierunt
1550 666 1660 734 portas,
1672 667 1701 719 et
1715 663 1763 719 fu-

55 762 117 819 illic
132 759 485 829 inveniebant,mortalem
496 759 538 816 eis
550 758 689 815 continuo
700 757 809 813 dabant
819 773 885 812 sen·
939 755 1051 828 gientes
1067 757 1221 811 evaserunt
1235 751 1302 808 vivi.

54 854 193 919 tentiam;
211 850 329 906 tratrem
345 865 461 922 quoque
476 848 556 921 Pyrri
579 848 758 903 occiderunt.
774 846 887 901 Interea
940 847 976 902 lte
990 853 1076 902 morte
1086 844 1219 909 Cassiani,
1230 843 1362 916 quomodo
1373 843 1530 915 interfectam
1548 849 1588 898 est
1598 859 1615 898 a
1625 841 1763 900 Surianrssv.
1869 886 1879 903 .

56 940 131 996 torte
146 943 232 1011 rupta
246 943 291 994 est
305 937 395 1001 scala,
411 955 446 993 ex
461 954 518 1008 qun
534 941 633 992 noster
648 940 711 991 erat
725 949 885 1001 ascensus3
976 933 1208 991 Cassianusvero
1218 929 1765 1004 domiuusillorumoxpavescensvalde

56 1029 137 1084 uude
150 1027 227 1083 inter
243 1043 297 1082 nos
312 1030 356 1082 est
371 1031 433 1082 orta
448 1025 594 1082 immensa
609 1023 757 1098 augustia,
768 1021 888 1080 sivetri·
940 1029 1057 1097 gentem
1067 1021 1339 1087 Francorumdedit
1350 1038 1381 1078 se
1390 1021 1509 1078 omnino
1521 1022 1595 1094 luge
1610 1038 1677 1078 cum
1692 1020 1766 1077 mul-

56 1116 148 1174 stitia.
165 1120 194 1172 et
208 1115 360 1171 confestim
377 1115 488 1171 luimus
502 1130 605 1170 omnes
620 1113 775 1185 stupefacti
791 1128 823 1169 ac
839 1111 888 1166 do·
940 1112 979 1169 tis
994 1111 1061 1168 aliis
1076 1111 1125 1184 qui
1141 1115 1223 1167 erant
1238 1127 1305 1166 cum
1322 1127 1366 1176 en,
1382 1113 1410 1166 et
1431 1109 1569 1183 fugiendo
1589 1110 1720 1183 pervenit
1734 1108 1765 1166 in

55 1205 162 1262 lentes.
172 1206 346 1277 Quanquam
362 1202 466 1260 suisset
482 1204 573 1260 tracta
589 1201 678 1270 scala,
694 1206 793 1258 tamen
808 1218 887 1273 que·
941 1200 1082 1258 Tancredi
1099 1204 1218 1267 terram,
1234 1217 1293 1256 non
1314 1198 1400 1273 louge
1414 1216 1431 1254 a
1445 1198 1568 1255 civitate.
1584 1197 1766 1273 Fatigatique

56 1294 127 1350 dam
144 1297 229 1366 porta
244 1296 307 1349 erut
318 1293 403 1365 juxta
417 1309 472 1348 uns
495 1291 596 1347 clausa
610 1291 640 1346 in
661 1289 782 1346 sinistra
795 1293 888 1362 parte,
941 1287 1257 1362 erantequieorum‚et
1267 1288 1485 1345 miseruntsein
1499 1288 1646 1360 quoddam
1657 1287 1763 1357 casale,

56 1400 122 1457 ques
138 1381 320 1455 quibusdam
346 1382 483 1437 manebat
506 1379 667 1452 incognita,
689 1396 745 1435 nox
760 1394 888 1451 namque
941 1383 969 1436 et
983 1379 1164 1435 intraverunt
1180 1378 1210 1434 in
1234 1379 1393 1452 quamdam
1410 1379 1542 1435 domum.
1563 1377 1766 1451 cognoverunt

56 1471 192 1529 erat.Sed
207 1474 306 1527 tamen
322 1469 507 1542 inquirendo,
522 1473 551 1525 et
566 1467 723 1542 palpando,
735 1473 765 1524 et
776 1467 888 1525 subtili·
942 1484 1010 1541 ergo
1021 1484 1089 1524 eum
1101 1466 1280 1524 habitatores
1290 1472 1372 1524 terrea
1381 1466 1461 1524 illius
1472 1471 1643 1533 montanee,
1655 1465 1766 1523 scilicet

56 1566 101 1616 ter
111 1559 291 1632 inquirondo
305 1559 355 1615 ubi
372 1559 436 1631 ipsa
451 1556 570 1624 latebat,
587 1574 688 1613 omncs
704 1556 888 1613 cucurrimus
942 1554 1058 1613 suriani
1074 1561 1103 1613 et
1117 1556 1263 1612 Hermenii
1277 1575 1283 1625 ;
1295 1555 1448 1612 confestim
1465 1556 1719 1630 apprehenderunt
1735 1554 1767 1610 il-

56 1648 95 1705 ad
109 1665 188 1715 eam,
203 1648 326 1720 ipsaque
342 1647 433 1703 tracta
448 1645 624 1702 intravimus
639 1663 691 1718 per
715 1644 807 1701 illam.
822 1645 888 1701 lam
943 1645 1016 1709 lum,
1033 1646 1061 1700 et
1075 1644 1243 1701 ceciderunt
1258 1649 1346 1717 caput
1360 1645 1435 1717 ejus,
1459 1650 1488 1702 et
1510 1644 1680 1701 obtulerunt
1692 1643 1765 1700 illud

57 1735 284 1793 innumerabilis
297 1736 396 1809 fragor
406 1734 581 1791 mirabiliter
592 1734 747 1790 resonabat
762 1751 813 1806 per
823 1733 888 1788 uni·
945 1734 1013 1786 aute
1027 1731 1190 1787 Boamundi
1204 1732 1400 1804 presentiam,
1412 1737 1446 1789 ut
1456 1736 1639 1789 mererentur
1651 1732 1766 1788 liberta-

56 1843 174 1882 versam
190 1824 348 1881 civitatem.
364 1824 427 1880 Nou
446 1821 591 1895 acquievit
605 1822 664 1879 illio
680 1822 882 1888 Boamuudus‚
903 1783 926 1849 B
948 1824 1005 1875 lem
1029 1819 1153 1892 perlecta
1184 1820 1321 1893 recipcre.
1345 1821 1482 1877 baltheus
1506 1839 1623 1895 quoque
1648 1822 1722 1893 ejus,
1739 1823 1767 1876 et

57 1913 214 1987 imperavit
225 1912 395 1969 honorabile
402 1911 652 1968 vexillumdelerri
662 1927 781 1967 sursum
791 1926 889 1965 coram
944 1908 1041 1982 gaina,
1053 1908 1082 1963 id
1098 1909 1264 1983 estvugina,
1276 1908 1394 1966 luerunt
1405 1911 1559 1984 appretiati
1572 1929 1605 1966 ax
1615 1911 1765 1983 bysantos.

58 2001 192 2072 castello,
208 2001 237 2057 in
254 2002 382 2075 quodam
397 2004 505 2056 monte.
520 1999 627 2055 Omnes
642 2015 710 2073 ergo
722 1998 830 2072 pariter
844 1999 889 2054 ni·
944 1998 1052 2055 Omnes
1065 2014 1132 2054 vero
1149 1998 1248 2071 platee
1264 1997 1390 2055 civitatis
1395 1999 1457 2071 jam
1470 1999 1599 2072 undique
1610 1999 1701 2071 plene
1712 2001 1768 2054 sta-

59 2092 118 2148 mis
135 2090 298 2148 incivitate
315 2089 490 2147 stridebant.
508 2089 630 2145 Summo
645 2094 745 2144 autem
762 2084 889 2144 diluculo
944 2087 1016 2143 bunt
1027 2085 1217 2143 cadaveribus
1228 2090 1422 2154 mortuorum,
1432 2087 1472 2144 ita
1483 2093 1516 2143 ut
1530 2105 1615 2144 nemo
1631 2086 1676 2143 vix
1693 2091 1769 2160 pote·

59 2181 215 2237 audientes
229 2177 273 2234 illi
289 2178 340 2251 qui
355 2177 425 2234 soris
441 2182 524 2234 erant
539 2178 574 2233 ad
592 2176 726 2244 tentoria,
739 2176 891 2233 vehemeu-
945 2180 990 2232 rat
1005 2175 1046 2231 ire
1057 2192 1108 2247 per
1115 2175 1235 2231 semitas
1247 2174 1381 2242 civitatis,
1389 2175 1445 2231 uisi
1456 2176 1595 2232 cadavera
1605 2176 1767 2232 'lurcorum

59 2268 209 2326 tissimum
229 2284 377 2323 rumorem
390 2271 518 2339 strepere
528 2283 579 2338 per
591 2265 748 2332 civitatem,
759 2264 892 2322 exierunt
944 2263 1094 2321 calcando.
1110 2264 1175 2320 Herc
1190 2263 1289 2321 omnia
1299 2268 1382 2338 gesta
1397 2269 1467 2321 sunt
1478 2265 1564 2321 tertia
1579 2264 1625 2322 die
1639 2265 1768 2321 intrante

60 2358 246 2424 testinantes,
275 2362 304 2412 et
319 2355 454 2411 viderunt
479 2353 681 2411 Boamuudum
706 2371 840 2410 seorsum
860 2353 890 2409 in
946 2370 1046 2410 mense
1060 2352 1140 2410 Junii
1153 2353 1182 2408 in
1199 2352 1246 2409 die
1255 2352 1345 2410 lovis.
1367 2353 1673 2411 Undcsitbenedictus
1694 2359 1782 2421 Deus¹

60 2453 171 2503 mente.
181 2445 275 2502 Celeri
285 2448 477 2502 cueurrerunt
488 2461 590 2500 omnes
604 2447 741 2511 cursu,et
750 2446 892 2499 venerunt
945 2459 997 2516 per
1011 2445 1116 2498 cuncta
1130 2440 1236 2498 secula
1250 2442 1434 2511 seculorum,
1449 2459 1545 2500 umen.

561 2764 765 2890 INCIBIT
795 2764 955 2850 LIBER
986 2763 1273 2876 QUARTUS.

101 2959 247 3019 Curbalan
265 2963 362 3015 autem
373 2959 509 3032 princeps
520 2957 629 3014 militie
644 2957 764 3016 Soldaui
775 2958 889 3027 Persis,
906 2958 927 3026 C
947 2961 1093 3031 quatenus
1110 2958 1182 3013 mihi
1191 2974 1356 3029 succurras,
1367 2958 1507 3031 quoniam
1527 2962 1630 3018 Franci
1642 2963 1772 3037 undique

64 3053 138 3109 dum
155 3049 252 3107 adhuc
267 3052 312 3104 est
337 3050 531 3103 corrozanum
555 3047 711 3104 Cassianus
727 3046 892 3120 praedictus,
948 3046 1085 3103 obsident
1100 3063 1145 3102 me
1161 3046 1190 3101 in
1201 3046 1380 3105 Antiocheno
1395 3048 1512 3121 oppido,
1526 3049 1732 3124 civitatemque
1742 3052 1772 3109 iu

63 3138 227 3199 Antiochiae
237 3136 413 3211 legationem
426 3136 589 3206 eimiserat,
601 3154 659 3209 quo
676 3138 732 3194 sibi
743 3153 895 3194 succurre·
948 3152 1001 3192 suo
1017 3139 1119 3192 tenent
1134 3134 1266 3208 imperio,
1283 3152 1395 3209 nosque
1409 3135 1536 3195 alienare
1551 3156 1568 3196 a
1584 3140 1700 3214 regione
1716 3141 1772 3198 llo·

64 3234 111 3287 ret
126 3229 330 3301 inopportuno
341 3232 484 3299 tempore,
496 3226 635 3298 quoniam
648 3235 720 3300 ge'ns
735 3225 896 3282 fortissima
949 3224 1064 3292 maniae,
1080 3225 1141 3280 rive
1156 3224 1254 3297 Syrie,
1281 3225 1377 3282 adbuc
1393 3229 1490 3283 autem
1509 3232 1537 3284 et
1552 3228 1705 3286 Corrozani
1719 3231 1772 3287 de·

66 3323 159 3391 atque
168 3314 374 3373 robustissima
386 3316 560 3370 Francorum
569 3332 636 3371 eum
648 3315 822 3387 impeditum
833 3330 897 3388 gra·
950 3318 1083 3387 poscunt.
1093 3313 1198 3370 Omnia
1208 3330 1275 3370 vero
1287 3315 1480 3386 quaeeupiunt
1488 3321 1647 3388 patravere,
1659 3323 1771 3392 patrem

64 3408 143 3465 viter
158 3404 310 3462 obsidebat
318 3403 489 3473 Antiochiae,
500 3407 530 3460 et
543 3404 567 3460 si
583 3404 761 3477 adjutorium
774 3403 897 3460 fideliter
950 3418 1067 3475 quoque
1081 3402 1251 3459 occiderunt
1265 3420 1374 3472 meum,
1390 3408 1419 3460 et
1432 3405 1504 3461 nihil
1520 3405 1598 3463 atiud
1614 3412 1659 3464 est
1674 3425 1773 3482 super,

67 3495 261 3569 impenderet,
279 3492 460 3549 Antiochiam
474 3492 619 3549 civitatem
636 3493 665 3548 in
682 3493 744 3550 suis
759 3493 897 3549 manibus
952 3491 1008 3547 nisi
1024 3495 1056 3546 ut
1071 3508 1117 3548 me
1131 3495 1206 3556 cite,
1219 3508 1379 3564 omnesque
1390 3510 1540 3567 exgenere
1554 3501 1654 3553 nostro
1665 3496 1776 3554 interti-

67 3583 210 3641 continun
226 3582 362 3649 traderet,
374 3587 424 3637 aut
434 3598 501 3636 eum
511 3581 617 3638 ditaret
627 3583 753 3638 maximo
765 3598 896 3637 munere.
952 3580 1031 3636 ciant
1045 3579 1153 3653 gladio.
1166 3581 1224 3654 Ego
1240 3598 1306 3636 vcro
1317 3581 1493 3653 jamdudum
1505 3590 1589 3641 tuum
1600 3585 1725 3643 fideliter
1733 3604 1780 3644 ex·

68 3678 202 3744 Cumque
209 3671 273 3743 jam
284 3670 435 3726 habuisset
446 3670 606 3726 marimum
618 3670 776 3726 exereitum
790 3673 898 3728 Turco-
953 3669 1078 3741 spectavi
1090 3669 1366 3735 adventum‚utrum
1384 3671 1456 3726 mihi
1468 3675 1779 3748 succurrasiuhocpe·

69 3778 138 3819 rum
152 3778 188 3816 ex
202 3759 288 3832 longo
303 3758 457 3815 collectum
473 3764 645 3833 temporc‚et
659 3759 807 3815 licentiam
817 3759 900 3815 Chri·
954 3757 1057 3814 riculo.
1068 3781 1082 3807 »
1095 3758 1146 3813 Cui
1157 3758 1301 3814 Curbalau
1313 3761 1504 3832 respondeus,
1513 3761 1570 3817 ait:
1583 3785 1596 3813 «
1609 3764 1638 3820 Si
1648 3764 1691 3820 vis
1702 3765 1779 3838 quod

71 3852 186 3908 stiauos
199 3849 349 3906 occidendi
367 3849 527 3921 accepisset
541 3867 557 3905 u
570 3848 690 3922 calipha
703 3849 819 3905 illorum
831 3866 900 3921 apo·
955 3865 990 3904 es
1002 3847 1157 3903 totocorde
1173 3847 1202 3901 in
1213 3852 1263 3904 tuo
1279 3847 1335 3903 sim
1346 3850 1603 3923 prolicuo,tibique
1614 3853 1739 3910 fideliter
1751 3853 1781 3909 in

72 3939 187 4006 statice,
215 3937 292 3994 illico
308 3936 456 3993 inchoavit
480 3938 535 3993 iter
557 3937 649 4010 louge
665 3936 716 3992 vie
731 3937 900 3994 Antiochiae.
955 3937 1012 3992 isto
1028 3951 1182 3992 succuram
1198 3936 1337 4008 periculo,
1357 3937 1429 3995 illud
1453 3938 1483 3995 in
1499 3956 1564 3995 mea
1588 3940 1670 4013 prius
1692 3958 1782 3999 manu

73 4026 360 4100 Hierosolymitanus
373 4025 564 4082 Ammiralius
588 4042 655 4082 cum
675 4042 708 4082 eo
723 4030 752 4081 et
766 4043 832 4082 cum
849 4042 903 4082 sun
956 4024 1038 4081 trade
1055 4023 1208 4096 oppidum,
1222 4028 1251 4080 et
1263 4029 1333 4081 tunc
1347 4026 1459 4084 videbis
1483 4027 1609 4100 qualiter
1622 4047 1670 4087 ero
1687 4029 1717 4086 in
1732 4035 1783 4088 tuo

73 4115 202 4173 exercitu
219 4114 284 4170 suit.
299 4115 417 4187 Resque
430 4112 617 4186 Damasciribi
633 4112 827 4169 advenitcum
842 4128 904 4168 ma·
959 4114 1098 4187 proficuo,
1115 4110 1203 4185 idque
1218 4111 1338 4187 vigilare
1357 4115 1461 4172 luciam
1482 4116 1555 4173 meis
1570 4118 1750 4177 hominibus.
1768 4143 1783 4171 n

72 4206 155 4262 xima
169 4208 265 4278 gente.
285 4203 381 4259 isdem
397 4219 462 4258 vero
487 4202 672 4276 congregavit
692 4201 819 4258 exomni
835 4218 905 4274 par·
957 4203 1006 4258 Ait
1021 4217 1137 4274 quoque
1152 4201 1329 4258 Sancedola:
1346 4226 1361 4253 o
1378 4204 1406 4259 Si
1428 4208 1510 4277 potes
1533 4223 1635 4264 omnes
1657 4208 1784 4267 Francos

74 4299 104 4351 te
118 4291 479 4367 paganoruminnumeras
489 4289 906 4364 gentes,videlicet'lurcoa‚et
959 4290 1100 4356 occidere,
1117 4291 1342 4355 etdetruncare,
1367 4292 1498 4365 mihique
1513 4295 1610 4368 capita
1629 4296 1785 4371 diligenter

74 4382 197 4448 Arabes,
213 4385 241 4437 el
256 4380 444 4450 Sarracenos,
463 4383 492 4434 et
505 4379 689 4449 Publicanos,
713 4384 741 4435 et
755 4379 904 4448 Azimitas,
960 4378 1084 4446 tradere,
1101 4394 1154 4453 ego
1165 4378 1327 4450 predictum
1341 4378 1394 4436 tihi
1406 4381 1480 4438 dabo
1495 4382 1781 4457 ssdeliteroppidum‚

75 4472 114 4528 Et
128 4473 243 4539 curtos,
264 4473 292 4524 el
308 4469 420 4535 Persas,
446 4472 474 4523 et
497 4467 655 4541 Agulanos,
667 4473 695 4524 et
710 4467 783 4524 alias
799 4467 907 4524 multas
961 4473 989 4524 et
1003 4468 1109 4524 deinde
1124 4484 1173 4524 ero
1188 4466 1240 4523 tibi
1251 4472 1320 4525 tuus
1331 4468 1556 4541 etlectushomo,
1572 4477 1601 4528 et
1613 4473 1643 4529 in
1656 4477 1705 4529 tua
1716 4474 1785 4530 tide-

76 4556 445 4634 gentesquosnomiuare,
457 4561 508 4612 aut
522 4574 676 4613 numerere
687 4572 772 4612 nemo
784 4558 906 4629 poterat.
961 4556 1043 4613 litate
1066 4556 1121 4612 hoe
1152 4556 1315 4613 custodiam
1348 4559 1499 4631 oppidum.
1531 4582 1545 4608 υ
1568 4561 1618 4617 cui
1639 4561 1785 4619 curbalan

77 4650 116 4707 nt
130 4646 256 4722 Agulani
270 4647 389 4703 suerunt
404 4661 526 4701 numero
549 4646 606 4701 tria
629 4644 719 4700 milia,
740 4643 798 4717 lpsi
814 4660 908 4716 neque
963 4646 1023 4702 ait:
1041 4668 1055 4696 «ι
1070 4646 1133 4701 Non
1151 4645 1191 4700 ita
1206 4645 1263 4701 erit
1278 4649 1310 4701 ut
1335 4653 1365 4701 tu
1381 4652 1468 4720 putas
1492 4653 1581 4721 atque
1596 4650 1718 4725 cogitas,
1734 4652 1785 4708 sed

77 4736 311 4808 innocuamque
322 4734 474 4791 ullaarma
486 4733 909 4806 timebanl,quiaomneserant
963 4733 1113 4791 committe
1129 4751 1159 4806 in
1176 4751 1240 4790 mea
1254 4751 1344 4791 manu
1360 4741 1491 4792 castrum
1508 4736 1591 4796 iilud.
1604 4763 1619 4790 «
1635 4739 1789 4797 Commisit

80 4825 209 4899 cooperti
219 4825 295 4881 ferro
306 4824 448 4896 undique,
461 4827 489 4879 el
499 4823 566 4895 equi
577 4839 690 4880 eorum.
703 4822 817 4894 ipsique
829 4820 908 4877 nole·
963 4828 1071 4890 tamen,
1080 4820 1193 4889 nolens,
1203 4821 1677 4890 volens,eiilticocustrum.'lertia
1690 4831 1788 4885 autem

80 4916 155 4972 baut
169 4913 199 4970 in
211 4912 320 4970 bellum
337 4912 411 4968 serre
427 4910 577 4980 arma,nisi
589 4911 773 4968 solummodo
784 4909 908 4984 gladios.
967 4912 1013 4986 die
1028 4915 1184 4984 postquam
1195 4911 1341 4969 civitatem
1351 4913 1733 4988 intravimus‚preeurseres
1744 4933 1790 4974 ee·

81 5002 134 5060 Isti
149 5018 252 5058 omnes
266 5005 407 5057 venerunt
422 5000 451 5055 iu
462 4999 630 5056 obsessione
644 4999 802 5055 Antiochia
819 4999 854 5054 ad
866 4998 912 5054 di·
967 5018 1032 5056 rum
1048 4998 1264 5057 antecivitatem
1275 5005 1692 5074 precucurrerunt.Exercilus
1708 5023 1792 5063 nam·

81 5091 281 5166 spargendum
293 5091 470 5147 Francorum
492 5088 658 5162 collegium.
675 5089 709 5144 Et
720 5104 786 5144 cum
807 5105 911 5160 uppre·
967 5106 1023 5161 que
1037 5088 1153 5145 illorum
1170 5090 1206 5145 ad
1221 5089 1490 5148 Pontem-Ferreum
1501 5096 1790 5166 castrametatusest,

82 5181 280 5255 pinquassent
294 5179 415 5243 civitati,
425 5177 505 5235 venit
515 5178 628 5234 obvium
644 5177 686 5233 eis
703 5177 912 5233 Sanzedonali-
967 5184 995 5234 et
1004 5183 1242 5250 expugnaverunt
1253 5184 1361 5236 turrem
1372 5181 1468 5248 Tucci,
1480 5182 1792 5242 etoccideruntomues

80 5269 142 5327 lius
158 5268 292 5325 Cassiani
306 5266 648 5333 AmmiraliiAntiochiae,
665 5271 693 5321 et
709 5266 846 5322 continuo
861 5282 912 5322 cu·
967 5283 1040 5339 quos
1056 5266 1115 5321 illie
1129 5265 1312 5341 invenerunt,
1328 5275 1356 5324 et
1371 5287 1456 5327 nemo
1466 5270 1557 5328 evasit
1571 5272 1663 5340 vivus,
1676 5273 1793 5331 nisido-

82 5357 179 5415 currit
193 5358 230 5414 ad
247 5357 403 5428 curbalan,
426 5355 653 5430 lacrymabiliter
669 5371 774 5428 rogans
790 5371 867 5422 eum,
885 5359 913 5410 ot
967 5356 1066 5411 minus
1082 5353 1211 5423 illorum,
1228 5374 1315 5428 quem
1332 5363 1433 5431 postea
1449 5359 1572 5434 ligatum
1589 5361 1752 5435 reperimus
1763 5363 1792 5419 in

84 5447 177 5504 dixit:
197 5470 212 5498 «ι
228 5446 251 5503 0
269 5446 461 5503 invictissime
475 5445 621 5519 princeps,
633 5450 660 5501 tc
672 5445 844 5516 suppliciter
862 5445 912 5501 de·
967 5444 1093 5500 vinculis
1106 5444 1216 5509 terreis,
1233 5447 1317 5514 lucto,
1335 5449 1445 5520 majore
1460 5450 1535 5507 bello
1550 5451 1580 5506 in
1605 5450 1704 5526 vigilia
1718 5451 1795 5509 beati

83 5554 200 5612 precor,
218 5542 299 5595 tuam
316 5535 422 5593 humili
438 5534 587 5593 devotione
607 5534 792 5607 prudentiam
807 5534 911 5606 rogito,
967 5532 1101 5607 apostoli.
1118 5532 1252 5592 Crastina
1267 5539 1366 5595 aulem
1380 5538 1427 5595 die
1437 5543 1516 5597 moto
1526 5540 1653 5599 exercitu
1665 5558 1795 5617 pagano·
