3816 6006
98 246 177 315 {083

426 382 542 440 CAPUT
561 383 591 438 X.

99 484 183 539 toea
205 475 376 535 Ascensionis
399 474 511 530 Domini
530 475 561 528 in
584 480 674 529 monte
697 472 805 537 oliveti,
830 473 921 544 sepui-

133 568 210 608 crunt
232 553 261 606 S.
287 547 382 603 itariae
406 547 455 602 Dei
477 546 618 615 genitricis
642 546 670 599 in
696 545 766 600 ruite
783 545 921 617 iositphut,

134 627 189 680 eta.

132 748 259 805 Ventum
275 747 319 800 est
335 744 370 799 ad
386 741 584 815 impletionem
605 740 677 796 sexti
693 739 878 806 sacramenti,
894 744 922 795 ct

98 837 273 897 solutionem
288 833 360 890 sexti
386 830 485 904 sigilli,
502 847 589 900 quam
607 830 732 884 dicimus
747 845 799 900 per
812 830 921 884 Ascon-

98 928 209 985 sicnem
225 923 338 981 Domini
358 920 448 977 nostri
464 920 534 975 iesu
551 919 658 974 Christi
671 919 699 974 in
713 916 920 974 monteaureo

96 1032 161 1074 esse
176 1016 419 1071 consummatam.
432 1009 462 1064 ln
478 1025 511 1063 eo
527 1008 713 1064 rtscensionis
728 1007 800 1074 loco,
818 1024 922 1079 nempe

96 1107 126 1163 in
143 1108 240 1161 monte
257 1099 357 1158 Oliveti
373 1100 459 1155 hodie
474 1102 568 1155 exstat
579 1096 863 1170 magnaecctesia,in
874 1113 922 1151 cu-

92 1197 144 1269 jus
158 1191 265 1257 medio,
288 1195 393 1262 magno
416 1188 558 1244 toramine
574 1187 701 1259 quodam
718 1190 827 1258 aperto,
845 1185 921 1241 desi-

95 1288 202 1359 gnatur
223 1279 305 1336 locus
328 1275 515 1334 Ascensionis
535 1274 704 1340 Dominicis,
720 1291 754 1329 ox
778 1291 835 1346 quo
860 1272 921 1328 loeo

95 1369 249 1444 discipulis
265 1368 326 1425 suis
343 1366 468 1438 aliisque
481 1364 551 1421 viris
566 1362 699 1430 Galilaeis,
710 1379 844 1418 unacum
861 1379 921 1417 ma-

95 1465 139 1518 tre
149 1456 451 1531 sua,praesentibuset
459 1450 922 1519 admirantibus,incoelumnube

95 1549 196 1622 bajula
210 1551 255 1605 est
269 1546 406 1612 elevatus,
424 1543 574 1617 premisso
597 1543 632 1597 ad
658 1540 818 1613 discipulos
838 1558 922 1595 man-

352 249 404 314 tu
426 247 685 315 consuetuod
705 248 874 313 arendo.
896 247 1161 316 11.-Mouonl.
1184 250 1235 314 DE
1259 191 1382 317 ontio
1405 251 1541 318 SAGRO.

1702 235 1804 318 'root

935 385 961 451 Α
978 383 1079 458 pulcro
1094 401 1200 458 corpus
1215 385 1390 443 beatissima
1400 385 1529 461 Virginis
1541 405 1598 444 non
1613 386 1742 464 amplius
1757 393 1804 447 est

976 477 1133 546 repertum.
1151 475 1231 531 Unde
1247 474 1293 549 pic
1308 477 1437 532 creditur
1452 494 1509 533 non
1526 480 1641 534 tantum
1659 477 1802 547 animam,

976 564 1026 619 sed
1041 563 1129 619 etiam
1145 581 1250 638 corpus
1266 566 1329 638 ejus
1341 583 1357 620 a
1369 564 1472 622 dilecto
1489 564 1559 621 Filio
1574 565 1643 621 lesu
1661 583 1728 622 cum
1744 566 1805 641 glo·

976 651 1135 709 rifioatione
1151 653 1241 709 inisse
1251 659 1449 726 assumptum.
1459 655 1540 721 Quod
1551 659 1648 711 tamen
1663 655 1804 731 Hierony·

976 757 1043 796 mus
1059 742 1338 814 potiushaesitando,
1358 759 1444 815 auam
1461 744 1616 800 asserendo
1631 743 1748 800 videtur
1762 746 1806 800 in-

976 846 1065 886 nuere
1081 831 1110 885 in
1132 829 1183 886 illa
1206 830 1350 904 epistola:
1369 832 1470 902 Capitis
1494 850 1548 900 me,
1564 849 1579 889 o
1593 833 1682 888 Ponto
1705 842 1733 890 et
1751 834 1806 889 liu-

974 919 1116 987 sarlium,
1134 924 1188 976 etc.
1206 921 1352 994 Quidquid
1369 926 1467 976 autom
1482 923 1518 977 do
1533 921 1587 977 hoc
1610 920 1658 987 sit,
1674 939 1729 977 nos
1742 939 1805 979 cre-

976 1007 1074 1064 dimus
1090 1009 1205 1065 beatam
1221 1009 1361 1083 virginem
1378 1011 1511 1078 illariam,
1528 1026 1563 1065 ex
1577 1010 1631 1066 hoo
1647 1009 1709 1067 solo
1725 1013 1804 1084 quod

976 1098 1082 1153 meruit
1095 1114 1182 1153 suum
1199 1103 1314 1170 portare
1331 1099 1506 1168 Creatorem,
1520 1098 1639 1172 dignam
1652 1099 1712 1156 iore
1723 1101 1805 1156 omni

976 1185 1084 1242 honore
1100 1190 1128 1242 et
1144 1187 1355 1244 lieatificatione
1372 1205 1429 1243 non
1446 1193 1561 1243 tantum
1576 1187 1606 1245 in
1623 1188 1733 1256 anima,
1751 1189 1801 1244 sed

975 1279 1004 1331 et
1019 1276 1047 1331 in
1062 1293 1180 1348 corpore
1198 1293 1203 1330 :
1221 1276 1370 1332 etlilium
1388 1294 1475 1334 suum
1492 1293 1607 1332 summe
1627 1277 1657 1332 in
1679 1276 1803 1332 hieriam

976 1362 1158 1435 benevolum,
1176 1382 1350 1438 summoque
1369 1370 1516 1439 potentem
1533 1365 1561 1421 id
1577 1363 1649 1422 velle
1664 1369 1693 1422 et
1707 1383 1804 1438 posse.

1012 1454 1150 1512 Caeterum
1167 1455 1328 1511 honoratur
1342 1460 1371 1511 et
1390 1459 1544 1513 veneratur
1566 1454 1628 1511 hac
1653 1453 1806 1510 sanctissi-

976 1558 1025 1598 ma
1040 1542 1191 1615 sepultura
1206 1545 1242 1599 ad
1254 1543 1479 1600 similitudinem
1491 1543 1733 1611 honorificentie,
1743 1560 1805 1617 qua

96 1640 174 1705 dato,
197 1654 235 1694 ne
259 1636 295 1691 ab
317 1632 507 1705 ierosolymis
531 1632 723 1698 discederent,
749 1630 921 1702 priusquam
976 1630 1072 1686 dilecti
1087 1631 1149 1688 Filii
1160 1634 1224 1705 ejus
1234 1633 1367 1705 sepulcro
1377 1633 1539 1689 exhibetur.
1550 1632 1580 1688 ln
1593 1631 1714 1689 introitu
1726 1634 1806 1705 ejus-

96 1727 238 1802 Spiritum
253 1722 433 1781 Paracletum
448 1739 465 1776 a
480 1720 561 1776 Patre
578 1720 755 1793 promissum
771 1719 807 1774 ad
821 1718 920 1791 plena·
938 1759 960 1823 B
978 1721 1043 1776 dem
1059 1727 1165 1794 cryptis
1182 1722 1249 1778 talis
1265 1723 1380 1795 pictura
1394 1726 1422 1779 et
1437 1723 1583 1795 scriptura
1598 1721 1730 1778 cernitur
1745 1739 1752 1776 ε

96 1817 170 1874 riam
186 1815 232 1873 sui
259 1811 500 1869 confortationem
525 1810 715 1881 accepissant.
734 1808 814 1875 Quod
834 1812 862 1864 et
877 1808 917 1863 ia·
1023 1836 1141 1886 daretne
1154 1838 1212 1886 vim
1227 1839 1365 1887 Dominum
1381 1837 1489 1886 leuiore
1504 1837 1596 1898 venne,

96 1912 176 1965 olum
201 1908 246 1961 est
271 1902 384 1958 decime
407 1899 443 1955 ab
466 1898 653 1966 Ascensione,
677 1897 923 1970 quinquagesima
1023 1899 1071 1946 Per
1082 1914 1158 1963 quarn
1174 1901 1227 1949 citu
1240 1900 1329 1960 datur,
1344 1900 1485 1964 mundique
1498 1899 1568 1948 sulus
1580 1901 1729 1964 reparatur.

96 2013 162 2053 vero
178 2012 195 2050 a
209 1989 431 2049 Resurrectione
454 1987 568 2045 Domini
591 1988 649 2054 die,
673 1985 807 2042 videlieet
831 1986 859 2041 in
876 1985 922 2042 die
1012 2001 1192 2059 Monstrapur
1208 2009 1305 2063 ,utem
1320 2005 1487 2077 sepulcrum
1498 2001 1681 2076 ejumtipsi
1698 2020 1753 2060 noa
1767 2003 1806 2063 vi·

98 2085 294 2148 Pentecostes,
310 2077 465 2150 discipulis
481 2077 511 2132 in
527 2077 654 2149 quodam
676 2075 814 2142 conclavi,
831 2076 881 2131 ubi
894 2080 922 2131 et
977 2091 1086 2160 dimus,
1097 2110 1190 2165 usque
1206 2093 1235 2148 jn
1252 2099 1369 2166 tempus
1383 2110 1512 2166 praeseng
1528 2093 1557 2148 jn
1568 2090 1804 2165 valleJosaphap,

97 2173 230 2230 Christus
244 2169 386 2226 Dominus
402 2170 500 2223 noster
518 2163 652 2222 ultimam
675 2181 786 2221 omnam
809 2163 920 2231 habuit,
976 2179 1006 2236 in
1023 2182 1118 2237 medio
1133 2182 1197 2253 ejus
1210 2181 1338 2237 000105133
1355 2199 1417 2255 quae
1434 2182 1470 2238 ad
1493 2183 1558 2254 ejus
1582 2179 1725 2237 honorem
1750 2180 1805 2237 ibi.

97 2263 127 2320 in
143 2265 242 2317 m⁰¹¹i0
260 2258 329 2315 Sl⁰¹¹
352 2253 582 2325 remanentibus,
597 2259 625 2311 θῑ
648 2253 846 2326 imPlelionem
863 2252 922 2308 dall
977 2270 1043 2325 dem
1060 2276 1104 2326 est
1119 2278 1224 2340 erecta,
1242 2271 1271 2326 in
1288 2288 1346 2344 qua
1361 2270 1477 2345 sepulta
1503 2270 1592 2326 luisse
1608 2269 1645 2324 ab
1665 2268 1804 2327 omnibus

98 2348 236 2426 promissi
259 2344 380 2403 insimul
405 2343 652 2417 exspectantibus
679 2344 709 2399 ln
734 2343 835 2399 eodem
860 2342 923 2399 loco
978 2359 1152 2416 affirmatur·

97 2439 152 2497 hoc
168 2438 264 2510 ipsum
279 2434 395 2508 pictura
407 2432 444 2488 dc
466 2431 579 2489 musivo
599 2448 684 2504 opere
699 2431 728 2486 in
745 2431 922 2493 sanctuario.

98 2528 200 2586 abside
214 2525 346 2597 ejusdem
362 2520 499 2588 ecclesia,
516 2525 633 2577 exstans
652 2525 697 2576 sat
712 2521 787 2576 claro
803 2520 923 2576 demon-

98 2620 182 2676 strat.
198 2615 272 2671 Nam
288 2611 328 2668 ibi
343 2610 541 2667 duodenarius
559 2608 758 2682 apostolorum
784 2626 924 2667 numerus

99 2723 166 2764 cum
181 2705 312 2778 ipsorum
325 2699 515 2774 imaginibus,
532 2699 643 2773 Spiritu
660 2705 760 2755 sancto
775 2700 805 2754 in
830 2699 925 2755 forma

98 2793 252 2870 ignearum
281 2789 449 2864 linguarum
480 2789 515 2844 ad
543 2788 638 2861 capita
667 2786 852 2862 singulorum
875 2788 925 2843 de-

99 2883 267 2948 scendente,
283 2895 333 2953 per
357 2876 580 2935 similitudinem
606 2876 724 2949 pictura
749 2877 923 2944 continetur,

79 3038 82 3042 ⁴
100 2989 168 3029 cum
183 2970 239 3026 hac
253 2967 412 3044 epigraphe
428 2983 434 3022 :
451 2967 547 3022 Factus
567 2973 726 3038 satrapenis
749 2965 782 3022 de
805 2968 869 3022 coelo
882 2981 926 3022 so-

100 3078 163 3128 nus,
178 3065 233 3116 etc.

135 3149 167 3206 ln
182 3149 237 3204 hnc
251 3145 382 3213 ecclesia,
398 3145 428 3201 ia
449 3144 570 3202 introitu
586 3145 650 3216 ejus
666 3146 701 3200 ad
719 3145 867 3201 dexteram
883 3142 924 3199 al·
940 3131 961 3197 C

98 3253 161 3305 tare
177 3245 347 3321 designatur
362 3244 391 3299 in
407 3242 469 3300 loco
480 3259 547 3299 oum
564 3242 662 3314 potitis
676 3241 786 3298 tabulis
801 3243 836 3298 de
852 3259 926 3298 mar·

101 3353 182 3396 marc
197 3336 227 3391 in
245 3334 365 3391 modum
381 3332 492 3400 ciborii,
509 3331 560 3387 ubi
574 3330 745 3387 beatissima
762 3332 842 3405 uirgo
865 3331 927 3387 Μα-

100 3427 144 3484 ria
158 3424 266 3481 emisso
277 3422 400 3495 Spiritu,
412 3420 546 3493 praescnti
562 3421 598 3475 de
612 3418 718 3475 sarculo
734 3419 841 3475 dicitur
855 3419 926 3475 omi·

100 3530 211 3590 grasse.
229 3512 281 3568 Ubi
299 3515 328 3567 ot
350 3508 441 3566 Pilius
463 3510 527 3581 ejus
551 3507 693 3564 Dominus
719 3511 818 3563 noster
840 3509 926 3564 iesus

101 3602 235 3661 Christus
251 3598 470 3656 sanctissimam
490 3598 553 3669 ejus
569 3597 709 3664 animam,
726 3596 756 3652 in
777 3598 861 3668 juxta
876 3614 926 3670 po⁴

102 3691 158 3750 sito
174 3689 292 3763 pariete,
309 3687 502 3761 presentibus
521 3684 661 3758 apostolis
676 3686 706 3740 in
721 3684 827 3742 ceolum
843 3704 927 3743 assu-

102 3796 182 3836 mere
195 3776 372 3850 depingitur.

104 3869 135 3927 ln
151 3865 271 3924 aedificio
286 3868 384 3921 autem
399 3862 493 3920 eidem
509 3862 572 3918 loco
597 3862 780 3936 superposito
805 3880 856 3936 per
871 3864 926 3920 cir·

102 3958 215 4015 cultum
229 3953 296 4010 talis
312 3951 457 4025 reperitur
476 3951 628 4025 inscriptio
644 3968 650 4007 :
668 3953 795 4009 tantuin
809 3962 848 4010 est
861 3970 927 4009 san-

103 4056 145 4105 eta
160 4047 210 4102 Dei
223 4043 348 4114 oenitrio
360 4058 443 4113 super
455 4043 549 4098 choros
564 4042 733 4114 onustorum.
747 4042 869 4116 Insuper
883 4060 928 4099 ea·

103 4135 170 4193 dem
185 4129 453 4204 transmigrationis
467 4130 514 4186 die
528 4147 635 4202 corpus
649 4129 825 4186 beatissima·
841 4131 927 4205 virgi·

103 4224 150 4282 nis
166 4221 273 4290 Mariae,
290 4219 435 4276 acunctis
450 4218 604 4275 duodecim
619 4217 768 4292 apostolis,
782 4236 816 4274 ex
831 4219 930 4276 divina

104 4310 295 4385 dispositione
308 4313 380 4365 tunc
395 4307 624 4381 presentibusa
634 4312 732 4364 monte
742 4307 811 4364 Sion
828 4309 857 4363 in
872 4308 930 4365 val-

1014 2449 1045 2504 ln
1060 2450 1179 2506 dextera
1197 2467 1264 2506 vero
1289 2451 1420 2522 ejusdem
1443 2447 1580 2505 introitus
1604 2447 1702 2522 imago
1728 2449 1804 2506 beati

978 2536 1076 2593 Basilii
1092 2538 1219 2611 episcopi
1236 2539 1292 2596 ista
1308 2538 1445 2595 continet.

1072 2655 1165 2704 italiis
1180 2655 1277 2704 Christi
1290 2655 1428 2719 dignitate,

1073 2718 1105 2766 lit
1119 2717 1218 2767 excelsu
1231 2721 1356 2782 potestate

1072 2782 1119 2829 Est
1132 2783 1248 2844 repertus
1262 2780 1381 2829 Julianus

1073 2844 1160 2892 Soecrts
1175 2843 1254 2891 hostis
1268 2846 1292 2892 et
1304 2845 1442 2907 prolonus,

1106 2906 1251 2970 Transfuga
1266 2909 1291 2955 et
1298 2904 1422 2978 perfidus.

1073 2967 1126 3016 Sed
1139 2982 1206 3017 nuno
1220 2968 1297 3017 miser
1311 2967 1360 3016 lust
1372 2981 1486 3030 panum,

1074 3029 1230 3079 Deturbatus
1244 3031 1270 3080 in
1286 3029 1448 3094 gehennom,

1073 3092 1149 3150 Nam,
1165 3094 1193 3141 ut
1206 3094 1250 3156 pia
1265 3095 1348 3142 nsoter
1358 3093 1444 3154 jussit,

1075 3154 1170 3204 Christi
1186 3155 1366 3218 sitientissime
1379 3155 1504 3219 percussit

1106 3218 1203 3266 Lancea
1218 3217 1367 3266 Mercurius·

1074 3278 1214 3328 Sniuatrici
1225 3280 1259 3327 sii
1272 3281 1367 3344 regins

1074 3342 1148 3402 Laus,
1163 3343 1188 3390 et
1202 3341 1282 3390 ironor
1296 3342 1352 3390 sine
1364 3342 1427 3405 fine,

1074 3404 1142 3465 Oua.
1158 3403 1233 3468 elegit
1247 3403 1288 3453 hic
1300 3403 1412 3462 hurnnii,

1074 3466 1125 3515 Hoc
1138 3465 1257 3515 thesauro
1272 3466 1344 3515 itatis
1360 3467 1419 3515 ilari

1105 3530 1207 3577 Poterat
1220 3529 1283 3593 quid
1297 3529 1405 3577 metius?

1016 3639 1082 3691 Hac
1093 3639 1122 3690 et
1132 3634 1189 3691 alia
1198 3634 1326 3707 plurima
1336 3635 1499 3691 adlaudem
1509 3635 1637 3710 Virginis
1647 3635 1675 3691 in
1687 3634 1807 3691 introitu

982 3728 1087 3795 crypta
1103 3740 1154 3796 per
1168 3722 1311 3795 picturam
1332 3728 1402 3780 sunt
1426 3725 1578 3797 apposita3
1603 3724 1656 3781 sed
1678 3721 1808 3779 interiori

982 3813 1105 3885 partein
1121 3812 1293 3885 parietibus,
1309 3811 1378 3868 hinc
1401 3813 1469 3869 inde
1492 3813 1569 3870 circa
1589 3813 1724 3869 tumbam
1748 3810 1807 3868 exi·

982 3900 1136 3967 stantibus,
1149 3906 1176 3956 ot
1189 3901 1218 3956 in
1230 3901 1359 3973 laqueari
1370 3900 1438 3958 talis
1450 3903 1650 3976 scriptumest
1665 3901 1807 3975 apposita,

982 3991 1016 4045 lit
1031 3990 1149 4063 quidem
1165 3991 1194 4045 in
1209 3991 1326 4046 dextero
1342 3991 1452 4063 pariete
1468 4009 1474 4047 :
1492 3992 1579 4047 llario
1603 3992 1679 4063 virae
1703 4006 1808 4047 maurn-

980 4086 1078 4151 ptocst
1091 4078 1125 4134 ad
1137 4079 1285 4136 udaeam
1299 4079 1462 4148 titulantum,
1479 4085 1546 4146 etc,
1572 4078 1677 4136 deinde
1699 4078 1731 4135 in
1755 4076 1808 4134 oir-

983 4167 1064 4223 cuitu
1079 4185 1088 4221 :
1105 4167 1166 4224 thi
1175 4170 1324 4238 speciosum
1337 4170 1408 4224 sieut
1428 4169 1589 4233 columbam,
1605 4172 1673 4235 etc,
1689 4184 1784 4240 usque
1800 4182 1807 4221 :

983 4264 1009 4312 et
1022 4257 1115 4312 lilium
1128 4257 1295 4312 convallium
1305 4261 1359 4325 ‚·.et
1373 4262 1437 4312 tum
1453 4257 1663 4329 subjungitur:
1680 4256 1809 4316 Viderunt

983 4363 1043 4402 eant
1056 4347 1125 4417 filiae
1138 4345 1214 4401 Sion.
1230 4345 1301 4400 ilino
1312 4353 1382 4401 aeria
1396 4346 1516 4415 oloriosa
1533 4346 1612 4414 l'iruo
1626 4345 1706 4401 culos
1719 4360 1810 4400 oscen

103 4402 161 4460 lem
176 4398 319 4474 iosaphat
333 4402 379 4455 est
394 4396 534 4463 delatum,
546 4402 573 4453 et
587 4397 696 4453 ibidem
713 4397 742 4452 in
759 4396 854 4453 medio
870 4414 930 4470 cry-
983 4434 1048 4491 (ἤι’,
1063 4450 1136 4506 mo·
1152 4418 1279 4503 omem
1300 4434 1366 4506 quia
1390 4433 1568 4506 ineffabiliter
1585 4435 1737 4490 ,upum
1750 4449 1811 4489 m

104 4495 170 4565 ptis,
189 4489 262 4545 miro
281 4486 415 4543 tabulatu
440 4503 604 4542 marmoreo
626 4489 654 4541 et
677 4486 794 4559 egregia
817 4486 876 4559 pict

105 4580 191 4636 modo
203 4574 624 4650 insigni,honorificentissime
632 4579 677 4631 est
688 4573 846 4646 sepultum.
858 4575 929 4631 lluic

105 4667 263 4741 sepulturas
287 4665 360 4732 loco,
385 4665 452 4720 licet
475 4662 649 4719 beatissime
671 4663 800 4736 Virginis
824 4681 931 4737 corpus

105 4774 164 4813 nan
180 4754 267 4822 adsit,
283 4753 400 4829 egregia
421 4757 481 4809 tam
504 4752 533 4807 in
553 4751 684 4809 tabulato
709 4769 884 4821 marmoreo,
899 4757 932 4809 ut

106 4845 245 4913 diximus,
255 4860 343 4917 quam
354 4842 384 4898 in
395 4846 514 4916 argento
525 4845 554 4898 et
568 4857 639 4897 auro
654 4841 752 4909 etiam,
764 4841 794 4897 in
810 4843 930 4898 modum

106 4933 207 4991 ciborii
224 4931 410 5006 superposita
424 4935 469 4987 est
487 4929 613 5003 insignis
635 4934 791 4998 structura,
810 4930 859 4987 ubi
874 4930 932 4988 tale

107 5039 225 5080 carmen
234 5022 352 5094 legitur.

154 5155 200 5204 liic
213 5152 337 5226 iosaphat
351 5151 434 5210 onita,
450 5150 509 5202 hinc
522 5154 558 5202 est
573 5152 610 5202 ad
621 5150 709 5202 sidero
723 5152 805 5213 saltis,

155 5218 183 5266 in
201 5216 309 5264 Domino
322 5213 392 5275 lutto
407 5214 461 5277 tuit
474 5213 514 5263 hia
528 5216 612 5264 Mario
628 5213 736 5279 sepulta,

155 5278 220 5327 ilinc
231 5275 346 5325 exaltata
360 5276 434 5326 coeios
446 5278 510 5341 petit
525 5276 656 5336 inuiolata,

155 5340 218 5404 Spes
231 5339 399 5404 captivorum,
416 5338 465 5400 iria,
484 5340 537 5399 lun,
553 5343 578 5389 et
592 5343 675 5389 meter
688 5353 784 5388 eorum.

145 5463 208 5531 llic,
229 5464 314 5536 juxta
337 5480 449 5521 morem
477 5464 674 5532 Hebraeorum,
699 5464 775 5521 inira
799 5467 932 5521 octavum

111 5552 275 5612 beatissimi
290 5553 432 5613 transitus
447 5554 525 5611 diem
548 5552 674 5623 visitato,
699 5557 728 5610 et
741 5553 872 5627 inspecto
888 5570 932 5610 se-

878 4504 930 4541 ura
947 4503 967 4568 [l
984 4522 1088 4579 Christo
1103 4530 1204 4591 regnat
1219 4523 1249 4577 in
1262 4529 1407 4579 aetornum.
1434 4524 1465 4578 ln
1490 4521 1627 4578 anteriori
1643 4538 1651 4576 ι
1667 4524 1810 4595 Assumptu

983 4620 1022 4668 est
1036 4611 1124 4667 ilario
1138 4612 1169 4666 in
1189 4611 1297 4665 coelurn.
1322 4610 1362 4665 Ex
1386 4610 1520 4683 opposito
1544 4608 1657 4666 latere:
1683 4609 1812 4665 Droltnta

984 4708 1024 4757 est
1040 4707 1135 4756 scitota
1151 4700 1204 4754 Dei
1217 4699 1349 4771 genitrix,
1364 4704 1419 4754 etc.
1435 4699 1470 4754 ut
1485 4698 1514 4753 in
1529 4698 1636 4763 medio,
1653 4696 1811 4753 multitudo

985 4788 1155 4863 angelorum
1170 4788 1331 4843 astantium
1346 4786 1376 4842 in
1391 4787 1516 4844 circuitu
1531 4786 1608 4843 circa
1623 4786 1740 4843 hostum
1756 4786 1812 4842 llis·

986 4877 1060 4934 riam
1075 4878 1104 4932 in
1122 4878 1226 4933 throno
1242 4876 1429 4946 residentem,
1453 4893 1504 4949 per
1519 4892 1608 4948 quam
1623 4874 1700 4931 iacta
1713 4874 1761 4931 via
1775 4873 1810 4932 ad

986 4966 1116 5024 coelsstia
1130 4981 1220 5038 regna
1234 4964 1408 5023 declaratur.

1310 5071 1426 5128 CAPUT
1444 5072 1489 5127 xi.

987 5162 1063 5218 ilodit
1087 5169 1182 5218 auctu
1210 5161 1245 5216 nd
1273 5161 1479 5233 discriptionem
1507 5177 1649 5217 sonorum
1680 5160 1810 5224 iwanum,

1020 5233 1274 5289 inurisierasalnn
1297 5234 1475 5300 trutinarum,
1497 5233 1630 5303 hospitale
1643 5230 1672 5287 S.
1697 5231 1812 5287 Ioannis

1020 5306 1162 5376 Baptistm,
1177 5305 1332 5360 Parthenon
1354 5303 1449 5361 ituriae
1472 5303 1592 5375 liajoris,
1617 5302 1769 5358 cenobium
1783 5302 1812 5357 S.

1022 5377 1125 5432 Moris
1138 5376 1256 5441 totins,
1265 5384 1290 5431 ot
1303 5376 1398 5431 Sancti
1411 5374 1521 5441 Sabin,
1532 5374 1652 5432 occheim
1665 5373 1693 5430 S.
1703 5374 1811 5441 iacobi,

1022 5447 1153 5519 hospitale
1165 5447 1386 5503 Atcmonnornni.

1022 5553 1089 5611 ism
1105 5569 1183 5610 nnnc
1198 5551 1245 5610 his
1259 5551 1384 5611 breviter
1398 5551 1479 5623 visis,
1496 5569 1560 5626 que
1575 5553 1611 5610 ad
1636 5549 1813 5609 solutionem
