3816 6006
93 185 132 248 63
402 219 411 234 ·
563 188 767 251 cusentini
788 187 1102 277 canrnlntensls
1124 188 1316 251 nunaunt.
1754 186 1795 249 di

94 316 211 374 obedire
223 290 524 392 preceptis'l'andem
539 321 663 379 accessit
677 321 714 378 ad
729 321 863 378 tumbam
878 320 918 378 al·
931 321 959 388 Α
973 325 1121 394 queretur,
1137 320 1225 378 vicini
1242 319 1323 378 illius
1337 323 1367 377 et
1382 318 1498 394 cognati
1514 319 1551 377 ed
1566 317 1661 376 sancti
1674 317 1726 377 Dei
1750 323 1794 377 tu·

94 405 134 461 mi
151 406 307 478 pontificis,
324 426 416 464 unum
432 425 465 464 ιι(
479 410 655 482 supradictis
671 411 813 485 arripiens
826 429 916 467 annu-

94 494 168 564 lum,
184 495 234 551 tali
249 513 328 565 voce,
345 497 450 570 inquit,
463 499 499 555 ud
514 500 670 556 Dominum
695 506 853 557 creatorem
869 518 917 557 re-

94 601 160 639 rum
177 600 184 639 :
202 585 323 642 Domine
343 587 430 655 Deus,
445 588 586 645 universe
610 590 742 646 conditor
766 596 915 658 creaturae,

94 674 219 730 concede
234 675 306 730 mihi
322 678 476 747 peccatori,
495 683 526 732 ut
541 679 565 734 si
580 684 702 734 sanctus
724 680 789 747 istc,
805 679 855 752 qui
870 680 917 736 hic

94 761 219 835 quiescit
232 780 361 836 corpore,
378 769 421 820 ter
435 769 600 838 comparuit
623 767 696 823 meis
721 768 873 824 obtutibus
886 770 916 825 in

95 851 189 907 noctis
210 869 322 925 sopore,
340 853 408 910 hinc
421 855 508 910 istam
525 846 635 928 possim
650 858 773 913 terream
798 857 917 915 evellere

95 939 282 1012 aphamiam,
293 943 370 997 sicut
383 961 475 1016 nuper
489 945 519 1000 in
535 945 641 1000 somnii
657 947 767 1002 visione
783 947 860 1004 idern
875 947 918 1003 vir

94 1029 146 1084 Dei
161 1029 234 1104 meis
249 1031 370 1087 auribus
385 1032 499 1088 studuit
524 1034 682 1107 resignare.
700 1036 753 1102 Qui
769 1036 869 1092 statim
887 1042 918 1093 ut

95 1117 182 1173 traxit
197 1119 296 1174 orbem
312 1120 453 1193 chalybis,
469 1121 511 1177 ita
526 1123 703 1180 subsecutus
726 1131 769 1181 est
783 1125 868 1182 illum
884 1144 918 1184 ex

95 1204 209 1279 lapidea
224 1207 299 1264 mole
316 1209 401 1281 quasi
417 1211 489 1266 leret
515 1212 590 1267 llxus
614 1213 644 1267 in
668 1214 781 1269 murino
804 1216 916 1273 sabulo.

95 1296 186 1360 Quom
201 1295 230 1351 in
248 1297 364 1369 proprie
376 1315 518 1371 reponens
530 1299 689 1369 rimula‚ita
699 1303 774 1359 fixus
785 1321 919 1376 permun-

96 1383 133 1440 sit
146 1384 299 1456 paululum
314 1404 434 1459 pressus
444 1389 521 1446 calce
536 1392 569 1444 ut
584 1397 649 1461 pest
664 1390 718 1447 hoc
729 1392 919 1470 indenequa-

96 1490 185 1546 quam
201 1475 294 1547 possit
308 1475 392 1532 avelli
408 1495 425 1532 a
440 1478 564 1536 nemine.

971 410 1086 466 mulum
1102 427 1169 466 eum
1184 411 1392 483 perduxerunt,
1407 414 1435 466 et
1450 408 1532 465 illam
1548 413 1662 466 noctem
1674 408 1795 482 pervigi-

971 499 1028 556 lem
1044 517 1112 557 cum
1127 500 1221 555 amico
1236 500 1392 573 languente
1407 498 1536 555 assiduis
1551 498 1733 554 erationibus
1749 515 1795 570 pe·

971 594 1117 662 regerunt.
1137 589 1307 662 Languidus
1322 605 1388 644 vcro
1405 605 1491 644 mene
1506 604 1664 660 oppressus
1679 603 1793 654 somno,

972 678 1124 752 paululum
1141 677 1327 745 obdormivit,
1344 683 1372 733 ιι
1386 677 1482 733 visum
1497 681 1542 733 est
1558 675 1601 732 illi
1616 675 1701 749 quasi
1726 675 1795 747 qui·

972 769 1040 824 dam
1056 768 1093 824 ad
1108 785 1175 824 cum
1191 765 1794 823 accederentetalternmcicalcearnentum

972 858 1007 913 de
1022 858 1094 929 pede
1109 856 1324 913 subtraherent.
1341 855 1395 923 Qui
1411 854 1510 912 statim
1526 872 1594 911 cum
1616 853 1726 910 amicis
1742 853 1794 910 do-

973 965 1054 1003 mum
1080 964 1170 1002 sanus
1195 963 1328 1002 reversus
1352 950 1404 1001 est
1431 943 1594 1001 Subtaiuris
1617 948 1715 999 tumen
1730 942 1794 1014 ejus

973 1037 1099 1092 nimium
1114 1035 1255 1107 quesitus
1269 1039 1332 1103 est;
1350 1034 1401 1090 scd
1416 1051 1564 1106 nusquam
1580 1037 1724 1105 repertus.
1738 1031 1794 1087 Cu·

973 1125 1028 1182 rati
1045 1130 1115 1181 sunt
1130 1124 1178 1180 elii
1194 1129 1258 1180 octo
1270 1123 1381 1180 debiles
1390 1123 1424 1179 ad
1434 1122 1528 1179 sancti
1536 1122 1589 1178 viri
1599 1120 1793 1185 mausoleum,

973 1220 1129 1287 antequam
1144 1231 1212 1271 osse
1226 1214 1290 1284 ejus
1305 1213 1373 1268 inde
1388 1212 1580 1269 elevarentur.

1299 1319 1416 1375 CAPUT
1435 1320 1469 1375 11.

1122 1393 1248 1464 Corporis
1263 1392 1416 1455 translatio,
1433 1392 1491 1446 atio
1504 1389 1650 1445 miraculo.

1007 1485 1034 1536 7.
1050 1482 1162 1547 Quibus
1175 1479 1331 1536 transactis
1346 1474 1794 1535 leusJutiisvenerabilisettel·

130 1564 157 1619 5.
173 1564 281 1619 Eodem
296 1581 362 1622 vero
378 1565 509 1634 die,dum
525 1577 692 1643 peragraret
703 1572 921 1647 lorum‚ropcrit
973 1571 1091 1629 waldus
1106 1571 1261 1643 episcopus
1274 1585 1342 1625 cum
1358 1568 1424 1624 aliis
1438 1566 1629 1642 coepiscopis,
1639 1571 1668 1622 et
1683 1564 1795 1623 abbati-

96 1655 254 1726 quemdam
266 1653 437 1711 clientulum
449 1657 577 1729 predicti
589 1656 685 1716 clerici
697 1662 865 1718 vintoniam
874 1681 919 1720 ve·
934 1693 959 1758 B
974 1662 1040 1727 bus,
1057 1676 1124 1717 cum
1141 1658 1333 1732 pluribusque
1348 1656 1500 1714 monachis
1518 1655 1793 1728 sanctasreliquias,

96 1743 225 1799 nientcm
241 1761 329 1800 ceusu
345 1747 514 1803 necessariae
530 1750 788 1822 coemptionisCui
804 1753 920 1809 intima·
973 1750 1135 1823 imperante
1150 1747 1276 1822 glorioso
1290 1765 1356 1820 rege
1372 1747 1501 1819 Fabgaro
1518 1744 1669 1819 (liudgero)
1684 1745 1720 1800 de
1735 1761 1794 1800 mc·

95 1831 136 1887 vit
150 1848 183 1889 ea
199 1851 262 1906 qua
278 1851 329 1906 per
343 1836 458 1892 somnia
468 1837 620 1910 viderut‚et
631 1840 783 1897 humiliter
792 1860 859 1898 eum
872 1843 920 1898 lla-
974 1843 1113 1894 numento
1129 1837 1324 1902 sublevantes,
1336 1836 1366 1891 in
1377 1835 1498 1891 basilica
1508 1834 1706 1908 apostolorum
1717 1831 1794 1889 Petri

96 1920 209 1994 gitabat
224 1929 257 1978 ut
271 1924 405 1980 taliasuo
416 1927 535 1983 domino
547 1933 752 1996 narraretono
762 1935 919 2003 postquam
973 1934 1001 1984 et
1015 1926 1096 1983 Pauli
1112 1944 1180 1982 cum
1192 1943 1299 1999 magna
1308 1923 1493 1980 veneratione
1503 1922 1727 1980 collocaverunt.
1739 1919 1793 1978 Ubi

96 2010 132 2066 ad
148 2011 297 2082 proprium
309 2014 439 2085 pervenit
449 2014 553 2071 herum
565 2033 616 2089 per
624 2016 777 2092 longinqui
788 2020 921 2076 interval·
973 2017 1114 2073 beneficia
1130 2018 1308 2088 prestantur
1321 2013 1459 2070 omnibus
1472 2029 1539 2069 vera
1548 2012 1605 2068 fide
1615 2010 1792 2085 petentibus.

96 2098 158 2154 lum
172 2101 323 2173 temporis,
340 2101 421 2158 illius
437 2105 478 2160 rei
493 2105 649 2163 immemor
664 2107 755 2176 siluit,
772 2110 823 2165 sed
838 2115 917 2184 post·
974 2107 1077 2163 Postea
1091 2122 1158 2161 vere
1171 2109 1297 2177 quatuor
1312 2101 1382 2175 agri
1397 2100 1541 2158 medelam
1558 2104 1733 2174 acceperunt
1756 2099 1792 2155 ad

96 2189 217 2243 modum
234 2189 404 2261 poenitentia
419 2197 516 2251 motus
532 2195 649 2252 domino
665 2214 718 2254 suo
734 2204 840 2254 cuncta
856 2216 918 2272 qna
973 2190 1440 2268 ejustumulumperintcrvallum
1447 2191 1537 2246 trium
1548 2190 1673 2247 dierum.
1685 2188 1794 2246 Deinde

97 2293 114 2332 a
129 2277 209 2333 labro
223 2278 335 2335 audivit
349 2279 504 2354 diligenter
519 2286 656 2341 narravit.
673 2287 727 2352 Qui
747 2287 869 2345 clericus
884 2306 918 2346 eo
973 2303 1025 2361 pcr
1040 2285 1170 2358 quinque
1186 2282 1333 2339 mensium
1349 2282 1445 2354 spatia
1460 2297 1524 2337 rure
1539 2280 1595 2335 luit
1609 2279 1706 2352 aliqua
1731 2278 1794 2335 dies

96 2370 226 2439 tempore
242 2384 299 2424 non
315 2368 409 2427 solum
422 2372 584 2429 antistitem
596 2374 804 2434 wintoniensis
815 2377 918 2435 dioece·
973 2393 1032 2450 que
1047 2393 1104 2433 non
1121 2376 1295 2431 sanarentur
1304 2370 1435 2445 languidi
1446 2370 1483 2426 ad
1494 2368 1588 2443 ipsius
1598 2367 1691 2425 sancti
1702 2367 1793 2423 hono·

97 2454 148 2524 sis,
164 2472 265 2512 verum
276 2458 364 2514 etiam
375 2465 495 2517 cunctos
506 2463 609 2520 iratres
619 2463 728 2521 ibidem
740 2482 920 2523 commoran·
973 2464 1080 2522 rabiles
1096 2463 1244 2537 reliquias.
1260 2461 1424 2534 Aliquando
1440 2463 1539 2515 autem
1555 2462 1624 2526 tres,
1636 2455 1793 2529 aliquando

97 2548 141 2600 tes
151 2550 290 2617 pertesus
301 2547 414 2605 habens
427 2555 544 2624 propter
553 2552 754 2625 expulsionem
765 2557 918 2613 canonico·
974 2556 1114 2630 quinque,
1131 2554 1218 2610 modo
1234 2556 1355 2625 septem,
1372 2549 1459 2605 modo
1474 2548 1584 2615 decem,
1598 2544 1793 2602 nuncduode-

97 2650 174 2702 rum,
191 2635 326 2692 nefandis
341 2639 473 2694 moribus
488 2658 522 2696 uc
537 2642 737 2714 spurcissimis
762 2646 917 2713 utentium,
973 2646 1042 2714 cim,
1057 2661 1136 2700 nunc
1149 2659 1216 2699 vero
1233 2639 1410 2715 quindecim.
1427 2637 1561 2693 Vidimus
1576 2652 1702 2708 namque
1716 2633 1794 2707 plus·

28 2768 33 2774 .
97 2739 149 2796 pro
164 2723 272 2796 quibus
287 2725 460 2783 venerabilis
475 2728 675 2787 ethelwoldus
691 2749 740 2788 eos
756 2751 773 2788 a
782 2734 919 2806 predicto
974 2752 1062 2808 qnam
1077 2734 1219 2789 ducentos
1235 2730 1264 2784 in
1280 2730 1380 2785 decem
1393 2726 1497 2782 diebus
1511 2728 1634 2799 egrotos
1644 2741 1695 2797 per
1704 2722 1795 2780 meri·

96 2812 247 2885 expulcret
260 2815 501 2891 eoencbio,rnugis
516 2835 604 2891 quum
620 2821 713 2877 sancti
729 2822 822 2878 Patris
833 2823 920 2894 jussa
973 2829 1036 2880 tum
1052 2822 1146 2879 sancti
1161 2823 1288 2886 curatos,
1305 2823 1334 2874 et
1348 2816 1378 2872 in
1394 2814 1464 2872 anni
1478 2813 1597 2883 circulo,
1614 2813 1664 2886 qui
1694 2814 1795 2869 carent

96 2899 218 2973 implere
229 2903 370 2972 studeret,
387 2907 487 2963 audire
503 2908 715 2966 renuitPoetca
728 2928 796 2968 vcro
807 2912 919 2985 expleto
973 2911 1106 2970 numero.
1123 2912 1304 2982 Quapropter
1317 2905 1460 2962 increduli
1476 2905 1512 2960 ad
1529 2906 1664 2960 sanctum
1679 2900 1729 2957 Dei
1744 2916 1794 2956 ve·

96 2989 222 3046 duorum
246 2992 390 3049 curriculo
415 3012 569 3065 annorum,
585 2997 698 3055 invente
721 3001 839 3074 superni
862 3000 918 3056 cle·
973 3002 1065 3068 nient,
1081 3005 1115 3056 ut
1129 2998 1270 3056 beneficia
1285 2995 1449 3053 Conditoris
1464 2994 1624 3068 agnoscant
1636 2994 1664 3047 et
1678 2989 1794 3047 Creato-

97 3076 207 3134 mentie
235 3079 408 3151 conditoris,
425 3082 476 3156 qui
504 3088 635 3156 cunctos,
656 3104 730 3160 quos
759 3088 865 3162 pressit
888 3066 1173 3148 inCfflmlaudent,

96 3165 211 3223 vineam
226 3166 409 3227 laboraturos
424 3172 713 3250 Dominicamgratis
724 3178 760 3233 ed
773 3195 858 3234 snam
874 3177 920 3233 de·
1008 3182 1034 3235 8.
1051 3180 1232 3253 cognoscant
1247 3173 1373 3246 denique
1387 3170 1488 3229 fideles
1504 3169 1574 3243 quia
1589 3166 1732 3224 Dominus
1746 3183 1795 3223 no·

98 3255 179 3312 ducit
194 3258 336 3330 gratiam;
354 3260 431 3316 idem
443 3261 566 3320 clericus
582 3265 632 3337 (ιυί
646 3284 739 3338 nuper
749 3267 919 3334 erat,iactus
973 3271 1033 3325 ster
1045 3268 1133 3324 lesus
1148 3264 1291 3330 Christus,
1308 3262 1358 3318 Dei
1375 3259 1555 3334 unigenitus,
1572 3257 1622 3331 qui
1637 3256 1666 3312 in
1678 3256 1794 3312 exordio

97 3348 176 3401 cst...
192 3348 365 3404 venerabilis
380 3352 553 3409 monachus.
570 3355 644 3410 Num
660 3355 783 3428 nosipsi
800 3356 839 3411 ite
854 3372 918 3429 ges·
973 3357 1063 3428 hujus
1078 3355 1171 3411 etatis
1186 3352 1298 3409 velatus
1314 3349 1424 3407 amictu
1435 3348 1531 3405 carnis
1542 3344 1793 3420 persemetipsum

97 3436 161 3489 tum
175 3434 314 3505 vidimus,
331 3440 579 3510 quemadmodum
596 3460 723 3515 presens
739 3445 921 3502 demonstret
973 3462 1064 3502 oecos
1080 3441 1264 3510 illuminavit,
1277 3439 1390 3497 claudis
1400 3436 1530 3495 ctficium
1540 3433 1709 3491 ambulandi
1722 3451 1795 3506 pre·

98 3522 435 3584 codicillusltcnedictus
451 3530 636 3604 omnipotens
652 3537 738 3600 Deus,
754 3534 803 3606 (ιυί
818 3551 919 3606 ριιιι-
973 3535 1047 3603 buit,
1064 3531 1162 3589 surdis
1177 3529 1311 3586 auditum
1327 3527 1466 3592 reddidit,
1481 3523 1655 3597 paralyticos
1671 3520 1792 3591 curavit,

98 3615 176 3668 tores
192 3612 342 3685 justificat,
358 3617 408 3689 (ιυί
423 3616 453 3673 in
469 3636 499 3675 se
514 3625 664 3693 sperantes
685 3621 785 3693 salvat,
803 3623 853 3695 qai
870 3640 919 3679 su·
974 3627 1105 3680 mortuos
1120 3617 1280 3686 suscitavit,
1297 3633 1386 3689 supra
1401 3632 1480 3671 mere
1494 3613 1580 3671 siccis
1593 3612 1725 3685 vestigiis
1735 3628 1795 3667 am·

98 3701 203 3773 perbos
217 3701 418 3778 bumiliat,qui
433 3706 560 3765 humiles
573 3710 698 3767 exaltati
974 3713 1104 3781 halavit,
1120 3710 1198 3766 idem
1214 3706 1323 3771 nostris
1337 3703 1520 3776 temporibus
1528 3701 1563 3757 ad
1573 3700 1794 3757 clarificandum

133 3791 160 3845 6.
179 3790 270 3864 igitur
285 3792 479 3853 biennioante
489 3799 563 3854 sacri
574 3798 769 3857 inventionem
779 3802 918 3875 corporis,
974 3791 1538 3872 suae'maJestansomnipotentiam,etad
1547 3789 1796 3846 manifestandum

97 3877 764 3963 virquidemgibberosus,etpropteringentem
775 3896 920 3949 strumam
974 3889 1082 3965 egregii
1096 3885 1256 3944 sacerdotis
1273 3881 1422 3940 Swithuni
1437 3880 1586 3949 meritum,
1600 3879 1712 3937 confert
1722 3877 1799 3934 sani·

98 3966 181 4023 valde
192 3968 670 4044 incurvnsperscmniumaudivit
680 3980 919 4038 utWinthoniam
974 3981 1044 4038 tatis
1059 3977 1234 4036 beneficium
1250 3989 1396 4048 agrorum
1409 3970 1590 4043 corporibus,
1600 3986 1658 4042 pre
1668 3966 1800 4024 multitu-

99 4057 250 4126 veniret,et
264 4059 305 4115 ibi
319 4078 371 4132 per
386 4063 478 4119 suncti
495 4066 632 4122 meritum
648 4067 922 4138 swithunisanite-
975 4070 1042 4127 dinc
1058 4056 1800 4130 innumerabilibusutmarisurene,quibusnonest

100 4149 159 4201 tem
171 4147 320 4220 reciperet.
335 4151 389 4216 Oui
406 4169 491 4209 manc
513 4170 703 4230 consurgens,
720 4159 796 4214 sicut
819 4159 919 4229 valuit,
976 4174 1127 4216 numerus.
1144 4142 1318 4211 Benedictus
1334 4149 1520 4221 omnipotens
1535 4147 1622 4213 Dens,
1640 4145 1801 4218 quinostre

99 4234 221 4324 gibbum
240 4238 366 4311 geminis
389 4244 563 4299 sustentavit
586 4247 746 4303 camburtis
758 4249 825 4318 (56),
842 4253 871 4304 ιι
885 4250 921 4305 ad
975 4243 1344 4321 tempestatedignatusest
1355 4242 1490 4295 sanctum
1503 4251 1590 4292 suum
1603 4233 1697 4308 signis
1707 4235 1736 4290 et
1746 4231 1802 4286 vlr-

99 4323 922 4411 Winthoniampervcnit,ibiquediumansitans,angelica
976 4338 1090 4394 tutibus
1106 4334 1279 4399 mirificare,
1296 4328 1431 4404 quicum
1448 4325 1531 4381 Patre
1546 4321 1800 4396 etSpiritusanoto

99 4412 380 4474 visitationeiterum
391 4420 743 4482 admonitusadtnmbam
753 4428 845 4482 sancti
854 4444 924 4498 prae·
939 4432 962 4498 Ι)
976 4425 1047 4483 vivit
1061 4430 1089 4482 ιι
1104 4421 1273 4480 dominatur
1287 4435 1339 4491 per
1354 4420 1460 4472 cuncta
1475 4413 1591 4471 secula.
1607 4413 1709 4468 Amen.

101 4500 174 4559 sulis
189 4504 336 4562 Swithuni
361 4509 495 4580 perrexit,
512 4514 541 4566 et
555 4511 636 4568 llexis
660 4514 795 4586 genibus,
811 4516 923 4589 rogavit
1011 4517 1039 4571 9.
1052 4515 1084 4570 ln
1094 4512 1144 4569 illo
1155 4516 1286 4583 tempore
1297 4523 1355 4581 quo
1366 4504 1510 4561 Dominus
1520 4518 1617 4559 rerum
1628 4498 1801 4557 manifeste-

101 4591 419 4668 Dominum,quatenus
429 4597 470 4654 ibi
485 4604 638 4657 sanaretur
654 4601 747 4675 ipsius
758 4605 852 4660 sancti
863 4623 922 4662 me·
976 4606 1026 4662 bat
1041 4600 1212 4660 hominibus
1228 4601 1364 4656 sanctum
1380 4611 1468 4650 suum
1484 4591 1686 4655 swithunum,
1696 4586 1802 4644 accidit

100 4680 426 4755 ritis,quemadmodum
441 4687 472 4744 in
488 4690 599 4746 somnis
615 4692 756 4764 audierat.
772 4693 826 4761 Qui
843 4711 920 4765 mox,
976 4701 1010 4751 ut
1033 4691 1182 4749 venissent
1203 4684 1408 4742 Winthoniam
1433 4683 1463 4738 in
1490 4697 1550 4737 una
1573 4679 1619 4735 die
1633 4676 1735 4751 viginti
1751 4693 1802 4733 sex

101 4787 134 4824 ue
150 4774 275 4829 surrexit
291 4792 307 4830 e
322 4777 468 4847 precibus,
484 4778 524 4834 ita
541 4784 661 4837 curatus
676 4787 721 4838 est
736 4783 875 4840 divinitus
890 4789 923 4840 ut
977 4781 1056 4856 egri,
1073 4796 1166 4837 causa
1180 4774 1385 4847 recuperande
1399 4769 1545 4828 sanitatis.
1561 4766 1724 4840 exquibus
1739 4764 1803 4837 qui·

101 4876 248 4932 nusquam
263 4863 401 4921 deformis
416 4866 497 4940 gibbi
507 4868 588 4925 locus
599 4873 923 4946 apparerethppropin-
977 4873 1045 4929 dam
1062 4872 1147 4926 erant
1158 4864 1237 4933 ceci,
1254 4862 1375 4934 qnidam
1392 4859 1485 4926 surdi,
1502 4854 1723 4931 quidemqmuti,
1739 4852 1804 4925 qni·

101 4953 210 5020 quante
223 4967 290 5007 vero
305 4953 511 5012 sacratissime
526 4957 721 5017 solemnitatis
736 4961 792 5027 die,
803 4979 860 5034 qno
875 4981 922 5020 ve·
978 4963 1047 5018 dam
1062 4957 1150 5014 etiam
1167 4950 1329 5027 paralytici.
1345 4947 1400 5016 Qui
1414 4943 1727 5039 cumaccessisse'nted
1738 4958 1804 4997 san·

101 5038 240 5096 nerabilis
255 5040 306 5096 Dei
321 5043 442 5100 antistes
457 5046 632 5104 Swithunns
642 5051 788 5122 corporeis
800 5052 924 5110 nexibus
978 5049 1016 5106 cti
1032 5043 1167 5120 presulis
1183 5041 1406 5098 monumentum
1422 5039 1451 5093 et
1466 5050 1566 5109 preces
1581 5033 1750 5107 aeramnae
1764 5029 1804 5086 el·

102 5128 227 5198 solutus,
244 5131 279 5186 de
294 5130 348 5187 hoc
364 5134 474 5189 mundo
497 5135 634 5209 migravit
647 5140 683 5194 ad
699 5140 868 5208 Dominum,
882 5141 926 5198 vir
979 5136 1136 5202 fudissent,
1151 5149 1203 5206 per
1218 5129 1313 5202 ipsius
1327 5126 1568 5185 interventionem
1583 5138 1685 5181 omnes
1707 5118 1802 5176 curati

102 5218 223 5289 quidam
238 5219 425 5277 daemoniacis
440 5224 672 5298 deceptionibus,
684 5229 822 5286 omnibus
837 5248 926 5287 mem·
979 5229 1049 5284 sunt
1064 5225 1093 5279 in
1109 5221 1205 5296 spatio
1221 5219 1311 5274 trium
1326 5216 1451 5282 dierum,
1472 5214 1573 5286 sicque
1597 5210 1654 5267 leti
1679 5210 1803 5266 domum

102 5306 164 5364 brie
179 5307 385 5367 miserabiliter
399 5312 568 5371 debilitatus
584 5318 699 5383 catoni
715 5335 782 5374 cum
797 5320 847 5375 diu
863 5324 925 5377 tor·
980 5332 1047 5373 cum
1061 5310 1173 5387 ingenti
1190 5307 1297 5382 gaudio
1313 5296 1806 5376 redierunt,magnificantesctlau·

139 5468 925 5547 (56)(lambertesignificetsaetcutaculomveliamlam.
