3816 6006
58 275 143 342 llos
563 269 814 341 sensualitas
834 276 889 338 ΒΗ
910 274 1029 339 salar
1053 276 1265 342 sarabaita.
1687 276 1767 344 ltro

58 411 263 470 contubernio.
281 410 334 467 Pro
351 409 478 468 utilitate
502 410 592 486 igitur
607 411 759 468 ethonore
774 411 883 485 pretate
898 411 926 478 A
941 413 981 478 te,
998 416 1042 469 est
1058 412 1138 469 edita
1151 416 1180 469 et
1195 412 1381 469 corroborata
1401 427 1465 467 meo
1481 408 1578 485 sigillo
1593 413 1623 468 et
1639 411 1766 471 testibus

59 501 182 559 ecclesie
198 504 298 558 nostre
313 506 341 557 et
357 500 660 558 filiorumnostrorum
677 502 885 558 canonicorum
942 501 1128 575 subscriptis.

59 591 91 648 in
107 592 210 647 eadem
225 591 283 646 Deo
299 589 501 658 militantium,
523 594 584 647 tam
599 590 780 662 presentium
794 608 885 663 quam
975 593 1060 648 Anao
1075 593 1112 648 ab
1125 592 1324 649 incarnatione
1339 591 1455 648 Domini
1471 591 1562 648 nostri
1578 591 1641 648 lesu
1657 590 1764 650 Christi

58 682 239 748 futurorum,
249 681 326 736 dono
339 683 368 735 et
377 681 514 746 concedo,
527 697 628 736 corum
644 685 804 737 assensuct
815 697 885 736 con·
941 697 1047 749 naxav,
1059 682 1218 738 indictione
1232 700 1292 750 vni,
1309 679 1433 738 testibus
1451 699 1457 736 :

59 770 151 834 sultu,
168 769 307 842 predictis
321 766 461 825 tratribus
476 769 619 825 Dominici
637 769 769 842 Sepulcri
783 775 812 826 et
831 769 886 826 ela·
1011 771 1135 827 Domino
1157 772 1314 838 Bernardo,
1342 769 1508 826 Sidoniensi
1520 769 1554 804 000
1569 769 1713 843 episcopo.
1729 770 1765 827 at

58 858 184 915 mosime
200 875 313 923 eorum,
330 856 482 913 seilicetin
494 858 575 913 cibos
586 875 748 930 pauperum
768 862 796 914 et
810 859 885 914 relo-
1047 860 1191 931 Rorgone,
1217 859 1400 917 Acchonensi
1414 861 1447 895 000
1472 859 1619 931 episcopo.
1636 860 1764 917 Hostone

57 947 249 1004 cillationem.
266 947 396 1003 decimas
411 946 527 1013 casalis,
550 953 741 1021 cognomento
765 948 884 1005 Detteis·
1048 948 1083 1004 de
1099 949 1204 1005 Sancto
1215 949 1379 1004 Audcrnaro
1394 949 1437 1016 000,
1454 953 1483 1005 et
1492 948 1616 1005 Radullo
1626 949 1765 1006 dePatin·

58 1054 90 1094 se
103 1039 148 1105 000,
165 1035 286 1094 ecclesie
300 1041 399 1093 nostre
412 1039 603 1109 pertinentes,
623 1043 684 1093 tam
708 1038 738 1092 in
768 1055 884 1094 annona
1046 1038 1103 1110 gis,
1119 1038 1262 1094 tratribus
1276 1037 1403 1094 militurn
1427 1035 1551 1109 Templi.
1577 1038 1703 1094 Roberto
1727 1039 1763 1094 da

57 1143 148 1199 quam
165 1127 194 1181 in
211 1126 392 1183 animalibus
408 1127 570 1200 ceterisque
586 1128 674 1183 rebus
691 1127 883 1184 decimandis.
1046 1127 1158 1183 Franco
1184 1127 1268 1184 Loco.
1285 1126 1443 1183 Eustachio
1471 1127 1602 1183 liscollel.
1632 1128 1763 1184 Arnardo

56 1216 94 1272 Ut
108 1232 176 1272 vero
186 1215 275 1272 huius
285 1221 385 1273 nostre
396 1216 594 1273 concessionis
605 1217 885 1274 etdonationisscri-
1045 1216 1143 1272 Costa.
1159 1215 1295 1273 Rainerio
1310 1217 1346 1273 de
1356 1216 1465 1273 Cossio.
1480 1215 1602 1289 Georgia
1612 1216 1761 1272 Armemo.

56 1309 143 1379 ptum
158 1305 290 1373 firmum,
306 1309 402 1361 ratum
417 1307 468 1362 sed
484 1310 512 1362 et
527 1306 631 1362 stabile
642 1312 811 1378 permaneat
821 1322 884 1379 pre-
1044 1306 1183 1363 Gaulrido
1199 1308 1234 1362 de
1250 1307 1347 1364 Portu.
1374 1309 1500 1379 Symone
1518 1307 1555 1362 de
1576 1304 1761 1364 Castelliono.

56 1395 192 1452 sentibus
206 1398 235 1450 et
245 1396 380 1467 posteris,
397 1395 576 1468 precipimus
590 1396 625 1432 000
640 1395 714 1451 illud
731 1397 786 1452 sub
802 1396 883 1452 testi·
1045 1397 1128 1452 Petro
1144 1397 1243 1454 llasso.

56 1485 156 1540 monio
170 1484 262 1540 nostri
275 1484 404 1540 nominis
419 1484 507 1540 scribi
524 1489 553 1540 et
567 1484 705 1556 plumbeo
722 1485 818 1559 sigillo
834 1502 883 1541 no·
1274 1484 1368 1542 LXXII
1378 1486 1422 1542 000.

55 1578 116 1630 stro
133 1572 279 1646 insigniri.
297 1572 410 1645 Siquis
426 1572 594 1629 autemhoc
616 1575 725 1631 donum
742 1589 882 1631 evacuare
937 1592 1126 1632 rnrvrasaruu
1141 1593 1287 1644 rouannrs,
1307 1591 1502 1632 accuesassrs
1514 1576 1548 1611 000
1566 1591 1705 1644 sr1scor1,
1726 1591 1762 1632 us

54 1662 97 1718 vel
113 1663 230 1718 irritum
244 1661 338 1718 tacere
354 1662 576 1734 presumpserit,
601 1660 698 1734 gladio
714 1661 790 1717 beati
807 1662 881 1717 Petri
971 1681 1517 1722 coucsssrosasccassrssnrrrclsosrs
1529 1665 1761 1721 ossaeccaon⁷⁷¹

55 1750 188 1818 tenatur,
202 1755 230 1807 et
245 1750 424 1808 anathemati
446 1755 586 1823 perpetuo
611 1751 771 1822 subjaceat.
789 1752 919 1852 lluiusB
971 1771 1005 1810 rr
1020 1771 1054 1810 or
1069 1771 1145 1811 nono
1157 1770 1296 1822 recussus,
1316 1771 1372 1818 our
1388 1771 1440 1810 ssr
1455 1770 1663 1810 rarsnmronro
1677 1770 1760 1810 casn·

53 1841 95 1897 rai
106 1847 178 1898 sunt
192 1845 283 1897 testes
297 1842 331 1877 000
349 1857 355 1895 :
972 1860 1026 1912 ms,
1042 1859 1118 1907 ouon
1134 1860 1249 1900 arcuna
1263 1860 1374 1900 Aurnss
1384 1845 1428 1899 ⁷⁰².

126 1929 291 1997 Rainerius,
322 1929 557 1986 archidiaconus.
583 1929 744 1986 Bonifatius
757 1930 800 1997 000,
825 1931 881 2003 Ay·
972 1933 1003 1988 ln
1020 1931 1138 1988 nomine
1160 1931 1465 1989 saueteetindividue
1488 1932 1641 1989 Trinitatis
1665 1931 1759 1989 Patris
1842 1995 1846 2007 Ι

162 2035 210 2075 mo
224 2020 268 2087 000,
286 2019 457 2084 Gosbertus,
474 2018 650 2086 Alexander,
675 2018 828 2074 cannonioi
847 2019 881 2054 000
936 2025 966 2078 et
980 2020 1044 2078 Filii
1060 2026 1089 2076 et
1109 2021 1237 2094 Spiritus
1252 2022 1362 2078 Sancti.
1379 2038 1475 2079 amen.

161 2113 190 2166 st
204 2108 324 2164 ecclesie
339 2112 438 2164 nostre
452 2106 515 2164 filii.
526 2106 740 2180 Aymericusltl,
758 2108 880 2164 canoni·
972 2111 1126 2167 lohannes.
1143 2111 1192 2166 Dei
1204 2111 1423 2184 gratiaAcchon
1438 2113 1473 2147 000
1487 2111 1652 2185 episcopus,
1669 2110 1761 2169 karis-

162 2215 214 2255 ous
231 2202 259 2253 et
274 2196 519 2253 helemosinarius
543 2197 641 2252 Sancti
668 2196 810 2270 Sepulcri.
829 2196 880 2252 Al-
935 2200 1019 2256 simis
1035 2199 1174 2267 iratribus
1189 2205 1218 2256 et
1232 2201 1402 2256 cannonicis
1416 2202 1451 2236 000
1466 2201 1559 2271 Petro,
1576 2200 1696 2258 ecclesie
1707 2202 1761 2258 Do·

57 2328 61 2333 -
161 2287 272 2344 bertus.
297 2286 469 2342 Balduinus.
500 2286 653 2353 Ricardus,
681 2286 801 2342 Cesarea
828 2287 879 2342 da·
935 2289 1759 2363 minicellcsurrectionispriori‚ceterisquefratribasin

161 2377 244 2449 piter.
901 2380 1037 2442 ,eadem
1057 2377 1180 2435 ecclesia
1203 2379 1374 2435 canonicam
1402 2378 1493 2434 vitam
1521 2379 1671 2452 protessis,
1696 2382 1759 2436 tam

88 2467 177 2522 Facta
192 2465 246 2521 luit
261 2471 342 2521 carta
357 2465 410 2521 hac
422 2466 457 2500 000
466 2465 544 2538 apud
560 2464 725 2532 Cesaream,
738 2469 879 2537 regnante
935 2468 1122 2541 presentibus
1134 2485 1222 2541 quam
1234 2468 1351 2537 suturis,
1362 2467 1497 2524 salutem.
1510 2469 1592 2524 Sicut
1602 2467 1759 2542 pastoralis

51 2569 120 2628 rege
135 2553 277 2613 Balduino
293 2556 421 2611 secundo
432 2553 622 2621 lherusalem,
635 2554 781 2625 Stephano
791 2569 879 2609 vene·
933 2574 1002 2613 cure
1017 2557 1284 2614 amministratione
1299 2557 1328 2612 in
1344 2558 1428 2614 vinea
1448 2558 1564 2614 Domini
1579 2556 1756 2614 laborantes.

50 2643 137 2700 rabili
153 2642 320 2716 patriarcha
334 2644 444 2699 ibidem
460 2644 637 2716 presidente,
663 2640 808 2700 Willelmo
833 2659 878 2698 se-
933 2648 1100 2703 animarum
1117 2646 1253 2704 iubemus
1269 2647 1411 2720 profectui
1433 2648 1587 2717 deservire,
1612 2646 1653 2704 ita
1676 2650 1707 2705 et
1720 2648 1758 2705 ad

53 2733 151 2790 cundo
166 2735 271 2806 priore,
933 2735 1115 2808 posteritatis
1142 2735 1310 2808 exemplum
1335 2737 1462 2793 fraterne
1485 2735 1578 2810 gratie
1601 2736 1757 2794 karitatem

396 2823 478 2879 LXXI
493 2824 538 2876 ⁶⁹1,
932 2825 1029 2881 verbis
1040 2840 1092 2881 nos
1100 2825 1234 2882 convenit
1243 2828 1272 2881 et
1282 2826 1419 2898 operibus
1432 2825 1629 2882 ecclesiastice
1648 2825 1758 2883 utitita-

54 2929 246 2969 rsrvraaornu
261 2930 398 2981 oraranu,
412 2927 535 2969 casanae
551 2929 665 2978 norum,
696 2928 731 2966 os
755 2929 831 2967 nouo
846 2929 879 2967 rr
933 2914 971 2971 tis
986 2914 1094 2970 intuitu
1110 2914 1326 2970 commendare.
1343 2914 1466 2970 Proinde
1481 2914 1551 2980 tuis,
1568 2915 1650 2970 Patre
1664 2915 1756 2988 prior,

187 3002 380 3041 00000500000
398 3001 508 3040 0000000
527 3002 562 3039 000
582 3000 694 3039 00000000
708 2984 752 3038 ⁶⁰²·
931 3003 1367 3075 tuorumquetratrumiustiset
1375 3003 1599 3059 rationabilibus
1610 3003 1758 3077 petitioni·

89 3092 122 3148 In
138 3091 256 3149 nomine
271 3097 370 3149 sancte
380 3091 567 3147 etindividue
577 3089 729 3146 Trinitatis
744 3089 837 3146 Patris
851 3095 879 3145 at
934 3093 1029 3149 bus⁷⁰⁷
1044 3095 1218 3158 annuentes,
1229 3091 1383 3148 eeclesiam
1394 3092 1423 3147 in
1439 3092 1548 3148 honore
1559 3093 1690 3164 Sepulori
1701 3093 1757 3150 Βο-

54 3181 120 3238 Filii
136 3186 165 3237 et
179 3181 306 3254 Spiritus
322 3181 430 3248 Sancti,
447 3197 543 3235 amen.
894 3160 917 3228 C
935 3181 1008 3236 mini
1024 3180 1053 3236 in
1070 3180 1185 3236 civitate
1198 3180 1315 3236 Acchon
1331 3181 1374 3248 000,
1392 3180 1422 3236 in
1438 3184 1515 3236 terra
1538 3179 1649 3238 scilicet
1668 3198 1757 3255 quam

90 3270 233 3337 Quoniam
248 3271 278 3326 in
308 3287 405 3326 rerum
435 3268 644 3325 donationibus
670 3269 770 3341 sepius
785 3269 879 3325 oritur
933 3288 967 3328 ex
982 3271 1057 3326 dono
1073 3267 1222 3324 lamberti
1236 3268 1304 3325 Aals
1320 3269 1487 3343 possidetis,
1507 3268 1589 3326 robis
1614 3269 1757 3327 edifican-

54 3360 279 3428 dissensio,ideo
292 3376 344 3432 ego
354 3359 511 3429 Galterius,
527 3358 648 3414 Cesaree
662 3359 809 3426 dominus,
820 3375 879 3414 mc·
933 3361 1002 3417 dam
1017 3359 1206 3415 concedimus
1221 3377 1227 3426 ;
1239 3357 1367 3430 huicque
1377 3360 1453 3414 dono
1465 3359 1500 3414 ad
1517 3359 1697 3430 perhennem
1708 3376 1759 3417 no·

55 3448 147 3506 morie
163 3449 307 3514 omnium,
324 3455 382 3504 tarn
399 3448 578 3520 presentium
594 3463 684 3518 quam
701 3448 877 3517 futurorum,
934 3448 987 3506 stri
1003 3447 1174 3504 memoriam
1190 3445 1279 3503 aliam
1295 3446 1446 3504 ecclesiam
1461 3446 1490 3502 in
1506 3447 1650 3504 territorio
1661 3449 1758 3521 cujus·

54 3539 231 3595 tradendum
246 3538 370 3602 decrevi,
384 3541 412 3593 et
430 3536 648 3608 inperpetuum
674 3541 770 3592 ratum
787 3538 879 3608 tetl⁶⁷⁷
933 3535 1758 3604 damcasalis,nomineAmimas,tribusmiliariisdistan·

55 3629 174 3683 tlrrnum
184 3632 212 3683 et
223 3626 388 3682 inviolabile
401 3626 501 3681 itidem
511 3627 601 3681 fixum
612 3642 783 3698 permanere
794 3626 880 3682 desti·
933 3631 993 3683 tem
1012 3627 1049 3682 ab
1064 3627 1136 3682 urbe
1149 3625 1264 3681 Acchon
1280 3626 1324 3692 ⁷⁰⁷,
1335 3642 1403 3681 cum
1414 3625 1461 3681 his
1476 3642 1533 3697 que
1548 3626 1584 3681 ad
1595 3641 1659 3681 cam
1670 3625 1758 3698 parti·

56 3716 121 3772 navi
136 3716 323 3772 ‹lanationem
335 3714 426 3783 illam,
444 3714 629 3771 medietatem
641 3714 752 3770 scilicet
761 3714 878 3784 casalis,
935 3720 1014 3784 nent,
1032 3713 1191 3787 pontificali
1202 3713 1373 3769 auctoritate
1383 3713 1528 3770 adicimus
1540 3732 1546 3781 ;
1558 3718 1586 3769 et
1600 3719 1759 3788 utramque·

55 3806 133 3878 quod
150 3809 269 3860 vocetur
284 3805 320 3860 de
337 3805 455 3872 Fiaisse,
471 3808 500 3860 et
514 3808 658 3860 terrarum
673 3803 880 3872 adiacentium,
935 3803 1047 3860 avobis
1063 3802 1092 3859 in
1104 3807 1277 3875 perpetuum
1289 3803 1498 3875 possidendam
1508 3801 1598 3858 libere
1608 3802 1756 3875 etquiete,

55 3911 131 3967 quas
148 3898 229 3967 pater
243 3911 327 3949 meus
337 3893 512 3950 Eustachius
524 3892 683 3949 Granerius
694 3893 774 3949 dedit
785 3892 880 3949 Domi·
935 3893 1015 3951 salvo
1030 3891 1188 3965 episcopali
1203 3892 1276 3960 iure,
1293 3892 1399 3947 damus
1414 3895 1501 3964 atque
1516 3891 1711 3948 decernimus.
1723 3892 1759 3947 st

56 3983 122 4040 nico
138 3983 277 4056 Sepulcro
292 3988 320 4037 et
336 3982 458 4039 Girardo
470 3982 570 4054 priori,
590 3986 618 4038 et
631 3998 684 4054 ego
699 3986 800 4054 postea
814 3982 881 4039 auxi
936 3987 967 4038 ut
982 3982 1036 4038 boc
1052 3986 1150 4037 nostre
1161 3981 1287 4053 gratuite
1297 3979 1490 4036 benivolentia
1501 3980 1622 4048 donnm,
1632 3980 1668 4036 ad
1679 3979 1761 4053 qaod

57 4072 205 4129 canonicis
215 4072 399 4145 regularibus
415 4071 523 4128 ibidem
535 4072 593 4127 Deo
610 4070 821 4127 famulantibus
836 4073 880 4140 000,
936 4071 1056 4144 capituli
1074 4069 1166 4125 nostri
1181 4086 1322 4125 assensus
1338 4074 1366 4124 ct
1380 4068 1535 4125 consilium
1552 4069 1702 4142 aspiravit,
1716 4086 1761 4126 ra-

57 4177 109 4234 pro
125 4161 220 4217 salute
236 4161 332 4217 enimc
348 4179 411 4218 mee
436 4168 465 4217 et
480 4161 572 4233 patris
597 4160 653 4215 mei
669 4165 882 4233 parentumque
936 4169 999 4217 tum
1011 4157 1249 4215 ctinconvulsum
1261 4158 1760 4232 permaneat,presentempaginam

56 4254 237 4318 nostrorum,
254 4255 314 4306 tam
328 4250 460 4306 vivorum
472 4266 560 4321 quam
576 4249 883 4316 detunctorum,sicuti
937 4249 972 4305 de
987 4248 1045 4314 his,
1062 4263 1118 4319 que
1132 4250 1201 4302 sunt
1215 4246 1355 4318 predicta,
1367 4252 1427 4302 tam
1437 4246 1525 4321 sigilli
1540 4246 1631 4303 nostri
1644 4245 1760 4319 apposi-

56 4339 135 4396 idem
149 4344 231 4410 pater
247 4356 330 4396 meus
346 4339 444 4394 divisit
455 4337 883 4395 territoriumacasaleSancto
937 4337 1014 4394 tione
1030 4334 1209 4409 precipimus
1225 4334 1355 4390 roborari
1383 4351 1471 4407 quam
1489 4353 1601 4401 corum,
1623 4334 1672 4408 qui
1696 4335 1760 4391 lue·

57 4428 149 4486 blarie
164 4426 253 4483 Vallis
267 4427 409 4500 iosaphat
417 4433 447 4482 et
456 4425 552 4484 casale
564 4426 665 4484 Sancti
676 4425 751 4483 Petri
763 4426 883 4484 Cesarea
938 4431 1007 4484 runt
1022 4428 1066 4494 000,
1082 4424 1249 4482 testimonio
1265 4422 1445 4491 confirmari,
1470 4425 1598 4490 Quorum
1624 4424 1676 4480 hec
1690 4427 1761 4480 sunt

57 4521 86 4575 at
100 4516 198 4574 casale
212 4516 248 4572 de
265 4515 293 4572 la
308 4517 408 4573 Forest
424 4522 452 4572 et
468 4516 563 4572 casale
587 4515 721 4573 Sabarini
745 4519 773 4571 et
788 4516 883 4572 casale
898 4532 922 4598 D
938 4518 1080 4575 nomina:

57 4606 157 4664 Sancti
174 4605 313 4661 lobannis
328 4605 448 4662 Sebaste
463 4609 492 4660 et
507 4622 524 4661 a
539 4604 710 4673 mcooasali,
724 4605 800 4677 quod
812 4621 884 4660 nun·
1011 4606 1116 4671 Adam,
1132 4602 1253 4660 ecclesie
1263 4606 1361 4658 nostre
1370 4600 1606 4658 archidiaconus.
1618 4601 1760 4671 Marinus,

58 4699 186 4768 cupatur
200 4696 236 4751 de
252 4694 359 4762 Bulles,
376 4700 404 4750 et
420 4694 507 4751 sicuti
523 4711 575 4767 ego
592 4694 739 4767 presentia
754 4695 887 4768 measig·
1047 4690 1761 4761 Nicholaus,lohannesPictaviensis⁷⁰⁷ltobertus,

58 4783 125 4842 navi
140 4789 169 4839 et
184 4783 332 4856 designari
343 4784 397 4839 leci
410 4784 439 4838 in
451 4783 630 4856 quibusdam
642 4782 713 4839 locis
726 4800 887 4857 percruoes
1048 4783 1219 4856 presbyteri.
1238 4781 1394 4837 Gocelinus
1408 4782 1442 4817 000
1460 4785 1488 4837 et
1504 4781 1652 4851 lonathas,
1672 4797 1763 4838 cano·

59 4874 90 4930 in
104 4873 229 4947 rupibus
251 4872 352 4940 tactas,
384 4873 414 4927 in
440 4872 618 4943 quibusdam
638 4876 736 4928 autem
751 4873 780 4928 ia
797 4873 888 4946 petris
1049 4871 1117 4935 nici,
1134 4870 1225 4939 Dodo,
1242 4870 1356 4936 lterius,
1374 4869 1535 4942 presbiteri.
1554 4870 1763 4928 Petrusdiaco·

58 4964 90 5020 in
105 4968 214 5020 terram
232 4962 344 5019 lixisllt
353 4963 388 4998 000
402 4960 516 5018 cartula
531 4962 739 5018 recordationis
753 4967 782 5018 et
795 4963 887 5019 dona·
1049 4977 1115 5015 nus.
1133 4959 1311 5031 Stephanus.
1327 4960 1394 5015 Leo.
1425 4959 1570 5016 lohannes
1593 4960 1629 5016 de
1653 4961 1710 5016 Bru
1721 4960 1763 5032 [n]

59 5053 151 5110 tionis
165 5057 227 5108 tam
243 5052 336 5124 patris
346 5051 403 5108 mei
417 5068 507 5123 quam
519 5050 586 5120 mci,
599 5050 679 5107 nullo
692 5051 889 5108 contradicen·
1050 5047 1145 5104 dusio.
1161 5046 1327 5106 Willelmus
1350 5053 1516 5121 Capperons
1530 5050 1575 5105 ⁷¹¹.
1591 5048 1763 5120 Balduinus,

93 5233 129 5268 ⁷⁷⁸
149 5237 180 5297 B,
200 5231 336 5303 Dcsfierse.
366 5232 401 5267 000
420 5232 451 5297 Β,
470 5231 649 5302 precipimus.
679 5231 713 5266 000
733 5235 765 5293 Β.
786 5239 864 5287 testes
883 5238 960 5289 suat.
988 5232 1021 5266 000
1041 5234 1072 5295 Β,
1093 5230 1266 5301 Bonisacias.
1297 5231 1330 5263 ²⁷⁷
1357 5234 1389 5297 Β,
1412 5231 1496 5285 Aimo.
1523 5231 1556 5265 000
1577 5230 1608 5296 Β,
1628 5231 1765 5286 somniet.

56 5305 92 5339 ⁸⁷⁷
112 5309 144 5368 Β,
165 5304 324 5359 Aimcricas.
345 5304 379 5338 000
395 5307 426 5368 Β,
443 5303 491 5357 bec
504 5311 597 5358 carto.
618 5303 650 5336 000
669 5303 703 5365 Α,
720 5301 741 5355 Β
757 5303 802 5369 68,
824 5315 867 5372 r03
891 5305 921 5369 Β,
943 5303 964 5358 l’
983 5305 1028 5357 ro.
1045 5314 1086 5356 νο.
1110 5302 1145 5335 000
1160 5306 1192 5366 Β,
1208 5301 1241 5355 de
1257 5303 1373 5357 statere.
1399 5301 1434 5337 000
1454 5300 1579 5372 Supptee
1600 5301 1714 5374 d'apres
1734 5301 1766 5370 B,

57 5372 92 5410 000
113 5375 145 5440 Β,
165 5375 355 5431 seruientibus.
377 5375 411 5410 000
426 5376 449 5429 A
468 5375 565 5445 aj0ute
586 5376 625 5439 ia,
646 5391 677 5428 cc
694 5372 744 5445 qui
760 5374 890 5432 rendrait
908 5375 939 5432 la
953 5372 1155 5431 construction
1176 5372 1211 5428 de
1227 5372 1255 5427 la
1271 5372 1377 5442 phrase
1397 5377 1477 5429 toute
1497 5372 1657 5428 differente.
1673 5371 1708 5409 000
1734 5372 1756 5427 Β

99 5445 235 5501 donicusi.
256 5447 289 5481 000
306 5446 335 5513 Β,
353 5447 515 5502 Achonensi.
530 5447 564 5481 000
580 5449 611 5510 Β,
629 5445 796 5501 Arrdoraaro.
812 5447 846 5483 000
864 5453 897 5512 A,
915 5447 995 5516 eor,
1014 5458 1059 5506 ru
1076 5445 1104 5503 lt.
1122 5445 1144 5499 lo
1156 5447 1201 5507 77,
1220 5454 1256 5498 r0.
1274 5446 1308 5479 ⁷⁷⁰
1323 5445 1351 5507 B,
1378 5444 1552 5514 Acboncnais,
1568 5445 1600 5480 000
1623 5444 1656 5514 B,
1665 5413 1767 5499 estod

44 5518 69 5551 ·⁷
111 5517 142 5581 Β,
163 5517 260 5573 Ainos.
280 5518 314 5552 ⁷⁰³
330 5523 360 5585 Β,
377 5519 479 5575 Arbon.
501 5517 536 5552 000
551 5518 581 5582 Β,
598 5519 801 5574 caeremoniam.
818 5518 851 5553 000
866 5520 899 5588 Β,
916 5517 1107 5593 peticionibus.
1128 5517 1162 5551 000
1183 5520 1214 5583 Β,
1229 5516 1329 5572 Arbon.
1345 5517 1378 5552 000
1395 5517 1427 5584 Β,
1451 5517 1556 5574 Arbon.
1567 5515 1612 5589 ,000
1626 5517 1659 5585 Β,
1679 5514 1768 5587 offusa

60 5596 142 5644 ruat.
163 5589 197 5624 000
212 5593 243 5654 Β,
259 5589 449 5647 Pictour'enar's.
471 5589 505 5625 ⁷¹⁰
524 5593 556 5655 Β,
578 5588 731 5646 Goaetinas.
747 5589 779 5626 ⁷¹⁷
797 5590 827 5658 B,
844 5592 1014 5664 capparone.
