3816 6006
60 250 127 324 ena
410 259 445 324 r.
468 263 667 327 ruoenoor
690 265 793 326 ursr.
817 259 868 326 ou
891 263 1097 327 ersaosou.
1121 263 1214 327 trra.
1232 296 1270 310 -
1286 262 1361 326 ua.
1383 261 1420 327 v.
1707 228 1768 326 ero

64 392 236 450 antiochie.
254 393 440 450 Raimundus
457 412 572 468 quoque
592 395 690 451 Sancti
711 394 816 467 AEgidii
831 412 888 451 non
903 397 930 464 Α
944 395 1063 452 nomine
1077 394 1243 468 caphaliam
1254 393 1768 469 valdepulchcrrimam,etemnibus

62 488 131 557 post
145 483 325 539 multosdies
336 483 495 541 misitsuos
507 483 888 557 legatcsltnticchiamduci
944 483 1027 540 bonis
1057 489 1200 541 ornatam.
1226 484 1409 542 Habitatcres
1432 502 1499 541 vero
1524 483 1604 541 illius
1633 483 1768 553 civitatis,

61 573 230 639 chelrido,
240 578 269 629 et
278 573 448 630 Flandrcnsi
461 574 574 640 comiti,
590 590 622 629 ac
632 573 770 629 lictberto
783 572 887 628 North·
942 573 1123 630 Christianos
1133 574 1302 648 peregrinos
1311 575 1407 630 venire
1417 574 1579 643 audientes,
1594 572 1770 630 dimiserunt

61 663 201 731 manniae,
218 667 247 718 et
262 663 444 729 Boamundo,
461 664 538 735 quod
555 663 617 736 ipsc
632 663 766 718 venirent
779 662 813 717 ud
828 663 887 717 Ru·
942 662 1091 719 civitatem
1103 680 1234 731 vacuam,
1250 668 1279 719 et
1292 664 1392 720 hortos
1408 663 1509 737 plenos
1524 661 1663 731 oleribus,
1675 665 1705 719 et
1718 662 1769 719 do·

59 752 139 808 siam
156 751 314 818 civitatem,
339 750 420 825 loqui
436 768 503 807 cum
519 769 563 808 eo.
587 751 794 823 Veneruntque
818 750 888 805 illuc
943 767 1007 807 mos
1022 751 1123 824 plenas
1134 752 1268 826 plurimis
1280 752 1426 809 alimentis
1437 749 1769 826 corporum.Tertiaau·

58 858 165 898 omnes
180 840 223 897 illi
239 842 379 906 seniores,
389 846 417 897 et
425 841 580 897 concilium
590 841 729 907 lecerunt,
742 840 888 912 quomodo
941 843 1000 895 tem
1017 840 1073 907 die,
1090 841 1198 913 egressi
1214 841 1250 896 ab
1265 840 1314 896 illa
1330 840 1453 910 civitate,
1466 844 1659 915 pervenerunt
1671 838 1770 914 peral-

57 930 191 1004 incipere
205 930 460 1004 potuisseutviam
484 930 577 986 sancti
600 929 738 1002 sepulcri,
754 945 806 1002 pro
830 946 889 1002 qua
942 932 1002 984 tam
1018 933 1047 984 et
1071 929 1246 986 immensam
1273 934 1471 1000 montaneam,
1497 934 1525 985 et
1539 928 1722 986 intraverunt
1737 929 1767 986 in

57 1020 133 1076 moti
149 1023 228 1086 sunt,
245 1023 274 1076 et
289 1019 346 1075 hue
362 1036 455 1092 usquc
470 1023 621 1074 venerunt.
640 1019 695 1074 Sed
712 1035 768 1074 uon
785 1021 887 1091 potue·
941 1015 1045 1073 vallem
1062 1018 1098 1074 de
1109 1019 1204 1074 lssau.
1221 1019 1251 1074 in
1267 1037 1326 1092 qua
1341 1023 1402 1075 erat
1418 1018 1545 1076 maxima
1560 1019 1679 1075 ubertas
1705 1017 1767 1075 iru-

58 1113 131 1166 runt
147 1110 352 1165 boamundum
375 1108 551 1165 concordare
575 1124 642 1164 cum
659 1107 824 1163 linimuudo
840 1123 888 1163 co·
943 1106 1033 1162 menti
1048 1111 1076 1162 et
1089 1109 1245 1180 pecudum,
1263 1109 1438 1181 fueruntque
1453 1106 1765 1183 perquindecimdies.

58 1200 143 1268 mite,
160 1199 217 1255 nisi
235 1199 369 1255 redderet
384 1196 410 1253 ei
426 1197 619 1254 Antiochiam.
636 1197 692 1253 Sed
704 1195 888 1252 Raimundus
943 1195 1043 1268 ibique
1058 1196 1231 1254 invenerunt
1244 1196 1324 1255 aliud
1340 1201 1470 1254 castrum
1489 1213 1625 1267 vacuum,
1642 1197 1671 1253 iu
1688 1196 1767 1270 quod

59 1290 155 1345 lacere
171 1286 277 1354 noluit,
294 1305 346 1361 pro
362 1287 469 1343 fiducia
484 1304 572 1359 quam
589 1287 695 1343 iecerat
713 1285 810 1341 lilerio
832 1276 887 1341 im-
942 1284 1039 1359 ignem
1056 1285 1375 1355 miseruntSarraceni,
1388 1290 1416 1344 et
1427 1286 1672 1361 sugerunajnxta
1687 1283 1765 1359 quod

58 1378 198 1452 peratori.
215 1378 340 1450 Ideoque
355 1378 414 1432 dux
429 1376 516 1433 etalii
542 1376 663 1433 comites
687 1376 793 1432 reversi
819 1378 889 1431 sunt
942 1378 1003 1430 eret
1018 1373 1097 1430 aliud
1113 1377 1254 1442 castrum,
1269 1373 1299 1431 in
1315 1380 1451 1449 quaerat
1474 1379 1650 1451 congregata
1664 1373 1766 1433 multi·

57 1467 230 1524 Antiochia.
247 1466 432 1522 linimundus
448 1482 564 1539 quoque
588 1464 693 1521 Christi
716 1462 825 1520 athleta
840 1481 886 1521 rc·
941 1463 1012 1518 tudo
1029 1463 1156 1520 maxima
1171 1481 1362 1538 paganorum.
1383 1463 1457 1521 Illud
1479 1464 1691 1540 aggrediuntur
1704 1467 1765 1521 tam

56 1555 160 1615 vareias
172 1562 216 1613 est
232 1557 268 1612 ad
284 1557 409 1612 Marram
419 1555 577 1620 civitatem,
589 1554 638 1610 ubi
651 1556 733 1608 erant
742 1552 886 1626 peregrini
942 1551 1054 1608 fortiter
1067 1552 1158 1609 nostri
1174 1553 1328 1628 peregrini,
1345 1555 1422 1626 quod
1438 1554 1468 1610 in
1484 1571 1539 1612 sua
1553 1556 1698 1628 potestate
1713 1553 1765 1611 ha·

57 1647 153 1703 sancti
170 1645 307 1719 sepulcri,
323 1648 351 1701 et
367 1643 447 1699 misit
464 1660 533 1700 suos
558 1642 692 1698 homines
715 1640 885 1709 Antiochia,
941 1641 1083 1711 buissent,
1101 1642 1156 1699 nisi
1174 1643 1582 1716 SarraceniJactassenttoras
1595 1643 1765 1702 innumeras

56 1743 91 1792 ut
106 1737 165 1809 ipsi
182 1735 332 1790 munirent
347 1738 435 1806 atque
448 1732 630 1788 custodirent
654 1729 795 1804 palatium
817 1729 885 1785 Cas·
900 1771 924 1840 B
941 1735 1055 1787 turmas
1070 1730 1253 1788 animalium.
1272 1732 1387 1789 Reversi
1403 1736 1474 1790 sunt
1488 1737 1585 1791 autem
1599 1733 1702 1802 nostri,
1718 1733 1767 1799 de·

57 1826 134 1882 siani
150 1823 294 1891 Amiralii,
317 1823 394 1896 quod
422 1822 548 1877 habehat
563 1820 593 1876 in
611 1837 665 1876 sua
689 1822 841 1893 potestate,
858 1822 886 1874 et
940 1819 1080 1877 ducentes
1096 1837 1195 1877 secum
1213 1820 1353 1878 animalia
1367 1821 1403 1878 ad
1420 1840 1474 1879 sua
1488 1823 1624 1880 tentoria.
1641 1819 1764 1882 Summo

56 1919 169 1969 turrem
185 1928 249 1985 quae
265 1914 409 1983 estsuper
420 1908 641 1982 portampontis
658 1906 885 1964 contrahiachc-
939 1914 1036 1967 autem
1053 1909 1183 1968 diluculo
1198 1909 1379 1985 collegerunt
1392 1911 1485 1968 nostri
1500 1929 1570 1969 suos
1590 1910 1763 1988 papillcues,

56 2003 194 2058 mariam.
211 2006 243 2056 ln
260 1999 317 2056 ista
341 1998 456 2054 civitate
480 2014 597 2070 quoque
613 1997 668 2052 tuit
690 2002 824 2052 mortuus
838 2012 883 2052 sa·
940 2003 1027 2070 atque
1042 2002 1184 2056 venerunt
1199 2001 1234 2056 ad
1249 1998 1326 2056 idem
1342 2003 1472 2057 castrum
1483 2001 1546 2073 jam
1562 1999 1764 2074 supradictum

56 2095 142 2167 piens
158 2090 290 2149 Oriensis
304 2089 469 2163 episcopus,
479 2088 585 2160 'ibique
599 2088 703 2143 morati
720 2091 789 2143 sunt
803 2102 883 2159 pere·
939 2088 1082 2156 obsidere,
1097 2092 1126 2145 et
1140 2106 1195 2145 sua
1209 2087 1332 2145 tentoria
1344 2089 1387 2146 ibi
1401 2088 1690 2146 voluerunttendere.
1708 2078 1764 2147 Sed

56 2183 133 2257 grint
160 2199 211 2256 per
235 2197 327 2236 unurn
354 2195 487 2234 mensem
514 2181 542 2233 et
565 2180 692 2249 quatuor
715 2175 787 2231 dies.
812 2174 884 2232 Boa-
939 2194 1010 2251 gens
1026 2194 1141 2251 pagana
1155 2176 1373 2234 omnimodedit
1383 2177 1627 2253 sesefugae,circa
1637 2177 1763 2235 mediam

57 2272 189 2327 mundus
204 2269 326 2342 cupiens
349 2266 457 2322 habere
479 2264 626 2320 civitatem
650 2262 808 2319 Antiochia
830 2279 885 2318 sua
939 2272 1064 2333 noctem,
1080 2272 1110 2323 et
1124 2267 1238 2323 dimisit
1253 2271 1517 2325 castrumvacuum
1528 2267 1622 2325 sancti
1638 2267 1764 2342 sepulcri

55 2362 173 2429 virtute,
191 2374 293 2414 omncs
317 2357 452 2412 homines
476 2352 633 2409 Raimundi
657 2352 756 2408 Sancti
779 2349 883 2425 AEgidii
939 2356 1108 2428 peregrinis.
1130 2356 1274 2412 intrantes
1287 2359 1383 2413 autem
1401 2361 1530 2414 castrum
1547 2354 1701 2432 peregrini,
1722 2349 1765 2415 tbi

56 2467 111 2506 sua
124 2449 235 2504 virtute
247 2446 342 2519 ejecit.
360 2444 441 2512 Quod
458 2443 643 2499 Raimundus
662 2457 729 2497 cum
754 2441 885 2497 audisset
939 2445 1112 2502 invenerunt
1127 2446 1162 2501 de
1178 2461 1242 2501 rore
1258 2443 1321 2501 coeli
1337 2446 1560 2516 abundantiam,
1577 2444 1687 2504 scilicet
1702 2444 1764 2504 iru-

55 2536 166 2595 Christi
183 2537 303 2602 athleta,
314 2532 546 2607 parvipendit,et
561 2531 647 2587 sicuti
660 2528 883 2586 servusbomini
938 2538 1081 2602 mentum,
1097 2533 1209 2601 vinum,
1227 2538 1256 2590 et
1270 2533 1404 2605 larinum,
1421 2538 1450 2591 ct
1464 2535 1572 2607 oleum,
1589 2534 1762 2611 etgaltinas,

54 2628 152 2684 nostri
167 2626 238 2683 Jesu
254 2623 360 2682 Christi
376 2621 495 2694 incaepit
509 2621 584 2676 viam
602 2620 695 2676 sancti
708 2618 846 2692 sepulcri,
856 2623 884 2674 et
938 2627 965 2679 et
980 2621 1123 2695 quidquid
1139 2640 1212 2695 opus
1228 2627 1299 2678 erat.
1317 2622 1378 2679 illic
1394 2624 1581 2682 devotissime
1595 2623 1762 2681 celebrave-

54 2716 145 2773 enivit
160 2714 248 2771 nudis
263 2713 386 2788 pedihus
403 2712 438 2768 de
447 2710 562 2766 civitate
570 2709 655 2766 tertio
665 2708 832 2764 decimodic
841 2706 884 2764 in·
936 2717 1006 2767 runt
1021 2711 1207 2767 testivitatem
1224 2716 1331 2769 sancte
1347 2711 1446 2770 Mariae
1458 2712 1682 2782 rarificationis,
1699 2730 1763 2787 que

54 2811 153 2863 trente
165 2803 316 2871 denuncio,
333 2805 361 2857 et
377 2800 557 2874 pervenitad
574 2803 702 2855 castrum
718 2795 881 2869 Capharda,
937 2804 981 2857 est
996 2801 1127 2857 secunda
1141 2800 1188 2857 die
1204 2800 1365 2858 Februarii.
1387 2801 1594 2876 Veneruntque
1617 2801 1763 2861 nantilde

53 2896 133 2970 quod
151 2893 242 2951 distat
257 2909 308 2965 per
322 2894 385 2947 octo
402 2888 548 2956 milliaria,
571 2887 670 2959 ibique
692 2889 824 2942 moratus
838 2889 882 2942 est
936 2891 1053 2947 Caurela
1067 2891 1194 2962 civitate,
1210 2889 1387 2949 deducentes
1395 2909 1495 2949 secum
1503 2908 1595 2965 equos
1610 2897 1638 2950 et
1645 2909 1761 2964 aurum,

53 3003 106 3058 per
129 2989 192 3041 tres
208 2982 281 3039 dies.
303 2980 364 3037 illic
389 2979 524 3052 adjunxit
540 2994 571 3033 se
595 2977 751 3032 lietbertus
775 2973 881 3030 North·
936 2997 999 3052 que
1016 2979 1150 3036 mittebat
1164 2980 1245 3038 illius
1264 2979 1389 3037 civitatis
1412 2997 1461 3037 rex
1476 2980 1641 3042 Roimundo
1663 2977 1766 3045 Sancti

54 3073 182 3131 mannia
207 3088 275 3128 cum
296 3087 340 3126 ec.
367 3069 425 3125 Rex
449 3070 546 3123 autem
572 3069 705 3122 Cesarea
730 3063 879 3118 multoties
935 3067 1048 3143 AEgidii,
1065 3068 1187 3141 cupiens
1202 3069 1371 3126 concordari
1387 3086 1455 3126 cum
1470 3086 1514 3135 co,
1530 3069 1763 3142 promittensque

54 3165 179 3220 miserat
193 3178 263 3217 suos
283 3158 390 3215 milites
406 3162 434 3213 et
449 3155 568 3212 nuntios
590 3154 756 3211 ltaimundo
784 3149 882 3207 sancti
897 3143 918 3208 C
937 3156 1118 3213 Christianos
1132 3156 1262 3229 diligere,
1278 3161 1306 3214 ct
1319 3157 1532 3231 diligentercos
1547 3157 1655 3231 ubique
1670 3155 1763 3215 hono·

54 3251 162 3328 AEgidii
177 3252 213 3308 ad
223 3250 349 3307 Murram
359 3248 505 3304 civitatem
514 3244 713 3317 etCapharda‚
726 3242 802 3315 quod
815 3258 882 3297 cum
938 3263 1012 3302 rare.
1028 3244 1087 3301 Rex
1098 3262 1215 3319 quoque
1223 3246 1492 3319 Tripolissimiliter
1500 3245 1634 3303 mittebat
1643 3246 1763 3306 nuntios

54 3361 87 3401 eo
103 3341 245 3418 cupiebat
258 3338 439 3402 concordari,
455 3340 483 3391 et
498 3353 570 3391 suus
585 3334 698 3390 amicus
711 3329 796 3399 ethei,
809 3334 836 3386 et
847 3330 882 3386 dc
937 3352 1007 3391 suos
1022 3334 1187 3392 Raimundo
1213 3335 1312 3392 Sancti
1326 3335 1442 3410 AEgidii,
1467 3336 1626 3408 volensque
1645 3352 1712 3392 cum
1727 3352 1761 3394 eo

57 3449 111 3490 suo
126 3447 218 3488 censu
230 3427 255 3485 ei
271 3429 340 3484 dare
353 3426 468 3483 volebat
484 3429 627 3498 quantum
642 3421 724 3487 libet,
736 3420 883 3492 nimisque
937 3441 1038 3497 pacem
1054 3423 1172 3492 habere,
1196 3424 1220 3480 si
1236 3423 1279 3480 illi
1301 3425 1442 3497 placeret;
1466 3423 1606 3500 misitque
1620 3423 1646 3482 ai
1660 3425 1761 3483 decem

56 3520 196 3595 cupiebat
209 3517 391 3575 Christianos
406 3514 536 3588 diligere,
547 3512 719 3569 etsrduciam
735 3509 883 3566 eivolehat
937 3530 1038 3587 equos,
1055 3517 1083 3569 et
1098 3516 1224 3586 quatuor
1239 3512 1345 3580 mulas,
1361 3517 1390 3569 et
1406 3512 1514 3571 multos
1530 3514 1690 3588 bysantios.
1706 3507 1764 3581 sert

57 3612 164 3679 lacere,
180 3608 258 3682 quod
270 3609 413 3679 quantum
430 3603 593 3677 pertinebat
608 3602 643 3656 ad
659 3616 747 3656 suurn
759 3614 881 3671 regnum
937 3620 1035 3659 comes
1050 3602 1091 3658 ait
1107 3601 1187 3658 uulrc
1203 3603 1288 3658 modo
1304 3618 1405 3674 pacem
1421 3602 1539 3672 habere,
1555 3603 1612 3660 nisi
1628 3600 1769 3662 Christis.

57 3697 156 3757 securi
172 3697 298 3755 tuissent
313 3695 375 3752 sine
390 3693 449 3750 ullo
472 3707 588 3765 pavore,
604 3695 632 3746 et
650 3687 836 3763 promittebat
851 3703 883 3743 se
937 3710 994 3748 nus
1009 3692 1182 3748 efficeretur.
1200 3691 1281 3759 Quod
1297 3707 1347 3747 rex
1368 3689 1513 3764 promisit,
1529 3696 1558 3750 et
1572 3692 1687 3750 annuit.
1712 3690 1766 3751 bx·

58 3792 128 3846 dare
143 3791 305 3845 mercatum
318 3786 353 3841 de
369 3783 451 3856 equis
468 3786 496 3838 et
508 3778 708 3853 corporalibus
723 3776 881 3833 alimentis.
938 3785 1041 3838 euntes
1054 3785 1153 3837 autem
1169 3780 1262 3837 nostri
1277 3779 1313 3837 de
1328 3780 1379 3838 illa
1394 3780 1507 3855 optima
1528 3780 1613 3851 valla,
1629 3797 1768 3855 pervene-

56 3879 198 3935 Eaierant
213 3880 310 3933 autem
326 3872 483 3947 peregrini,
496 3872 674 3927 etvenerunt
684 3867 826 3941 hospitari
837 3884 884 3922 su·
938 3876 1007 3927 runt
1023 3872 1058 3927 ad
1076 3870 1225 3944 quoddam
1241 3874 1384 3942 castrum,
1396 3869 1475 3943 quod
1491 3868 1726 3946 diciturhrchas,
1739 3870 1769 3929 in

56 3985 110 4041 pra
124 3964 329 4038 dumen,quod
341 3957 881 4032 diciturPharpharjuxtaCasaream.
938 3960 984 4016 die
996 3961 1093 4029 Lunae,
1110 3958 1223 4016 scilicet
1238 3958 1485 4017 secundaieriain
1497 3959 1594 4017 madio
1606 3958 1769 4021 Februariir

57 4060 118 4115 iiax
133 4061 243 4124 autem,
259 4059 416 4128 postquam
433 4051 504 4107 vidit
526 4051 702 4106 Francorum
725 4045 883 4103 exercitum
938 4048 1016 4105 circa
1032 4049 1108 4121 quod
1134 4048 1259 4105 tentoria
1285 4049 1418 4106 fixerant.
1447 4050 1528 4116 Quod
1550 4054 1680 4107 castrum
1705 4053 1770 4108 erat

57 4151 119 4203 tam
135 4161 226 4218 prope
241 4143 388 4199 civitatem
404 4138 557 4212 hospitari,
576 4135 703 4192 nimisin
718 4152 770 4191 suo
785 4133 883 4190 animo
939 4137 1058 4210 plenum
1074 4137 1281 4194 innumerabili
1304 4143 1390 4212 gente
1414 4155 1608 4213 paganorum,
1634 4138 1769 4201 videlicet

57 4233 221 4302 condoluit,
236 4223 884 4290 etmisitmercatumdevetari,nisiacivitate
938 4229 1112 4294 lurcorum,
1143 4228 1381 4299 Sarracenorum,
1416 4228 1555 4296 Arabum,
1591 4226 1766 4286 Publicano-

57 4324 251 4381 discederent.
268 4320 402 4377 Crastino
414 4335 481 4373 vero
497 4316 579 4372 misit
598 4332 665 4371 oum
683 4313 742 4370 illis
762 4315 883 4380 Turcos,
940 4334 1016 4383 rum,
1029 4321 1058 4372 et
1073 4314 1398 4390 aliorumpaganorum,
1409 4315 1771 4389 quimunieruntmirabi.

58 4415 108 4486 qui
118 4414 162 4470 ais
178 4406 638 4474 monstrarentiluminisvadum,
651 4421 759 4477 cosque
774 4403 885 4459 condo·
939 4403 1006 4459 liter
1020 4401 1092 4458 illud
1108 4406 1249 4472 castrum,
1266 4407 1296 4460 et
1310 4403 1507 4490 detendchant
1520 4421 1551 4460 se
1573 4403 1693 4463 [cmiter.
1717 4409 1769 4462 Ca·

58 4505 168 4568 carent,
185 4516 278 4572 usque
292 4496 421 4554 invenire
431 4493 541 4568 aliquid
552 4493 715 4567 potuissent
723 4494 760 4548 ad
769 4492 885 4566 capien·
904 4517 926 4580 D
943 4497 1037 4549 strum
1051 4497 1238 4565 quoqucerat
1249 4491 1458 4550 nimisiortcet
1468 4493 1560 4550 altum
1570 4511 1770 4567 superquam·

59 4596 142 4649 dum.
158 4590 268 4647 Deinde
281 4590 422 4644 venerunt
437 4586 466 4641 iu
484 4584 642 4656 quamdam
656 4582 759 4639 vallem
784 4582 889 4639 subtus
944 4582 1012 4637 dam
1028 4584 1168 4650 montem,
1185 4586 1214 4638 et
1225 4581 1524 4639 claudituraduobus
1535 4583 1638 4640 muris.
1651 4582 1713 4641 Uno
1725 4582 1772 4641 die

58 4687 189 4739 castrum
205 4679 364 4752 quoddam,
389 4675 488 4748 ibique
509 4673 683 4729 invenerunt
708 4671 774 4746 plus
795 4687 884 4745 quam
939 4671 1071 4727 exierunt
1086 4670 1773 4746 quatuordecimexncstrismilitibus,etequi·

58 4770 141 4828 mille
157 4767 304 4834 animalia,
316 4771 345 4822 et
359 4762 630 4828 satislrumenti,et
645 4760 795 4828 aliaboua,
809 4760 885 4816 unde
939 4760 991 4815 tati
1008 4764 1079 4816 sunt
1095 4758 1237 4832 Tripolim
1264 4759 1425 4833 civitatem,
1451 4778 1515 4836 qua
1538 4760 1628 4819 distat
1644 4767 1774 4821 acastre

58 4860 150 4918 nimie
166 4857 222 4914 ruit
238 4856 343 4913 relecta
353 4859 415 4911 tcta
427 4853 534 4910 Christi
545 4850 660 4906 militia.
673 4851 783 4906 Tamen
794 4847 886 4905 domi·
940 4853 1004 4904 octo
1020 4847 1168 4904 milliaria.
1184 4847 1235 4904 isti
1252 4849 1371 4908 suerunt
1381 4845 1501 4920 milites,
1514 4849 1627 4908 scilicet
1637 4850 1777 4910 Raimun·

58 4967 117 5007 nus
133 4947 213 5004 illius
233 4943 322 5002 castri
344 4943 537 5000 concordatus
560 4946 604 4998 est
620 4956 686 4995 cum
710 4938 885 5009 hainmaro,
941 4940 996 4995 dus
1011 4938 1047 4993 de
1063 4939 1177 4993 Torena
1191 4936 1363 5009 vicecomes,
1389 4942 1418 4996 et
1432 4939 1535 4996 Petrus
1561 4939 1721 4998 vicecomes
1737 4940 1774 4998 de

58 5040 144 5112 eique
159 5035 277 5093 donavit
292 5051 392 5107 equos,
410 5037 438 5089 et
454 5030 622 5097 aliamulia,
633 5033 661 5084 et
677 5026 886 5102 sualegejura·
941 5026 1096 5093 castellon,
1123 5030 1152 5082 et
1174 5027 1341 5084 Amauevus
1365 5028 1400 5084 de
1427 5029 1567 5098 Lobreto,
1582 5032 1611 5085 et
1625 5027 1776 5100 Sicardus,

58 5130 101 5184 vit
118 5126 195 5199 quod
212 5123 340 5197 amplius
355 5121 515 5195 peregrinis
531 5136 589 5174 non
605 5121 730 5174 noceret.
747 5116 886 5172 Raimun·
940 5121 969 5172 et
981 5117 1056 5190 Bego
1072 5115 1107 5172 dc
1123 5111 1248 5186 hiberie,
1265 5116 1442 5174 Guillalmus
1457 5118 1572 5188 Botius,
1594 5122 1624 5176 at
1637 5117 1686 5176 alii
1702 5136 1774 5192 quo·

59 5220 117 5273 dus
132 5214 172 5270 ibi
188 5229 257 5269 cum
273 5228 327 5268 suo
341 5210 467 5266 exercitu
481 5225 533 5281 per
547 5205 887 5279 quinquediesmcratus
941 5222 1008 5260 rum
1024 5203 1266 5277 nominaigncro.
1279 5205 1331 5261 isti
1343 5205 1566 5279 quatuordecim
1578 5204 1687 5264 milites
1699 5207 1776 5265 inve·

59 5312 115 5364 est.
132 5301 249 5379 Egressi
264 5300 333 5357 inde
348 5301 542 5373 pervenerunt
563 5294 670 5352 Christi
691 5293 835 5367 peregrini
851 5293 888 5351 ad
943 5299 1050 5350 nerunt
1065 5293 1217 5366 sexaginta
1233 5292 1310 5350 inter
1324 5295 1436 5353 'lurcos
1450 5298 1479 5352 ct
1492 5295 1617 5366 Arabes,
1639 5295 1776 5357 Sarrace-

61 5393 141 5454 aliud
165 5392 295 5450 Arabum
320 5393 460 5456 castrum,
484 5389 569 5460 cujus
594 5384 730 5443 dominus
755 5384 890 5440 similiter
944 5401 1008 5452 nos,
1025 5387 1053 5439 et
1069 5385 1184 5451 curtos,
1199 5383 1250 5456 qui
1265 5382 1451 5442 deducebant
1465 5390 1533 5447 aute
1548 5403 1579 5445 se
1593 5391 1712 5444 nostros
1723 5386 1778 5444 he·

61 5482 259 5544 concordatus
275 5483 394 5536 estcum
403 5476 578 5535 Raimundo
589 5472 814 5531 indeaxeuutes.
826 5465 890 5547 'per-
945 5473 1052 5540 mines,
1066 5474 1096 5528 et
1110 5470 1251 5528 animalia
1266 5473 1360 5548 magis
1375 5490 1465 5548 quam
1480 5473 1562 5533 mille
1586 5474 1779 5551 quingentos,
1795 5524 1800 5547 ,Α

59 5563 254 5636 γωσινιωτὶιι
277 5568 436 5646 quamdam
457 5565 563 5626 vallem
578 5563 614 5624 ad
634 5575 725 5624 unam
746 5560 891 5626 civitatem
946 5564 1025 5635 Quos
1041 5561 1212 5623 invaserunt
1227 5561 1320 5623 nostri
1334 5559 1445 5624 muniti
1460 5561 1546 5647 signo
1561 5561 1675 5624 crucis:
1701 5556 1779 5625 ocei-

227 5695 360 5764 Parnoi.
383 5695 469 5763 chi.
1579 5692 1620 5763 ³0
