3816 6006
179 160 257 231 &ddi

543 159 718 224 busseul
739 158 1057 246 usulccsnsnffls
1079 161 1262 225 asculus.
1286 164 1520 230 salutabis.

1818 165 1874 242 aa

179 302 271 372 nicet
284 293 515 363 confirmatione,
530 311 607 351 auno
619 296 655 352 ab
676 293 876 351 incarnatione
888 293 1000 349 Domini
1014 298 1040 362 Α
1055 312 1172 365 sainna,
1185 297 1247 353 sola
1261 298 1316 365 Dei
1327 299 1525 358 misericordia
1540 298 1784 371 Mediolaneusis
1800 301 1874 371 Ecce

179 390 354 451 natricem
369 386 476 445 Christi
491 385 648 442 millesimo
664 383 833 454 centesimo,
845 381 1003 439 indictione

179 490 289 548 octava,
306 479 375 534 idus
390 476 469 534 Julii.

204 572 272 645 Ego
288 566 441 625 anselmus
457 561 642 637 quartus‚Dci
657 560 751 634 gratia
766 559 1002 632 archiepiscopus

177 658 291 717 firmavi
306 661 334 713 et
349 673 389 712 ss.

203 750 272 822 ,Ego
283 744 466 803 Grosolunus
482 742 620 815 indiguus
637 741 725 819 episc.
743 738 856 794 laudari
874 744 902 793 ct
917 756 956 793 ss.

198 838 271 910 „Ego
283 836 413 892 Andreas
429 830 712 905 presbprimicerius
725 827 838 884 laudavi
856 832 883 882 ct
898 846 937 881 ss.

211 929 270 1000 Ego
286 921 511 985 Landullusallci
528 920 621 994 gralia
637 918 803 974 Nazariainc
819 915 945 972 ecclesian
967 916 1001 970 li-

175 1021 221 1074 cet
235 1009 563 1087 indiguuspraepcsitus
579 1008 693 1063 laudari
710 1012 738 1062 ct
753 1024 793 1060 ss.

204 1105 267 1178 Ego
282 1100 445 1160 bandellus
461 1097 656 1170 notarius,qui
672 1096 804 1152 ctdictus
816 1094 1000 1167 praepositus,

174 1192 291 1253 laudavi
306 1197 336 1248 et
350 1191 448 1247 subsc.

192 1284 268 1358 „bigo
282 1280 438 1338 Ansolmus
454 1277 633 1350 archipresb.
651 1273 766 1330 laudavi
783 1278 810 1328 ct
826 1291 865 1328 sa

193 1373 273 1446 Ego.
284 1369 532 1427 Heuricusahbas
546 1361 846 1431 Padulcusislaudavi
863 1367 891 1417 et
906 1379 945 1418 ss.

191 1461 266 1535 :ligo
280 1457 458 1533 Alipraudus
472 1453 663 1512 cancellarius
673 1451 789 1507 laudavi
805 1456 833 1506 et
847 1469 887 1506 ss.

196 1551 271 1623 Ego
284 1546 446 1622 Dionysius.
454 1545 607 1618 presbyter
621 1542 736 1599 laudavi
754 1546 781 1597 ct
797 1556 838 1595 ss.

193 1641 272 1713 ..Ego
280 1638 431 1712 presbyter
445 1634 612 1691 Bouilacins
628 1631 744 1688 laudavi
759 1635 787 1685 ct
803 1647 842 1684 ss.

206 1730 270 1803 Itlgc
282 1727 433 1800 presbyter
446 1725 581 1780 tilbertus
597 1720 712 1778 laudavi
728 1725 756 1775 ct
771 1737 811 1776 ss.

205 1820 269 1891 Ego
282 1815 437 1890 presbyter
447 1811 611 1870 Landullus
625 1808 742 1866 laudavi
759 1812 787 1863 cl·
802 1825 841 1863 ss.
941 1888 946 1894 Ι

190 1908 270 1981 :Ego
281 1905 430 1979 presbyter
444 1901 588 1959 hienricus
602 1899 717 1956 laudavi
729 1903 757 1954 et
773 1915 813 1953 ss,

207 1997 265 2069 Ego
279 1990 605 2052 archidiac..Tedaldus
619 1989 736 2045 laudavi
752 1991 779 2042 ct
795 2004 834 2042 ss.

190 2087 268 2159 ,Ego
280 2085 357 2142 Rozo
373 2082 514 2139 diaconus
526 2079 642 2135 laudavi
658 2081 686 2133 el
702 2094 741 2133 ss.

183 2176 264 2248 „spo
278 2170 466 2246 Dacprandus
482 2168 556 2225 diac.
573 2166 687 2223 laudavi
703 2170 731 2222 et
746 2183 785 2221 ss,

188 2265 268 2338 „Ego
280 2260 422 2321 Hearicus
436 2258 585 2316 vicediac.
603 2256 718 2313 laudavi
734 2261 762 2312 et
779 2272 817 2310 ss.

194 2353 270 2427 „Ego
280 2346 591 2408 Adambiortariensis
607 2345 715 2402 electus
729 2343 844 2399 laudavi
860 2347 888 2399 et
903 2360 943 2397 ss.

187 2437 455 2516 ..Egossuillclmus
470 2433 643 2514 monasterii.
655 2432 831 2489 S.Ambr0sii
850 2433 941 2488 abhas
958 2432 997 2486 in-

171 2528 377 2608 dignuslaud.
388 2531 417 2586 et
429 2526 530 2583 subsc.

186 2622 268 2695 suga
280 2620 407 2677 Joannes
419 2617 510 2675 abbas
524 2616 551 2672 S.
566 2612 751 2687 Simpliciani
765 2611 880 2668 laudavi
896 2615 925 2667 et
939 2629 979 2666 ss.

206 2711 266 2785 Ego
281 2708 425 2766 Martinus
440 2704 611 2763 monasterii
623 2705 653 2761 S.
664 2702 738 2763 Celsi
753 2701 893 2775 indiguus
908 2701 998 2757 abbas

170 2797 438 2859 laudaviet-sahsc.

188 2886 426 2963 ,Egobraaldus
450 2885 591 2959 indignus
606 2883 697 2940 abbas
712 2881 880 2939 monasterii
898 2879 997 2936 Sancti

171 2977 305 3054 Dionysii
316 2976 432 3035 laudavi
448 2979 477 3032 et
491 2991 530 3032 ss.

1058 383 1106 438 sim
1122 384 1369 460 archiepiscopus.

1093 474 1231 530 Convenit
1252 482 1351 533 nostro
1366 478 1531 536 Christiano
1547 478 1760 543 moderamini,
1771 479 1820 554 pie
1832 479 1878 541 aab

1056 563 1142 635 giono
1157 582 1189 620 ac
1198 565 1544 641 benevolacompassioue
1554 568 1646 626 alacri
1658 574 1878 644 menteposcea·

1056 653 1129 707 tium
1140 655 1247 710 auinris
1258 658 1700 730 assensumimpertireidcirso
1713 660 1757 720 ad
1766 666 1877 721 nostran
1907 659 1908 674 ¹

1056 743 1259 800 alletoritatem
1276 745 1400 817 pertinet
1414 752 1535 804 cunctos
1550 748 1812 811 natraacelesiae
1823 749 1877 807 fitia

1056 838 1176 902 paterno
1192 834 1295 889 allecto
1311 835 1433 909 diligere
1443 840 1471 893 et
1481 837 1731 910 optatmpietatis.
1741 855 1826 912 opem
1836 856 1874 895 aar

1056 920 1209 994 denegare.
1225 925 1265 978 Ex
1280 924 1335 981 hoc
1350 924 1428 981 enim
1443 924 1515 980 lucri
1531 925 1736 999 potissimum¹
1748 931 1873 1001 premium

1057 1011 1134 1080 apud
1150 1012 1242 1067 Datim
1256 1013 1389 1069 omnium
1404 1013 1585 1070 conditorem
1594 1003 1874 1087 promeremurtlur·

1056 1103 1174 1171 proptor
1189 1101 1326 1157 tiirrnibus
1342 1103 1451 1159 nostris
1465 1103 1603 1159 fidelibus
1616 1108 1680 1160 tam
1694 1105 1872 1179 praesentibus

1057 1205 1145 1260 quam
1162 1195 1191 1245 ct
1215 1191 1320 1247 tuturis
1337 1197 1439 1248 notum
1455 1192 1517 1251 fieri
1533 1193 1674 1250 volumus
1696 1194 1787 1271 quad
1800 1197 1871 1262 cusia

1056 1283 1156 1334 nostru
1173 1280 1382 1338 Mediolanensi
1398 1281 1594 1339 ecclesiacum
1603 1282 1872 1355 nostrispardiuuti

1055 1368 1111 1424 bus
1126 1370 1161 1425 de
1185 1376 1353 1426 nostrarum
1376 1371 1541 1428 animarum
1565 1370 1664 1438 §filule
1682 1371 1872 1447 &59¹²ssle

1056 1463 1223 1514 nostrorum
1248 1459 1390 1529 fidelium,
1417 1459 1527 1519 scilicet
1547 1458 1661 1525 Arialdi
1687 1462 1873 1533 camurana·

1057 1547 1872 1626 lrnlrunracAloniseorumconsauguiuei.-de,Mecegcsaa

1057 1634 1342 1708 implorathanctae
1358 1638 1454 1695 blariae
1470 1638 1623 1696 ecclesiam
1638 1640 1676 1695 de
1696 1638 1873 1712 Caluennae}

1055 1742 1143 1796 qnam
1160 1743 1193 1781 ex
1210 1732 1310 1782 nostra
1334 1727 1456 1783 ecclesia
1481 1728 1621 1784 tenebant
1640 1728 1735 1803 longo
1751 1733 1873 1804 tempora

1055 1830 1121 1870 cum
1140 1821 1215 1871 terra
1231 1833 1263 1871 ac
1278 1834 1389 1886 eorum,
1403 1816 1515 1873 scilicet
1538 1814 1650 1873 trialdi
1676 1823 1707 1886 et
1724 1819 1875 1886 Lanlranci,

1054 1905 1479 1978 propriipraediidecimisquas
1486 1907 1659 1979 adpraesens
1666 1913 1875 1976 concesseruut.

1054 1996 1082 2047 ct
1097 1994 1234 2050 omnibus
1250 1993 1335 2050 honis
1350 2011 1504 2066 quaenunt
1518 1995 1701 2077 hohstetin
1709 1986 1875 2070 perpetuum

1053 2080 1174 2153 adipisci
1192 2084 1328 2155 potnerit,
1345 2089 1451 2140 sanctie
1467 2083 1653 2144 cluniacensi
1669 2084 1875 2157 sociauimus

1053 2171 1874 2255 cessimuslnsupervolumusetlaudamnanuodsi'qujs

1054 2276 1154 2316 corum
1170 2261 1319 2319 haredum
1334 2263 1378 2320 vel
1390 2262 1464 2319 alias
1473 2261 1749 2336 quilibcthomode
1760 2263 1873 2332 ecclesiis

1053 2366 1143 2421 supro
1154 2369 1254 2407 eorum
1268 2352 1408 2425 praedium
1418 2350 1569 2413 aedificatis
1580 2350 1872 2429 ael-aedificandisppl

1053 2456 1153 2494 eorum
1170 2440 1301 2507 decimis,
1318 2459 1351 2497 eo
1374 2441 1536 2513 inspirante
1560 2441 1611 2513 qui
1633 2440 1688 2497 ubi
1703 2440 1772 2499 vult
1788 2441 1871 2516 spirat

1053 2533 1215 2600 pretaxate
1231 2530 1359 2587 ecclosias
1374 2531 1505 2587 conlerrs
1518 2530 1655 2604 voluerit,
1672 2531 1809 2600 conserat
1822 2548 1872 2600 cau

1053 2618 1102 2674 Dei
1120 2618 1322 2677 bencdictione
1334 2624 1363 2677 et
1378 2620 1433 2678 hac
1448 2618 1872 2693 nostraccuccssiops,eoscdi

1052 2712 1098 2763 cet
1113 2708 1214 2764 ordino
1232 2717 1262 2765 ut
1275 2714 1376 2766 nostra
1391 2710 1510 2782 praelata
1520 2707 1646 2769 ecclesia
1657 2708 1696 2766 de
1707 2699 1871 2767 calvenzano

1053 2799 1157 2853 amodo
1174 2798 1285 2872 absque
1300 2799 1428 2872 penditio
1442 2803 1472 2855 et
1493 2797 1666 2867 conditione
1682 2798 1786 2865 ,Libera
1800 2798 1872 2856 libare

1052 2884 1236 2942 cluniacensi
1252 2888 1382 2944 coenobia
1402 2885 1554 2956 deserviat,
1571 2889 1609 2949 et,
1622 2884 1871 2955 nulliuaaltcau

1052 2973 1180 3031 ecclesia
1196 2976 1299 3032 ditioni
1316 2976 1345 3032 in
1359 2975 1457 3049 aliquo
1471 2991 1523 3048 per
1534 2973 1655 3031 infinita
1670 2975 1872 3049 saculasabja

188 3068 382 3141 ‚Ego-Petrus
397 3062 566 3123 monasterii
580 3061 736 3119 S.Victoris
751 3060 891 3135 indignus
906 3058 998 3114 abbas
1013 3058 1033 3124 C
1053 3068 1125 3119 cent.
1143 3065 1224 3129 Quod
1241 3065 1265 3120 si
1281 3065 1349 3138 quis
1363 3069 1528 3121 nostrorum
1547 3079 1761 3136 successorum
1771 3054 1872 3139 ‚valdi-

170 3155 291 3217 lacdavi
304 3161 333 3214 et
343 3173 388 3213 ss.

186 3247 264 3321 ,Ego
279 3245 351 3303 ttho
374 3241 544 3302 monasterii
558 3245 586 3298 s.
600 3238 745 3297 Vincentii
770 3239 860 3295 abbas
882 3235 997 3292 laudari

172 3336 315 3396 etsubsc.
687 3404 690 3410 Ι

189 3422 424 3499 ..Egolldericus
438 3421 535 3494 presb.
552 3419 630 3475 laud.
644 3423 672 3474 et
686 3418 783 3474 subsc.

191 3514 273 3586 adige
282 3511 437 3570 Daibertus
453 3509 550 3582 presb.
566 3507 682 3564 laudavi
698 3511 727 3562 ct
743 3524 783 3562 ss.

187 3597 462 3675 ..EgoaGulielmus
486 3595 641 3670 episcopus
665 3594 829 3652 Ticiuensis
854 3593 996 3662 Ecclesia,

139 3734 144 3743 .
171 3687 289 3751 laudavi
304 3692 333 3745 et
345 3705 388 3745 ss.

185 3774 550 3852 ..Egchambertuspricr
565 3773 685 3832 Pontius
700 3771 816 3830 laudavi
832 3777 859 3828 ot
874 3790 913 3829 ss.

185 3865 478 3943 ..Egoltdamabhas
491 3867 649 3920 monasts.
665 3862 792 3919 Coloceri
808 3861 923 3919 landet
939 3880 978 3919 ss.

194 3952 607 4032 ibgoRusticuspraepositus
623 3952 828 4010 Blandateusis
843 3950 958 4008 laudavi
970 3957 999 4009 ct

171 4047 270 4105 subsc.

193 4129 998 4208 ..hgolllaoariaabominiSalvatcrismonasteriiabbas

171 4222 476 4297 licetiudignus,cum
491 4220 700 4295 grege-pusillo
717 4219 797 4276 laud.
815 4237 854 4276 ss.

190 4314 268 4370 ..Hoc
281 4311 481 4370 vercellarum
492 4311 597 4378 clerus,
610 4312 700 4367 decus
715 4309 918 4378 Ecclesiarnm,
935 4309 997 4365 lau-

172 4402 224 4460 dat
238 4418 306 4459 curn
321 4398 429 4476 populo
443 4401 582 4457 laudibus
593 4400 719 4474 egregio.

208 4491 340 4549 Novata,
352 4489 551 4562 clerus,super
565 4505 668 4546 omnes
683 4488 1000 4557 urhesamanusassc-

173 4581 212 4640 rit
227 4579 532 4652 haeseripta‚(2hristi
548 4579 712 4635 munimine
727 4578 814 4633 dicta.

179 4708 196 4722 ..
209 4669 396 4727 Sarmadicus
408 4667 615 4726 Padarmensis
624 4667 887 4740 monachus‚super
898 4684 999 4723 omncs

172 4759 272 4820 ludo.

207 4843 997 4917 Jo.hcclestuanChristi,quelaudatquisque3fidelis

209 4938 269 5010 ligo
282 4935 499 5008 aralduspricr
515 4933 685 4991 monasterii
701 4934 730 4989 S.
739 4933 848 5000 Maioli,
860 4934 935 4989 inlra
951 4952 998 4989 ur-

174 5025 241 5082 bem
257 5023 376 5096 Rapiam
393 5024 460 5095 siti„
470 5023 584 5081 laudavi
601 5027 629 5078 et
645 5040 684 5078 ss.

560 5130 609 5187 111.

174 5217 356 5289 Priottspium
380 5234 429 5291 pro
457 5220 568 5276 ecclesio
596 5221 624 5276 S.
654 5221 756 5276 Maria
778 5219 810 5275 dc
831 5219 1000 5277 Colusnzano

456 5307 519 5348 cum
531 5293 715 5364 pertinentiis,

318 5377 432 5449 [Bacca.
449 5381 552 5436 Miscet.
569 5381 614 5436 ed.
632 5379 736 5448 Mansi,
754 5380 803 5447 ΙΙΙ,
819 5382 856 5448 fa]

212 5469 245 5526 ln
261 5465 377 5522 nominc
394 5466 458 5522 Filii
474 5469 534 5537 Dei,
549 5469 598 5542 qui
615 5475 660 5525 est
675 5487 792 5526 summa
807 5469 923 5542 veritas,
940 5472 1000 5526 lis·

1052 3169 1110 3223 qua
1125 3170 1233 3226 magna
1247 3171 1393 3226 parvaque
1408 3151 1616 3227 personahuic
1626 3158 1745 3224 postue
1760 3153 1872 3221 saluber

1053 3241 1132 3297 rimae
1149 3243 1330 3299 concessioni
1345 3241 1719 3313 contrariussxstitcrit,sit
1729 3243 1872 3317 anethum

1052 3332 1234 3401 maranatha,
1252 3349 1308 3387 non
1334 3332 1441 3390 habeat
1464 3333 1576 3405 partem
1602 3331 1753 3403 camillo
1769 3332 1872 3408 qui-pro

1053 3421 1137 3476 uobis
1153 3420 1307 3477 crucifixus
1322 3427 1368 3478 est
1381 3420 1411 3476 in
1427 3419 1578 3494 Golgntha,
1595 3419 1695 3478 donec
1710 3421 1873 3503 resipiscens

1053 3511 1088 3565 ad
1100 3510 1330 3566 satisfactionem
1341 3515 1369 3567 et
1377 3527 1536 3584 congruam
1547 3507 1760 3583 poenitentiam
1768 3511 1875 3586 venant,

1052 3604 1081 3655 et
1095 3604 1201 3656 sancta
1217 3599 1416 3657 cluniacensis
1430 3598 1558 3656 ecclesis
1572 3598 1677 3670 abbati
1689 3604 1723 3668 et
1735 3597 1874 3675 mamhh

1052 3689 1101 3761 qui
1118 3707 1170 3761 pro
1185 3694 1315 3762 tempore
1329 3687 1728 3760 luerint,satislecerit.0ucd
1744 3688 1874 3761 ulredus

1053 3778 1226 3851 firmiusque
1238 3780 1383 3848 credatur,
1399 3782 1461 3836 eta
1481 3777 1591 3839 nostris
1608 3779 1746 3853 posteris
1770 3780 1874 3855 firmum

1053 3872 1080 3923 et
1096 3868 1301 3924 inconvulsum
1317 3868 1347 3925 in
1362 3871 1536 3941 perpetuum
1548 3866 1807 3958 habeatur„th
1819 3883 1876 3944 prae

1053 3963 1165 4013 sontem
1180 3958 1318 4031 paginam
1334 3957 1370 4014 ad
1387 3955 1590 4035 testimonium
1599 3954 1732 4032 propria
1740 3956 1875 4031 muuhr

1053 4046 1208 4115 mavimus,
1225 4051 1253 4102 ct
1276 4051 1376 4104 nostro
1394 4045 1574 4119 Heriprando
1588 4034 1777 4120 cancellaria
1789 4050 1874 4121 nostra

1052 4135 1196 4208 sigillent
1211 4137 1301 4192 moris
1314 4133 1508 4210 estiusigniri
1519 4132 1684 4207 jussimus.

1089 4228 1103 4288 l
1121 4224 1179 4297 Ego
1194 4223 1360 4291 Ansclmus,
1377 4222 1427 4280 Dei
1453 4223 1549 4297 gratia
1572 4221 1873 4310 archispiscppns,td

1053 4313 1287 4368 confirmandum
1305 4313 1477 4385 subscripsi.

1089 4401 1276 4458 Gotbelridus
1291 4401 1524 4474 archipresbyter
1539 4400 1721 4476 subscripsi.

1090 4493 1140 4547 Ato
1157 4490 1379 4547 archidiaconus
1395 4489 1568 4564 subscripsi.

1089 4580 1229 4636 Arnnllus
1244 4580 1386 4637 diaconus
1401 4578 1574 4653 subscripsi.

1088 4669 1251 4725 Bonifatius
1266 4669 1417 4742 presbyter
1432 4667 1604 4742 subscripsi.

1089 4758 1235 4815 Tedaldus
1250 4758 1391 4815 diaconus
1406 4757 1578 4830 subscripsi.

1088 4847 1224 4903 Albertus
1240 4848 1392 4920 presbyter
1406 4845 1578 4919 subscripsi.

1091 4938 1166 4992 llozo
1180 4936 1321 4992 diaconus
1337 4935 1508 5009 subscripsi.

1091 5025 1283 5098 Landulphns
1297 5025 1448 5098 presbyter
1462 5023 1635 5101 subscripsi.

1090 5113 1241 5170 Odclricus
1256 5114 1407 5186 presbyter
1419 5113 1590 5187 subscripsi.

1090 5203 1282 5276 Landulphns
1297 5203 1439 5259 diaconus
1454 5201 1627 5279 subscripsi.

1090 5292 1266 5350 Gualbertus
1281 5292 1422 5348 diaconus
1438 5290 1607 5366 subscripsi.

1089 5382 1269 5454 Ariprandus
1298 5380 1490 5438 cancellarius
1520 5384 1627 5438 sanctae
1655 5373 1871 5442 Medulorum

1056 5471 1198 5528 Ecclesiae.
