3816 6006
91 286 156 375 'aar
603 314 711 377 risuu
735 315 785 376 uu
807 312 942 377 natans
967 316 1066 378 nvsr.
1089 315 1295 379 sinuosae.
1742 320 1802 381 aaa

99 440 212 516 nulius,
228 446 316 520 caepit
333 446 427 503 dicere
444 448 521 520 qarod
537 448 610 504 bene
626 448 773 517 crederet;
789 450 839 504 sed
855 463 921 504 cum
937 449 964 516 Α
981 448 1107 504 trahebat
1122 467 1210 522 super
1225 453 1313 522 caput
1328 448 1508 522 replicatam,
1526 447 1637 522 ingredi
1653 451 1683 506 in
1703 451 1801 524 ignem
1900 462 1906 468 “

99 529 289 595 dominusne
311 534 426 593 volabat
448 536 539 610 loqui,
556 541 711 609 antequam
726 537 841 594 veniam
859 537 925 593 iude
979 537 1063 603 vidit,
1075 541 1103 593 et
1119 555 1185 593 cum
1201 537 1310 593 videret
1327 539 1402 610 qirod
1421 555 1477 593 non
1494 539 1687 611 egrederetur,
1704 541 1802 597 existi·

99 628 222 698 peieret.
239 625 392 681 Cumvero
412 625 467 681 hoc
491 625 622 682 audisset
645 625 746 682 Petrus
774 627 925 682 Bartholu-
981 627 1194 682 mansPetrum
1207 626 1802 702 Bartholomaumesselaerymaricmpit,

100 727 203 783 maus,
215 713 309 770 leatus
320 713 456 782 nimium,
469 713 541 769 dixit
556 714 633 770 sicut
648 713 734 771 homo
754 714 926 788 simplex,et
980 716 1101 771 credens
1126 732 1192 770 eum
1212 714 1387 772 exstinctum
1404 733 1467 771 csse
1481 715 1510 770 in
1529 717 1604 788 igne.
1622 718 1689 773 Erat
1704 722 1803 774 autem

100 803 151 876 qui
161 798 313 859 veritatem
324 802 397 858 bane
408 807 524 858 noverat
538 820 544 858 ε
563 801 623 859 Voto
639 819 671 860 ac
684 803 821 876 deprmnr,
838 813 868 859 nt
877 805 927 875 fiat
980 801 1137 857 multitudo
1149 802 1187 857 ibi
1199 803 1363 871 hominum,
1376 821 1428 859 nec
1440 809 1573 875 poterant
1589 821 1690 861 omnes
1706 807 1805 863 antnia

100 893 176 962 ienis
190 893 381 959 musitanam
401 908 464 947 crem
493 892 589 948 lancea
614 893 725 949 Domini
743 894 864 949 transito
876 910 926 965 per
979 889 1804 968 videreEtaliamultanobisrelatasunt,etiaeta,quae

97 978 432 1049 matemautensem
454 983 566 1038 Domini
591 991 640 1050 est,
661 983 805 1039 iaecotumts
835 991 924 1039 trans·
980 985 1208 1036 nosmetucntas
1226 980 1390 1053 legentibus
1402 980 1562 1049 fastidium,
1575 982 1806 1040 seriberenolui·

96 1080 179 1137 eem;
193 1071 237 1125 sin
257 1078 348 1126 cunm
367 1072 472 1142 salsum
486 1079 536 1137 est,
551 1072 695 1128 eorndarar
711 1075 740 1128 in
755 1074 828 1143 ipae.
846 1072 925 1128 Vidm
980 1085 1132 1133 muscum
1146 1069 1182 1123 ssd
1193 1086 1309 1124 omnem
1327 1087 1445 1125 causam
1462 1074 1521 1126 tres
1534 1070 1629 1126 idonei
1646 1075 1736 1128 testes
1746 1069 1806 1129 sui·

93 1158 176 1214 'cutm
189 1161 256 1232 patto
274 1173 323 1215 aee
340 1161 429 1229 sionis
450 1174 499 1216 nee
521 1162 633 1217 testitas
659 1163 788 1217 creditur.
806 1160 925 1218 Placue-
981 1157 1093 1212 ficiunt.
1111 1158 1207 1213 Unum
1232 1175 1299 1214 vero
1328 1176 1385 1214 non
1412 1163 1628 1231 prateraamus.
1646 1159 1804 1234 Postquam

100 1251 171 1304 runt
181 1248 241 1304 hee
251 1248 351 1304 omnia
366 1247 461 1316 nobis,
473 1248 617 1306 etindieto
627 1247 784 1322 eijejunio,
797 1249 925 1306 diximus
979 1244 1057 1302 enim
1070 1247 1172 1303 Petrus
1189 1247 1350 1320 perignem
1366 1249 1510 1316 transivit,
1534 1250 1600 1305 licet
1615 1250 1711 1308 adhue
1726 1251 1805 1308 mul·

99 1335 180 1410 quod
196 1349 230 1394 eo
245 1337 292 1394 die
308 1336 389 1394 tieret
404 1337 491 1412 ignis,
507 1354 565 1411 quo
591 1336 734 1395 Dominus
760 1343 858 1394 noster
874 1354 924 1412 pra
980 1340 1042 1391 tum
1055 1341 1226 1392 exaestuaret
1240 1336 1525 1404 incendium,tamen
1537 1339 1664 1412 populus
1676 1339 1805 1400 ltaavide

99 1426 196 1483 salute
220 1431 331 1493 nostra,
348 1425 493 1500 plagatus,
511 1433 540 1483 et
562 1427 592 1483 in
617 1443 702 1485 cruce
725 1428 789 1484 suit.
807 1429 841 1484 ut
861 1432 926 1500 post
979 1424 1097 1481 titiones
1123 1425 1248 1498 collegit,
1266 1431 1293 1481 et
1323 1427 1463 1483 carbones
1491 1444 1558 1484 eum
1587 1428 1693 1498 cinere,
1720 1431 1804 1487 utin

99 1515 179 1571 diem
189 1519 250 1571 crat
263 1510 429 1571 Paraseeve.
442 1514 543 1588 ltaque
559 1513 746 1572 illucescente
759 1515 805 1572 die
822 1515 926 1571 consti·
980 1514 1057 1569 brevi
1071 1516 1165 1586 spatio
1177 1514 1248 1570 nihil
1262 1516 1328 1571 inde
1339 1521 1500 1588 appareret.
1510 1517 1542 1572 ln
1555 1518 1609 1573 lide
1621 1518 1728 1576 etenim
1739 1519 1805 1576 illo-

98 1607 175 1671 tuta,
186 1602 263 1676 ignis
275 1607 395 1676 paratus
410 1610 455 1661 est
468 1608 535 1678 post
549 1605 711 1661 meridiem.
724 1604 926 1660 Convenerunt
980 1620 1056 1670 rum,
1075 1603 1183 1659 multas
1199 1621 1249 1676 per
1264 1605 1325 1660 haee
1343 1605 1467 1661 virtutes
1491 1612 1628 1679 operatus
1644 1613 1688 1665 est
1703 1614 1805 1682 postea

99 1709 135 1748 eo
144 1691 293 1766 principes
303 1698 333 1748 et
343 1706 480 1766 populus,
494 1711 586 1766 usque
602 1693 637 1749 ad
653 1695 849 1768 quadraginta
860 1693 925 1748 mil·
981 1689 1132 1747 Dominus.
1150 1693 1186 1748 Ut
1209 1709 1276 1749 vero
1301 1693 1402 1750 Petrus
1428 1695 1656 1753 Bartholomaeus
1682 1698 1716 1754 de
1738 1699 1805 1772 igne

97 1781 141 1837 lia
152 1781 294 1850 virorum,
310 1781 487 1856 fueruntque
503 1783 543 1838 ibi
559 1783 723 1839 sacerdotes
743 1783 831 1840 nudis
846 1781 926 1854 pedi·
981 1796 1117 1852 egressus
1128 1785 1181 1845 est,
1195 1781 1234 1837 ita
1246 1786 1277 1836 ut
1288 1799 1340 1837 nec
1352 1783 1452 1839 tunica
1463 1786 1527 1856 ejus
1538 1786 1691 1842 combusta
1707 1788 1803 1854 suerit,

98 1869 168 1936 bus,
185 1875 214 1926 et
227 1868 325 1926 induti
354 1871 584 1928 sacerdotalibus
611 1871 803 1927 vestimentis.
819 1873 924 1927 Factus
981 1886 1033 1924 nec
1050 1869 1137 1924 ctiam
1154 1870 1203 1925 ille
1219 1870 1433 1927 subtilissimus
1449 1889 1564 1944 paunus
1579 1875 1614 1930 de
1630 1891 1687 1946 quo
1703 1873 1806 1932 lancea

99 1957 458 2034 estignisdeoleissiccis,
469 1965 497 2017 et
511 1960 841 2033 habuitinlongitadine
853 1977 925 2033 qua·
980 1957 1096 2012 Domini
1112 1958 1241 2014 involuta
1255 1965 1317 2015 erut
1332 1961 1447 2033 signum
1465 1961 1591 2034 alicujus
1612 1961 1738 2021 lesionis
1753 1965 1804 2022 ha-

100 2049 264 2106 tuordeeim
275 2050 509 2124 pedes3eterant
525 2052 582 2106 duo
597 2065 727 2124 aggeres,
740 2056 767 2106 et
779 2055 841 2105 erat
852 2049 927 2105 inter
981 2046 1113 2114 inissem
1131 2048 1242 2120 aceepit
1257 2065 1322 2103 aum
1341 2049 1476 2120 populus,
1493 2067 1560 2106 eum
1585 2051 1732 2124 signasset
1756 2070 1806 2111 eos

100 2143 244 2212 utrosque
257 2139 333 2196 duos
346 2155 468 2214 aggeras
483 2140 612 2213 spatium
628 2137 712 2211 quusi
728 2139 816 2194 unius
833 2138 924 2210 pedis,
981 2152 1047 2189 auur
1064 2135 1165 2191 lancea
1181 2136 1307 2205 Domini,
1325 2142 1353 2193 et
1369 2138 1524 2194 clamasset
1539 2139 1598 2194 alta
1611 2157 1696 2197 voce:
1714 2142 1804 2213 Daue,

100 2232 191 2302 atque
205 2227 236 2284 in
251 2226 406 2286 altitudine
422 2245 562 2303 aggerum
578 2233 661 2285 erant
685 2233 812 2301 quatuor
827 2228 924 2299 liedes.
980 2241 1099 2290 nosevs,
1116 2225 1236 2297 accepit,
1253 2225 1384 2298 inquam,
1396 2231 1423 2282 ct
1438 2227 1525 2283 traxit
1539 2245 1605 2283 eum
1621 2246 1673 2301 per
1684 2234 1804 2297 terram,

100 2317 176 2373 Cum
187 2332 255 2374 vero
265 2316 452 2375 vehementer
463 2317 541 2392 ignis
551 2333 693 2374 aecensus
704 2322 791 2386 esset,
804 2318 862 2371 dixi
874 2332 926 2389 ego
981 2317 1008 2368 ct
1024 2312 1203 2368 conculcavit
1218 2331 1284 2369 eum
1316 2315 1412 2371 omnis
1438 2314 1488 2371 illa
1513 2316 1669 2373 multitudo
1694 2317 1805 2390 populi,

100 2400 395 2463 Raimuuduscoram
407 2407 486 2462 omui
500 2406 689 2462 multitudine
701 2422 707 2461 :
720 2406 752 2462 Si
760 2409 831 2463 Deus
841 2407 929 2461 misai·
982 2401 1052 2456 dum
1068 2402 1193 2475 quisque
1208 2402 1323 2459 volebat
1337 2420 1403 2459 eum
1420 2408 1549 2478 tangere,
1565 2405 1607 2461 vel
1625 2405 1755 2480 accipere
1770 2407 1806 2463 de

98 2503 196 2568 potetas
210 2495 275 2551 duic
289 2494 397 2551 Domini
409 2495 512 2552 locatas
528 2504 567 2552 est
579 2497 650 2568 faeie
664 2495 699 2550 ad
712 2497 821 2567 saciata,
834 2503 858 2551 et
870 2495 929 2549 tea·
981 2490 1153 2546 vestimento
1168 2492 1232 2563 ejus
1247 2490 1370 2564 aliquid,
1386 2497 1414 2548 et
1430 2494 1499 2548 dum
1516 2495 1652 2550 credebat
1663 2511 1731 2551 eum
1742 2511 1807 2552 esse

101 2593 146 2640 tas
159 2583 281 2639 Andreas
296 2583 419 2640 lanceam
432 2583 597 2640 dominicam
613 2584 729 2640 ostmdit
741 2586 776 2652 ei,
793 2601 855 2640 carn
872 2587 928 2655 ipse
983 2579 1139 2652 quisquam
1155 2581 1232 2653 opud
1249 2581 1351 2637 ulium.
1364 2582 1464 2654 ltaque
1480 2584 1536 2639 tria
1550 2582 1669 2640 vulnera
1684 2586 1726 2641 vel
1738 2602 1808 2659 qua·

101 2675 245 2748 vigilaret,
263 2681 382 2729 transeat
412 2675 462 2729 iste
482 2674 587 2730 ittoesus
610 2689 660 2746 prr
690 2675 790 2743 ioman.
808 2674 858 2730 Sia
877 2691 927 2730 aa·
982 2674 1049 2723 tuor
1063 2670 1192 2724 iecerunt
1208 2670 1232 2724 ei
1248 2669 1276 2724 iu
1294 2671 1438 2740 cruribus,
1455 2672 1639 2730 abscidentes
1663 2675 1697 2731 de
1720 2690 1807 2732 carue

102 2771 157 2820 Dm
180 2763 262 2818 aliter
288 2770 338 2830 est,
362 2770 389 2819 et
414 2763 588 2818 menttoeium
616 2763 929 2831 est;eomtaruturiste
982 2758 1056 2829 cius,
1082 2763 1110 2813 et
1133 2758 1247 2830 spinam
1278 2758 1356 2815 dorsi
1386 2760 1611 2833 confringentes,
1631 2768 1808 2836 crepuerunt

101 2851 284 2918 mannua,
301 2867 387 2923 quam
400 2852 519 2924 portatu
534 2853 564 2907 in
578 2853 707 2908 manitus
727 2855 797 2909 sais.
814 2853 849 2908 Et
864 2871 928 2909 em·
983 2863 1060 2902 eum.
1079 2846 1245 2920 Expirasset
1261 2851 1358 2903 autem
1375 2848 1414 2904 ibi
1426 2849 1538 2918 Petrus,
1551 2851 1627 2907 sicut
1642 2870 1694 2908 nos
1710 2853 1805 2911 credi·

103 2952 158 2998 nas
169 2939 251 2996 flexis
263 2940 387 3014 genibus
398 2941 612 3013 responderunt
624 2956 630 2995 :
642 2943 733 2997 Amen,
744 2943 929 2998 Exaestuatiat
983 2954 1060 3003 mus,
1078 2937 1133 2993 nisi
1151 2936 1336 2993 Raimundus
1352 2937 1432 2992 Pelez
1447 2938 1650 2997 nobilissimus
1666 2941 1761 3011 miles,
1778 2946 1808 3000 et

102 3030 148 3085 lta
163 3029 331 3085 incendium
348 3033 381 3084 ut
395 3045 488 3100 usque
503 3029 539 3083 ad
555 3028 676 3101 triginta
692 3029 805 3085 cubitos
833 3045 928 3085 aerem
983 3026 1076 3091 tortis,
1095 3024 1169 3080 Dicto
1185 3025 1301 3098 agmine
1317 3027 1464 3082 sociorum
1486 3026 1640 3100 irrupisset
1658 3030 1686 3084 in
1702 3046 1807 3104 agmen

102 3121 275 3190 occuparet,
284 3118 419 3173 accedere
428 3132 495 3173 vero
504 3133 593 3191 prope
602 3117 701 3173 nullus
712 3122 834 3190 poterat.
847 3121 929 3174 Tune
983 3115 1075 3170 turbis
1090 3115 1222 3180 turbatas,
1235 3119 1367 3187 eiusque
1382 3117 1417 3171 ad
1436 3120 1558 3172 mortem
1570 3121 1728 3191 pugnando
1740 3119 1809 3177 libs

102 3203 210 3263 Petrus
224 3202 465 3275 Bartholomaeus,
482 3206 604 3262 inautus
617 3205 801 3262 solummodo
817 3206 927 3273 tunica,
944 3193 964 3258 C
985 3207 1077 3259 nasset
1093 3219 1171 3258 eum.
1189 3203 1244 3258 Sed
1274 3220 1327 3259 nos
1351 3204 1381 3259 in
1406 3203 1604 3261 sollicitudine
1628 3211 1656 3263 et
1672 3209 1810 3282 angustia

103 3298 135 3353 et
143 3295 225 3352 llexls
236 3294 360 3370 genibus
369 3299 435 3350 ante
443 3295 613 3368 episcopum
620 3294 833 3360 albariensem,
843 3297 929 3351 Deum
984 3293 1070 3349 modo
1082 3289 1177 3365 positi,
1189 3292 1316 3364 amplius
1327 3293 1361 3349 de
1372 3292 1418 3348 his
1430 3292 1556 3350 scribere
1567 3312 1625 3350 uon
1638 3312 1806 3368 possumus.

101 3384 930 3457 testeminvocavit,quodfaeieodsaciemapsumineraee
984 3382 1056 3437 Cum
1086 3399 1153 3437 vero
1183 3380 1338 3437 detulisset
1367 3381 1552 3439 Dnimuudus
1582 3384 1662 3441 Pelea
1690 3385 1807 3445 Petrum

102 3474 204 3531 uiderit
213 3496 224 3542 ;
237 3481 264 3530 et
277 3474 344 3542 tae,
361 3486 424 3546 qne
437 3489 523 3546 supra
545 3475 648 3546 scripta
662 3482 726 3529 sant
741 3474 773 3529 ati
788 3490 818 3530 eo
833 3474 929 3529 audie-

100 3565 152 3631 rit,
167 3571 195 3620 et
207 3579 225 3619 a
240 3563 323 3620 tentis
350 3563 478 3635 apostatis
502 3567 583 3618 Petro
605 3571 630 3618 ct
659 3562 775 3629 Andreo,
791 3570 817 3619 at
843 3577 930 3637 nepae

100 3653 254 3727 guidottum
267 3666 371 3719 eorum,
382 3665 445 3724 quse
453 3654 507 3724 ipse
521 3651 572 3707 sut
586 3653 697 3707 nmnine
709 3654 799 3708 sancti
814 3651 930 3709 Andreee

80 3739 83 3744 ’
98 3740 145 3798 oet
157 3743 246 3798 truncti
259 3741 345 3808 Petri,
354 3741 396 3797 oet
411 3742 498 3812 ipsius
511 3742 624 3797 Domini
637 3740 711 3795 dicit
724 3756 752 3796 se
766 3742 929 3812 eonaposnis-

100 3846 142 3898 se,
157 3839 183 3888 et
196 3833 222 3887 si
235 3828 385 3903 quidquam
410 3829 539 3885 mentitus
553 3836 620 3895 erat,
636 3844 756 3901 praseae
771 3830 928 3886 incendium

100 3934 247 3993 nunquam
270 3920 422 3975 transisset.
440 3918 543 3975 Cetera
559 3931 621 3990 quae
637 3921 693 3990 ipse
707 3920 881 3974 commisisset
897 3920 928 3974 in

101 4012 195 4066 Deum
219 4016 246 4064 et
261 4010 291 4064 in
303 4009 472 4080 proaa'mam,
487 4006 635 4062 dimitteret
649 4009 676 4063 ei
689 4008 768 4075 deas,
783 4015 808 4063 et
819 4022 869 4079 pro
884 4005 928 4063 tis

101 4103 195 4155 oraret
208 4099 355 4170 episeopus,
372 4103 453 4168 atque
479 4111 571 4151 omnes
593 4094 646 4151 otii
669 4097 826 4163 sacerdotes,
841 4105 866 4152 et
878 4110 928 4168 po-

100 4188 186 4261 palus
201 4188 250 4260 qui
264 4185 299 4241 ad
312 4187 362 4241 troc
376 4182 562 4257 spectaculum
580 4193 769 4240 conuenerant.
784 4184 927 4240 Posthac

96 4281 172 4333 'cum
187 4273 344 4349 episeopus
360 4273 507 4347 posuisset
517 4271 541 4329 ei
552 4272 927 4330 laueaamiumanusllexis

100 4365 239 4440 genibus,
256 4367 285 4419 et
299 4362 375 4419 iacto
390 4361 473 4435 signo
489 4360 594 4430 crucis,
611 4376 678 4417 cum
693 4361 793 4417 lancea
807 4361 928 4418 viriliter

96 4458 131 4511 et
143 4449 363 4527 imperterritus
389 4451 559 4508 incendium
587 4449 740 4524 ingressus
768 4456 927 4523 astatque

98 4541 197 4616 spatio
211 4541 340 4615 quodam
351 4541 381 4597 in
392 4540 489 4597 medio
499 4539 577 4613 ignis
592 4539 760 4596 demoratus
775 4544 829 4608 est,
840 4545 869 4595 et
884 4541 926 4597 sie
942 4565 965 4629 D

984 3472 1019 3527 ad
1050 3472 1169 3526 domum
1206 3474 1347 3538 nostram,
1374 3470 1518 3544 colligatis
1545 3471 1715 3531 vulneribus
1743 3477 1807 3548 ejus

983 3560 1126 3633 caepimus
1142 3577 1270 3632 querere
1286 3560 1322 3616 ab
1338 3577 1371 3616 eo
1391 3577 1481 3632 quare
1507 3578 1620 3618 moram
1646 3563 1763 3621 fecisset
1776 3565 1807 3622 in

983 3650 1059 3722 igue.
1076 3650 1116 3704 Ad
1133 3649 1194 3704 haee
1212 3649 1273 3721 ipse
1303 3649 1451 3721 respoudit
1468 3667 1475 3704 :
1493 3649 1616 3708 Dceurrit
1629 3653 1702 3709 midi
1716 3654 1809 3712 Domi·

981 3756 1035 3794 nas
1050 3740 1081 3794 in
1095 3739 1183 3794 madio
1198 3741 1262 3808 ipae
1274 3759 1284 3806 ,·
1298 3746 1323 3794 et
1337 3739 1541 3810 apprehendens
1555 3758 1599 3798 me
1618 3759 1669 3814 per
1681 3759 1806 3814 manum,

983 3827 1055 3883 dixit
1077 3827 1149 3883 mihi
1167 3845 1174 3881 ι
1193 3828 1264 3895 Qrtio
1292 3827 1422 3883 dubitasti
1449 3827 1481 3883 de
1509 3830 1666 3887 inventione
1693 3832 1806 3903 lanceae,

982 3934 1045 3972 enm
1059 3916 1152 3972 beatus
1166 3917 1288 3972 Andreas
1303 3933 1362 3972 eam
1378 3917 1430 3972 titi
1443 3917 1807 3983 ostendissetnonsietrans·

983 4007 1036 4062 ibis
1051 4007 1167 4074 ittoesus,
1183 4006 1228 4062 sed
1241 4008 1381 4078 infernum
1396 4022 1451 4061 nm
1466 4006 1578 4062 addetis.
1595 4008 1627 4063 lit
1648 4009 1696 4064 doe
1723 4009 1807 4080 dieto,

981 4097 1088 4152 dimisit
1100 4112 1152 4151 aaa
1171 4096 1267 4150 Videte
1282 4097 1381 4167 itaque,
1389 4097 1414 4150 si
1429 4095 1805 4166 aotttspdasttonemmam.

981 4183 1347 4256 Dterataliquaadustioin
1356 4184 1502 4253 cruribus,
1513 4201 1613 4239 verum
1626 4203 1683 4241 nen
1698 4187 1805 4258 multa3

982 4276 1031 4331 scd
1040 4275 1350 4347 plagaeerantmagna.
1364 4273 1502 4329 Posthac
1515 4275 1736 4334 convocavimus
1746 4295 1807 4334 om-

982 4363 1132 4436 nesquide
1140 4362 1241 4418 lancea
1249 4362 1360 4417 Domini
1373 4361 1586 4430 dubitaverant,
1598 4365 1767 4422 utvenirent
1778 4371 1807 4423 ei

980 4452 1111 4508 viderent
1128 4451 1230 4508 taciem
1246 4452 1320 4523 ejus,
1338 4456 1365 4507 et
1381 4456 1479 4522 caput,
1490 4454 1518 4507 et
1533 4451 1646 4525 reliqua
1662 4455 1805 4525 membra,

981 4546 1009 4597 et
1025 4541 1230 4612 intelligerent,
1247 4541 1325 4612 quod
1355 4557 1456 4595 verum
1485 4545 1540 4609 est,
1570 4541 1713 4614 quidquid
1744 4543 1807 4616 ipse

97 4644 155 4706 per
164 4628 215 4688 Dei
226 4631 352 4705 gratiam
367 4628 511 4686 transivit.
524 4628 599 4685 Snut
610 4628 743 4685 nonnulli
758 4629 864 4699 adhuc,
877 4631 927 4702 qui
983 4631 1094 4686 dixerat
1104 4630 1139 4685 de
1150 4629 1261 4696 laneca,
1270 4635 1297 4684 et
1309 4631 1343 4684 de
1355 4629 1504 4696 aliis,cum
1517 4647 1568 4702 pro
1581 4631 1747 4687 testimonio
1758 4647 1807 4688 eo·

99 4720 222 4796 signum
237 4718 293 4777 hoc
307 4718 348 4776 ibi
362 4718 511 4789 viderunt,
529 4719 607 4790 quod
623 4722 780 4791 antequam
795 4718 928 4793 ingrcde·
983 4738 1048 4775 rum
1064 4737 1121 4775 uon
1138 4718 1324 4774 extimuisset
1340 4717 1458 4773 introire
1469 4717 1526 4774 tale
1536 4719 1807 4778 incendiumvide-

100 4814 185 4866 retur
198 4808 228 4865 in
243 4808 354 4884 ignem,
371 4809 505 4882 quadam
525 4807 586 4863 avis
611 4807 737 4880 desuper
758 4808 868 4876 volans,
883 4806 927 4864 lu·
984 4813 1052 4864 runt
1067 4808 1164 4880 itaque
1181 4806 1277 4876 multi,
1294 4811 1323 4862 at
1344 4807 1477 4863 videntes
1505 4806 1608 4863 faciem
1630 4810 1694 4879 ejus
1720 4813 1808 4884 atque

98 4901 196 4956 strato
211 4898 291 4972 igue,
307 4911 342 4955 sa
358 4899 438 4954 intus
454 4895 535 4953 misit
551 4913 558 4952 :
575 4896 609 4953 nt
624 4897 679 4952 hoc
694 4897 766 4953 vidit
781 4898 928 4955 Dbrardus
984 4902 1076 4954 totum
1092 4914 1209 4969 corpus,
1226 4896 1429 4968 glorificabant
1449 4901 1538 4952 Deum
1566 4897 1695 4955 dieentes
1712 4916 1718 4955 :
1735 4905 1807 4958 Deam

100 4989 241 5045 sacerdos
255 4986 314 5055 ille,
330 4987 415 5060 eujus
438 4987 573 5060 superius
598 4987 777 5042 mentionem
793 4987 926 5055 lecimus,

100 5076 154 5152 qui
169 5075 377 5147 Hierosolymis
400 5081 502 5151 postea
516 5092 568 5149 pro
583 5075 641 5132 Deo
657 5075 806 5144 remansit,
824 5082 852 5132 et
867 5076 928 5131 Wi-

95 5164 313 5224 moimmsen
324 5164 552 5238 filias,optimus
568 5164 664 5233 miles,
676 5165 782 5221 etbani
799 5167 929 5222 testimo-

95 5254 155 5325 nii,
170 5255 266 5329 patria
279 5254 469 5323 Arelatensis,
485 5252 541 5311 hoa
554 5255 654 5328 ipsum
671 5253 823 5311 sevidisse
839 5259 927 5310 testa·

95 5346 161 5404 tur.
176 5344 261 5402 auus
275 5342 394 5419 quidem
415 5344 498 5401 miles
514 5347 558 5400 est
572 5344 713 5417 optimus,
728 5360 833 5418 genere
848 5344 927 5401 Nite-

93 5426 329 5505 'seusisnomiue
338 5433 504 5493 willelmus
516 5431 611 5490 Malus
621 5433 758 5507 puer,qui
768 5438 927 5507 antequam

96 5522 424 5597 meminissemus
437 5522 468 5579 iu
483 5523 644 5590 flammam,
662 5521 819 5594 quemdam
831 5523 927 5579 homi-

96 5626 172 5674 num
184 5610 325 5672 uanum
337 5615 418 5673 veste
432 5610 617 5688 sacerdotali,
633 5610 691 5672 uisi
704 5611 781 5692 quau
796 5611 927 5674 casulam

980 4996 1067 5060 potest
1080 5003 1128 5042 nos
1141 4988 1273 5042 Dominus
1289 4986 1425 5042 custodire
1447 4988 1518 5041 inter
1546 4986 1651 5056 alodios
1679 4989 1806 5047 inimieo-

982 5094 1044 5132 rum
1058 5084 1225 5143 nostrorum,
1242 5076 1290 5146 qui
1305 5074 1443 5130 dominam
1457 5077 1541 5130 istum
1554 5077 1683 5133 liberauit
1691 5077 1723 5133 de
1733 5085 1806 5136 tanto

983 5164 1108 5220 incendio
1135 5166 1319 5235 donimanum.
1352 5164 1426 5221 Certe
1454 5181 1510 5220 non
1531 5165 1712 5234 credebamus,
1738 5167 1807 5239 qaod

982 5257 1083 5325 sapida
1098 5255 1193 5326 atiquo
1206 5255 1247 5309 sie
1260 5256 1377 5310 transire
1396 5263 1482 5326 posset
1509 5256 1598 5312 tttasa
1624 5272 1674 5327 per
1704 5257 1805 5326 ipnem,

982 5343 1112 5417 quomodo
1128 5345 1176 5399 isto
1188 5345 1324 5399 transivit.
1333 5347 1401 5399 Post
1411 5343 1471 5399 heo
1481 5344 1582 5399 Petrus
1592 5345 1760 5402 convocavit
1769 5345 1806 5403 ad

982 5448 1013 5488 se
1025 5432 1209 5506 capellanum
1221 5432 1469 5500 comitis,nomine
1481 5433 1725 5500 Raimundum,et
1735 5435 1808 5492 dixit

982 5523 1008 5580 ei
1023 5540 1030 5579 :
1048 5527 1140 5596 Quare
1153 5523 1267 5578 uoluisti
1279 5529 1310 5578 nt
1324 5538 1373 5592 epo
1388 5521 1420 5578 ob
1442 5523 1627 5578 testimonium
1653 5525 1808 5584 naamam

983 5613 1096 5684 lanceae,
1111 5618 1138 5672 et
1151 5619 1313 5670 aemorum
1326 5624 1390 5689 que
1403 5627 1438 5670 ea
1448 5618 1529 5689 parte
1543 5611 1593 5673 Det
1605 5610 1742 5686 dicaam,
1755 5602 1807 5690 per
