3816 6006
107 236 180 301 aaa
555 235 674 299 rium
699 237 732 298 s.
757 234 871 296 serni
894 233 1173 298 anarcharsis
1187 232 1376 298 nauseas
1756 222 1825 301 aad

143 366 334 425 Gislebertus.
350 368 455 423 dotum
470 371 514 424 est
529 372 575 424 est
589 369 645 424 hoe
661 368 795 425 Carnutis
810 367 936 441 publice,
951 369 979 437 Α
993 367 1122 425 interiori
1138 385 1205 424 cum
1221 365 1337 424 diabolo
1361 382 1467 440 poenas
1481 366 1553 424 luat.
1568 366 1711 426 Volumus
1727 369 1816 427 etiam

107 463 249 531 regnante
266 455 397 529 Philippo
414 473 482 529 rege
498 457 526 512 in
544 458 678 514 Francia.
699 480 713 509 »
989 456 1057 513 sciri
1077 458 1107 512 in
1121 458 1179 512 fine
1194 456 1284 529 hujus
1299 460 1395 525 carta,
1407 457 1494 529 quod,
1512 455 1590 512 sicut
1599 456 1735 513 dedimus
1745 474 1815 531 pre·

364 545 570 603 CAPITULUM
591 547 678 601 Xl‘ll.
990 549 1065 604 satas
1082 564 1138 615 ros,
1155 547 1195 602 ita
1209 549 1296 603 otiam
1307 546 1633 603 dedimusviridiarium
1645 563 1679 603 ex
1690 547 1813 621 integro,

324 621 364 674 ⁰0
377 619 504 675 mmihi
515 619 616 674 ”mill
630 621 715 674 ΡΜ·
989 637 1068 708 quod
1079 635 1170 692 situm
1184 641 1229 693 est
1237 637 1322 707 juxta
1337 637 1477 709 capitium
1492 634 1638 694 aecclesie.
1649 636 1814 695 Annuimus

401 709 485 774 (Ante
500 722 526 760 θ’
549 705 639 777 1088.)
989 740 1106 797 quoque
1122 725 1199 797 quod
1215 724 1276 780 Odo
1291 723 1376 781 miles
1399 729 1499 781 noster
1522 724 1666 782 decimam
1682 724 1763 782 dedit
1777 727 1814 784 de

141 794 203 852 ola
218 793 323 850 Christi
338 795 470 850 nomine.
486 795 592 850 Notum
608 811 672 850 esse
687 794 822 850 volumus
837 793 932 850 omni·
987 811 1140 869 novalibus
1150 829 1238 884 quam
1254 814 1290 869 de
1306 813 1390 869 nobis
1404 813 1531 869 penebat,
1548 834 1562 864 „

106 882 162 940 bus
190 881 411 940 successoribus
435 883 554 949 nostris,
580 883 657 955 quod
681 900 733 956 ego
759 882 930 949 baudricus,
1234 901 1441 959 CApppULUM
1461 901 1560 959 xpm,

105 991 164 1029 una
179 990 246 1028 cnm
263 970 333 1029 siliis
347 972 432 1039 meis,
447 971 542 1045 ipsius
557 971 663 1045 eulogii
676 971 812 1028 dicentis:
832 979 931 1028 Deteet
1175 976 1212 1031 lle
1225 974 1314 1031 clodis
1328 975 1466 1032 Bernordr'
1479 974 1512 1032 de
1525 974 1618 1031 Bnelo.

103 1061 216 1118 dabitur
231 1062 316 1127 nobis,
338 1078 397 1117 nen
417 1061 498 1116 surdi
522 1060 680 1130 auditores,
709 1061 759 1117 sed
786 1065 929 1133 quantum
1278 1062 1518 1136 (Astacides)

103 1154 261 1223 paupertas
276 1153 378 1206 nostra
402 1148 556 1221 permittit,
573 1167 625 1222 pro
641 1148 796 1206 animabus
822 1149 930 1205 nostris
1020 1174 1034 1202 a
1052 1152 1084 1207 ln
1096 1151 1214 1207 nomine
1224 1151 1340 1207 Domini
1350 1150 1459 1207 nostris
1469 1150 1561 1208 Jhesu
1570 1150 1690 1209 Christi.
1702 1152 1819 1212 Notumt

105 1242 320 1311 parentumque
332 1242 617 1295 nostrorumnecnen
627 1244 655 1295 et
665 1256 717 1312 pro
728 1238 929 1295 incolumitate
984 1240 1199 1296 essevolumus
1214 1239 1353 1296 omnihus
1374 1240 1595 1297 successoribus
1617 1241 1736 1309 nostris,
1756 1257 1819 1316 agor

102 1326 251 1395 Willelmi,
267 1325 391 1384 senioris
412 1327 514 1396 nostri,
532 1328 635 1384 matris
657 1345 772 1400 quoque
787 1329 851 1399 ejus
867 1327 927 1384 Ma·
982 1327 1817 1388 austrabiusetabbasomniscoetusrnonochorumcosne-

101 1416 190 1485 hilde,
209 1434 276 1473 cum
291 1433 390 1473 eorum
409 1433 540 1485 assensu,
553 1417 616 1487 J'am
632 1417 702 1473 olim
719 1416 927 1489 presbiterium
982 1417 1022 1472 bii
1039 1418 1131 1474 sancti
1149 1417 1225 1474 Petri
1246 1417 1444 1488 Carnuteusis,
1461 1418 1675 1490 quodquidam
1694 1419 1738 1475 vir
1755 1435 1810 1477 no*

101 1505 237 1564 acclesiae
252 1507 288 1562 de
304 1505 503 1579 Domuopetro
519 1511 546 1562 et
562 1510 670 1562 terram
686 1507 880 1579 pertinentem
891 1507 926 1562 od
982 1505 1061 1573 hilis,
1077 1506 1105 1562 in
1119 1507 1174 1564 hae
1191 1507 1308 1579 regione
1322 1506 1405 1563 valde
1420 1507 1653 1579 opinatissimus,
1669 1513 1729 1565 tolo
1743 1525 1818 1566 car-⁴⁴

102 1596 203 1674 altare,
219 1601 318 1652 sanctu
335 1595 429 1663 Petro,
446 1595 569 1651 coenobii
581 1595 714 1652 videlicet
729 1596 927 1661 Caruolcusis,
981 1612 1051 1667 pore
1066 1595 1161 1668 plagis
1186 1595 1215 1650 in
1240 1595 1315 1652 bello
1341 1595 1520 1664 debilitatus,
1536 1596 1697 1669 permulta
1712 1597 1809 1654 curri·

103 1685 250 1753 dedimus,
276 1702 328 1757 per
352 1685 585 1757 deprecationem
602 1685 720 1757 quidem
743 1684 835 1758 patris
859 1684 926 1740 ilai-
981 1682 1047 1739 cula
1061 1701 1205 1739 annorum
1221 1683 1250 1739 in
1267 1684 1340 1741 lecto
1356 1686 1510 1753 recubans,
1528 1689 1559 1741 ut
1574 1701 1627 1742 uec
1642 1686 1744 1743 sedere
1762 1704 1810 1745 ne·

100 1774 178 1832 naldi
195 1767 308 1840 decani,
334 1773 384 1846 qui
410 1773 440 1829 in
467 1774 586 1847 prelato
610 1773 751 1838 ooerrobio,
775 1775 830 1829 sub
845 1773 925 1829 abitu
941 1741 965 1806 B
981 1789 1037 1844 quc
1053 1773 1156 1844 pedem
1173 1776 1240 1828 ante
1266 1773 1369 1844 pedem
1395 1790 1502 1846 ponere
1526 1772 1642 1840 valeret,
1663 1778 1818 1834 ettamen·

99 1863 257 1923 monachili
274 1863 331 1920 Deo
346 1862 474 1919 militare
499 1861 530 1918 in
546 1867 695 1919 seneclute
712 1861 825 1918 maluit.
843 1863 926 1920 Nuno
981 1859 1102 1916 consilio
1118 1864 1146 1916 et
1161 1860 1272 1917 salubri
1295 1862 1450 1918 verborum
1473 1861 1581 1920 auxillo
1608 1861 1681 1919 nulli
1697 1862 1818 1936 petenti*

100 1969 215 2027 quoque
230 1952 337 2008 damus
353 1952 539 2008 medietatem
555 1952 674 2008 decimae
691 1951 815 2024 praelata
830 1950 925 2008 asecle
981 1967 1110 2022 unquam
1124 1950 1217 2006 delhit
1227 1968 1233 2018 ;
1244 1949 1411 2022 qui‚locum
1428 1957 1561 2008 nostrum
1575 1951 1660 2009 valde
1669 1952 1816 2028 diligens,

99 2042 149 2098 sisa
165 2058 228 2113 quas
244 2039 274 2096 iu
290 2039 468 2095 dominicatu
486 2045 585 2097 nostro
610 2040 744 2096 aecclesias
764 2056 828 2096 esse
844 2041 924 2096 vide·
980 2040 1078 2096 virens
1095 2039 1124 2094 in
1139 2055 1269 2112 corpore,
1286 2040 1315 2095 in
1327 2040 1707 2114 quantum-potuitsemper
1721 2041 1818 2101 nehiel

99 2135 157 2197 tur,
166 2147 278 2186 necnon
288 2129 507 2185 etmedietatem
515 2128 645 2184 archadii
657 2135 743 2201 atqua
754 2129 922 2203 sepultura.
979 2128 1098 2200 proluit,
1116 2130 1171 2184 sub
1187 2128 1291 2185 abbate
1305 2129 1425 2202 quidem
1438 2129 1591 2196 Landrieo,
1607 2135 1707 2187 sancto
1725 2131 1818 2189 Peleu!

99 2217 270 2274 Trihuimus
285 2232 402 2290 quoque
416 2234 462 2272 res
477 2234 540 2289 quse
557 2217 593 2272 od
610 2216 701 2273 altare
723 2219 880 2290 pertinent,
896 2223 925 2274 et
978 2218 1059 2273 dedit
1069 2217 1230 2273 ecclesiam
1241 2217 1480 2274 sanetitlermani
1491 2218 1652 2293 deAlegio;
1665 2219 1818 2288 eeabhaos

97 2311 207 2363 terram
218 2305 337 2363 Ernaldi
349 2305 518 2362 mediatoris
529 2323 617 2378 quam
634 2312 716 2379 paler
726 2324 809 2363 meus
821 2307 924 2363 Tedui-
977 2307 1037 2362 vita
1052 2307 1205 2374 decedens,
1217 2305 1317 2363 alodos
1328 2323 1401 2379 quos
1416 2305 1543 2364 habebat
1555 2307 1585 2364 iu
1596 2307 1693 2365 Beleia
1706 2312 1817 2367 saneto

99 2415 156 2453 nus
170 2396 268 2453 virens
279 2394 432 2463 concessit,
444 2400 620 2467 pratumque
635 2395 769 2467 desuper,
779 2396 922 2452 vivarium
977 2395 1060 2451 Petro
1076 2395 1203 2468 reliquit,
1229 2412 1320 2451 uuum
1345 2395 1479 2453 videlieet
1503 2396 1534 2452 in
1554 2397 1701 2453 Fontinidi
1724 2397 1815 2467 villa,=

98 2501 215 2560 quoque
230 2485 267 2542 dc
291 2484 369 2540 Mota
393 2483 529 2540 liberum.
555 2484 637 2550 Quod
661 2484 686 2539 si
701 2485 740 2540 ibi
764 2484 922 2557 aliquando
976 2483 1101 2539 alterum
1117 2484 1145 2539 id
1174 2483 1412 2552 MarchesiVilla,
1437 2488 1524 2558 atque
1544 2487 1631 2558 juxta
1657 2486 1814 2555 braiaum,-

98 2573 285 2632 molendinus
311 2572 372 2630 lieri
392 2577 496 2645 potest,
525 2572 666 2628 medietas
686 2572 724 2628 sit
747 2573 816 2628 siliis
836 2573 921 2640 meis,
977 2588 1068 2627 uuum
1085 2571 1159 2643 prati
1177 2571 1683 2644 aripennum;jussitquefidelihus
1699 2573 1807 2633 suisut

98 2664 156 2721 nisi
172 2666 244 2720 terte
264 2662 385 2736 propria
405 2660 552 2718 voluntate
577 2679 661 2718 suam
685 2667 798 2734 partem
821 2667 921 2719 sancto
975 2677 1008 2716 eo
1026 2665 1138 2715 mortuo
1154 2677 1260 2732 corpus
1275 2660 1408 2717 Carnutis
1433 2661 1588 2728 deferrent,
1604 2660 1680 2717 inter
1698 2661 1808 2719 iratres

99 2755 182 2812 Petro
196 2751 408 2809 annuerintsd
424 2752 571 2808 dexteram
586 2756 698 2824 portem
712 2768 779 2807 vero
794 2751 921 2808 ecclesia
974 2748 1192 2804 tumulandum.
1209 2750 1289 2814 Quod
1301 2752 1329 2804 et
1344 2749 1453 2805 lactum
1470 2753 1515 2805 est
1529 2749 1596 2806 idus
1613 2750 1801 2820 novembris;

97 2841 190 2899 libere
202 2842 308 2897 damus
319 2845 425 2896 terrum
444 2839 492 2896 uhi
504 2839 644 2896 habitatio
666 2840 877 2896 monachorum
893 2846 922 2897 et
976 2842 1063 2910 atque
1078 2853 1095 2892 a
1109 2837 1279 2910 parentibus
1295 2837 1358 2893 suis
1372 2839 1564 2910 praelatarum⁴
1575 2852 1673 2895 rerum
1688 2838 1799 2896 donum

97 2931 234 2987 horreum
246 2947 345 2986 eornm
361 2932 390 2984 ct
404 2929 569 2986 caelerasibi
582 2929 747 2986 necessaria
757 2929 826 2986 sint.
839 2930 921 2996 Quod
976 2944 1008 2982 su
1013 2943 1063 2999 per
1078 2925 1168 2982 altare
1184 2926 1276 2983 saneti
1294 2927 1368 2983 Petri
1384 2927 1500 3000 publice
1514 2929 1708 3001 estpositum,
1724 2945 1800 3002 quo-

97 3020 138 3076 ila
151 3019 242 3076 libere
261 3019 377 3086 damus,
395 3022 427 3073 ut
453 3035 547 3090 neque
572 3017 723 3090 sepultura
747 3036 841 3090 neque
864 3018 922 3074 alia
979 3033 1043 3072 rum
1060 3015 1179 3072 noniina
1194 3016 1440 3088 subscripsimus:
1453 3016 1607 3089 Ernaldus,
1623 3018 1702 3075 tilius
1717 3018 1799 3087 llam

96 3109 195 3183 aliqua
206 3108 386 3166 consuetudo
396 3126 413 3163 a
424 3107 491 3163 filiis
503 3106 575 3163 mois
587 3107 629 3162 vel
642 3107 787 3180 abaliquo
801 3108 918 3165 homine
933 3113 954 3180 Γ,
975 3105 1080 3161 Widdo
1093 3105 1129 3161 de
1144 3104 1328 3172 Barzilleriis,
1344 3104 1506 3174 Alcherius,
1520 3105 1602 3179 Hugo
1613 3105 1803 3167 Clericus&

96 3200 237 3272 exigatur..
255 3196 438 3253 Medietatem
454 3196 655 3270 quequelurni
665 3196 800 3252 similiter
815 3198 920 3254 damus
975 3195 1098 3251 nostris:
1115 3193 1280 3266 Stephanus
1291 3199 1319 3250 et
1334 3194 1482 3262 Salomon,
1495 3195 1679 3263 Laurentius,
1689 3197 1803 3253 Adven-

95 3289 183 3358 (229).
195 3329 201 3346 .
213 3329 236 3344 ..
267 3285 341 3343 Etsi
361 3285 428 3358 quis
449 3289 617 3340 nostrorum
633 3284 764 3341 fidelium
780 3286 816 3341 do
832 3286 920 3343 bene·
974 3285 1044 3352 tiae,
1061 3283 1237 3356 Stephanus,
1260 3282 1441 3357 oydelerius,
1458 3283 1601 3341 Martinus
1615 3280 1802 3356 Gunhalduo,

96 3377 172 3445 ficio,
189 3375 267 3450 quod
282 3392 317 3431 en
341 3374 426 3430 nobis
445 3377 532 3440 tenet,
558 3379 669 3445 partem
694 3375 762 3430 dare
786 3373 918 3441 voluerit,
975 3373 1167 3441 dulchardus,
1183 3377 1212 3429 et
1226 3372 1332 3429 oaeteri.
1348 3396 1362 3425 »

95 3464 185 3521 libere
198 3463 304 3521 haheat
318 3467 439 3520 sauctus
455 3462 557 3518 Petrus
578 3466 607 3518 et
626 3463 772 3519 monachi.
795 3463 854 3520 Hoc
867 3464 919 3520 do·
1239 3461 1447 3518 CAPITULUM
1466 3461 1536 3519 xlx,

96 3570 169 3610 num
185 3552 224 3609 lli
248 3551 390 3608 kalendas
413 3549 510 3606 Martii
531 3548 655 3622 egimus,
681 3567 734 3622 ego
758 3551 920 3607 Landricus
1142 3552 1318 3610 helibertano
1331 3552 1465 3611 accures
1485 3554 1632 3611 llrnerotia

95 3643 132 3699 de
146 3640 281 3708 Toriello,
297 3645 325 3696 et
338 3639 390 3694 filii
407 3640 473 3707 mei,
495 3639 678 3707 Gauslridus,
697 3641 777 3712 ltugo
798 3645 827 3695 et
842 3640 918 3696 Lun-
1274 3642 1302 3710 (7
1321 3639 1390 3696 maii
1406 3639 1496 3714 1084.)

96 3731 206 3799 drlcus,
224 3728 348 3803 publice,
364 3729 533 3800 donumque
557 3727 701 3784 miserunt
720 3733 820 3785 sancto
836 3729 919 3786 Petro
1011 3753 1024 3781 «
1043 3730 1075 3786 ln
1100 3729 1218 3785 nomine
1244 3728 1337 3785 Patris
1361 3733 1390 3784 et
1412 3727 1476 3784 Filii
1491 3733 1520 3785 et
1543 3728 1671 3802 Spiritus
1692 3729 1806 3798 sancti,

95 3836 147 3893 per
161 3817 351 3876 Eustachium
375 3817 521 3885 abbatem,
537 3822 675 3888 regnante
691 3816 824 3890 Philippo
841 3835 917 3891 rege.
974 3836 1069 3875 amon.
1087 3820 1146 3893 Ege
1161 3816 1344 3884 Gauslridus,
1357 3817 1651 3891 quamvisindignus,
1662 3817 1807 3876 aconem·

95 3907 238 3965 Volumus
254 3906 341 3963 eliam
365 3922 467 3962 omnes
492 3905 566 3962 scire
590 3907 679 3977 quod,
703 3908 820 3979 quando
845 3924 919 3980 opus
974 3908 1160 3964 Carnutensis
1176 3906 1343 3979 episcopus,
1366 3912 1468 3963 notum
1485 3908 1558 3963 sacia
1578 3906 1801 3964 successoribus

95 3997 193 4069 luerit,
218 3995 270 4051 silli
295 3995 351 4051 mei
377 4011 429 4068 pro
453 3995 559 4051 vicarie
582 3995 629 4050 XX
657 3995 766 4052 solidos
796 3998 917 4055 dabunt.
974 3994 1800 4068 meisetaliisrecclesiaenostrefidelibus,qucdiratet·

96 4086 191 4157 Hujus
205 4085 246 4141 rei
263 4089 351 4141 testes
366 4089 454 4140 sunt:
479 4083 635 4141 tlilduinus
649 4085 685 4140 de
699 4085 812 4142 Damno
825 4087 917 4156 Petro,
974 4085 1158 4153 Eustachius,
1175 4085 1268 4140 abbas
1289 4083 1383 4140 sancti
1399 4083 1475 4140 Petri
1490 4084 1676 4141 Carnotensis
1694 4101 1800 4141 mon&

95 4174 269 4233 Gausiridus
282 4175 372 4241 saber,
387 4173 448 4230 Ode
463 4173 498 4229 de
513 4172 659 4230 Floriano:
677 4174 848 4242 Ruinaldus,
860 4177 920 4232 lra—
973 4175 1065 4242 elerii,
1094 4175 1204 4248 rogavit
1218 4172 1369 4230 humiliter
1383 4191 1450 4229 cum
1473 4173 1609 4247 precibus
1624 4173 1798 4247 parvitatem

95 4269 139 4322 ter
151 4266 234 4338 ejus;
261 4264 425 4320 Radbertus
448 4264 552 4334 major,
576 4268 606 4318 et
630 4262 805 4330 Willolmus,
831 4264 919 4320 irater
974 4281 1079 4333 uicum,
1097 4263 1192 4320 utsihi
1204 4262 1676 4337 etcongregationimonachorum
1688 4261 1806 4320 ibidem·

94 4355 180 4425 ejus3
197 4353 268 4421 Odo,
289 4351 369 4408 silius
385 4351 573 4425 lngilsiudis3
597 4351 754 4419 drasidas,
779 4342 917 4408 bernardi
973 4352 1162 4409 servientium
1178 4352 1278 4408 darem
1292 4351 1383 4406 altare
1397 4351 1433 4406 dc
1444 4348 1673 4418 Bruerolis,sluc
1685 4347 1801 4410 ullane

95 4443 193 4512 filius;
210 4440 371 4499 Raiualdus
386 4442 524 4508 decanus,
552 4440 612 4497 Ode
636 4441 794 4513 presbiter;
811 4442 918 4514 Frege-
973 4441 1140 4514 demptione
1153 4436 1804 4512 ulteriusbabendum.0uiaergoistapatilio

94 4531 167 4603 rius,
199 4530 342 4588 mediator
362 4530 481 4599 decani3
517 4528 681 4588 Willelmus
701 4530 864 4604 jugulator,
890 4535 919 4587 et
974 4535 1001 4586 et
1015 4529 1136 4587 utilitati
1150 4547 1251 4586 eorum
1267 4534 1296 4586 et
1319 4546 1389 4586 meas
1404 4529 1549 4585 honestati
1565 4528 1722 4586 convenire·
1734 4527 1806 4586 visa.

93 4621 270 4688 Gualterius,
287 4619 383 4677 socius
398 4621 479 4692 ejus;
495 4618 655 4675 ilainaldus
670 4618 861 4691 pellicearius.
879 4620 919 4674 Ex
974 4625 1028 4689 est,
1052 4621 1128 4676 done
1143 4619 1184 4676 eie
1205 4619 1379 4691 pradictum
1395 4617 1496 4684 altare,
1521 4635 1580 4674 non
1595 4617 1658 4676 sine
1674 4632 1800 4675 assensu

95 4716 195 4767 nostra
210 4715 305 4783 parte:
326 4708 388 4765 Gilo
403 4714 431 4764 el
447 4707 534 4777 Elias,
551 4708 720 4779 filiuseius,
738 4707 916 4776 Tedhaldus,
972 4707 1071 4764 fratris
1085 4706 1228 4777 Gauslini,
1244 4707 1274 4762 in
1290 4708 1376 4778 cujus
1391 4706 1648 4763 archidiaconatus
1658 4710 1714 4773 est,
1729 4705 1803 4763 eoli'·

95 4799 259 4867 Dolardus;
276 4799 444 4866 Herbertus,
456 4797 535 4852 silius
547 4796 662 4853 Fulcadi
673 4815 680 4865 ;
691 4795 795 4851 Vitalis
811 4796 919 4869 presbi-
972 4797 1043 4852 dum
1059 4801 1088 4852 et
1109 4797 1242 4868 quietum
1269 4796 1306 4851 ah
1334 4796 1414 4851 omni
1438 4795 1616 4863 venditione,
1641 4811 1659 4851 a
1680 4794 1808 4864 sinodo,

95 4893 149 4952 ter,
180 4886 333 4944 Rieherius
357 4888 460 4957 major,
493 4885 667 4941 Laurentius
699 4884 915 4954 cubicularius;
972 4884 1376 4954 aeircada,abomuietiam
1392 4882 1807 4942 consuetudineetahomnir

96 4978 270 5045 Rodbertus,
287 4977 382 5046 major
395 4973 509 5046 Capella
525 4974 612 5047 Regia
625 4993 631 5042 ;
645 4973 814 5042 Rainaldus,
826 4992 916 5047 nepos
971 4972 1192 5048 inquietatione,
1209 4974 1270 5030 sive
1293 4973 1441 5030 exactione
1451 4973 1580 5046 justicias
1598 4990 1615 5029 a
1637 4971 1801 5045 presbitero

95 5065 256 5139 Majenardi
274 5062 407 5119 monachi
420 5080 427 5130 ;
442 5060 620 5129 Tescelinus,
645 5062 723 5118 filius
739 5063 915 5136 llildegarii;
972 5064 1151 5122 servientein
1166 5061 1804 5135 1000.brantonpersuroedannatempore

94 5153 264 5218 Adventius,
289 5151 473 5224 Beringerius
509 5168 607 5225 agaso,
636 5151 786 5209 lohannes
816 5170 914 5210 cocus.
971 5149 1805 5224 firmumetstabilemaneathocdonum,praeenti's'oris

96 5246 175 5303 Hanc
191 5245 289 5298 autem
303 5244 414 5296 cartam
431 5240 454 5296 si
471 5239 578 5312 ahquis
588 5240 758 5313 prophanus
772 5244 916 5300 contraire
971 5247 1020 5315 plo
1034 5241 1180 5311 mandavi,
1196 5246 1226 5297 et
1240 5241 1324 5315 signo
1347 5239 1442 5296 erucis
1464 5256 1555 5297 mauu
1570 5255 1638 5296 mea
1659 5239 1735 5297 iacto
1750 5254 1804 5296 ων,

94 5329 227 5398 volucrit,
244 5328 299 5386 nisi
315 5327 469 5401 resipuerit
492 5328 687 5396 satislaeicns,
707 5330 784 5386 sicut
801 5330 916 5389 Dathan
971 5330 1397 5398 horavi,etlideliummeorum
1405 5327 1809 5387 manibuscorroboraudom·

94 5424 125 5477 et
146 5418 265 5485 Abiron,
290 5423 368 5474 terra
391 5416 488 5473 vivum
510 5418 675 5488 absorbeat,
704 5423 732 5474 et
754 5419 782 5474 in
802 5419 916 5478 inierno
970 5419 1088 5476 tradidi.
1105 5421 1134 5476 S.
1150 5418 1298 5475 eaustrtdi
1312 5419 1449 5492 episcopi.
1461 5416 1594 5477 Hilduiui
1608 5414 1800 5492 parentans

131 5526 205 5602 (220)
232 5528 380 5602 sequntur
402 5525 486 5586 llnee
509 5531 579 5598 tres,
604 5542 731 5601 quarum
760 5527 917 5602 scriptura,
937 5527 1056 5603 penitus
1070 5526 1176 5602 deleta,
1191 5524 1249 5601 legi
1264 5542 1322 5585 non
1338 5529 1443 5601 potest.
