3816 6006
66 274 146 340 tria
396 273 635 338 nantelmus
656 273 781 338 nuiss.
804 264 856 338 El*
876 267 1022 340 EVANG.
1046 277 1222 344 contule.
1237 311 1277 326 —-
1292 279 1393 344 PARS
1415 277 1439 342 l.
1691 277 1768 342 llll
1796 313 1800 318 ·

66 409 203 497 etlatar.
219 408 275 468 Sed
291 407 374 467 Pater
388 405 495 466 dicitur
509 408 623 484 operari
636 426 688 484 per
698 409 814 480 Filium,
832 428 889 469 non
903 410 931 480 Α
947 413 1184 483 mutabilitatem,
1206 414 1393 472 accedentem
1419 429 1536 488 quoque
1552 415 1580 471 ct
1594 412 1768 471 mutabilem

68 500 159 559 l‘llius
174 517 226 574 per
240 498 368 570 Patrem;
380 499 519 572 quoniam
527 499 730 556 auctoritatem
738 502 890 574 operandi,
944 501 1071 560 fuissein
1081 505 1137 559 llco
1146 501 1324 560 uoluntatem
1334 509 1362 560 et
1372 502 1605 578 dispositionem,
1617 520 1669 576 per
1678 519 1767 577 quam

66 602 157 664 quam
172 590 261 646 habet
275 589 377 656 Filius,
393 588 481 645 habet
495 589 613 656 aPatre,
623 588 887 648 nonPateraFilio.
945 592 1042 649 subito
1058 592 1169 664 aliquid
1184 593 1335 659 voluisset,
1348 594 1475 651 ostendit
1485 610 1519 649 ea
1532 610 1595 666 quae
1611 594 1688 651 sacta
1699 598 1769 651 sunt
1883 634 1884 638 ,

65 678 113 738 Slc
129 679 219 754 igltur
233 680 434 736 demonstrato
449 678 528 751 quod
539 678 639 734 omnis
648 680 724 735 bona
734 678 811 736 lacta
821 683 891 735 sunt
944 679 974 738 in
998 687 1139 755 tempore,
1163 682 1194 737 in
1218 688 1316 739 mente
1343 682 1441 738 divina
1465 700 1516 755 per
1539 683 1724 756 praesentiam
1740 687 1769 741 ct

64 781 117 844 per
129 767 270 839 Verbum,
286 772 499 843 consequenter
509 767 675 824 ostenditur
685 769 761 842 quod
773 767 888 825 nullum
944 770 1166 845 dispositionem
1183 788 1298 845 semper
1312 771 1404 828 fuisse
1419 776 1447 828 et
1461 789 1534 840 esse,
1553 789 1619 828 cum
1642 774 1766 846 subjun-

65 858 177 923 malum
194 859 303 916 sactum
318 861 364 915 est
375 873 426 931 per
436 857 545 931 ipsum,
561 874 630 914 cum
645 858 798 915 subditur:
942 861 1001 935 git:
1019 861 1093 930 Quod
1107 862 1211 932 sactum
1225 870 1264 918 est
1277 863 1307 917 in
1323 863 1381 934 ipso
1396 863 1452 917 vito
1471 869 1540 929 crat,
1560 861 1616 918 hoc
1629 865 1673 918 est
1688 864 1766 935 quod

99 949 132 1005 Et
144 950 205 1008 siae
218 950 277 1022 ipso
291 951 396 1020 factam
409 954 449 1004 est
460 947 544 1016 citit,
566 947 656 1004 idest
677 951 830 1021 peccatum
844 947 888 1005 vel
943 949 1013 1007 alibi
1029 949 1150 1024 legitur:
1169 972 1183 1001 «
1199 951 1254 1018 Qui
1270 951 1337 1008 lecit
1352 969 1416 1025 quae
1432 952 1532 1008 lutura
1547 955 1627 1008 sunt.
1651 951 1724 1007 Hinc
1737 957 1766 1009 et

63 1037 179 1101 vitium.
196 1037 254 1094 Hoc
269 1040 313 1093 est
328 1036 405 1109 quod
417 1034 887 1110 dicitlaoobusinapistolacano·
942 1038 1242 1113 Psalmista1Poputo.
1260 1041 1366 1114 iuquit,
1383 1044 1431 1115 qai
1445 1049 1585 1108 nascetur,
1603 1057 1681 1113 quem
1699 1042 1765 1112 fecit

65 1125 146 1190 nica:
163 1127 247 1189 Omne
260 1124 356 1183 datam
370 1127 513 1199 optimum,
533 1133 559 1182 ct
573 1142 652 1183 omne
675 1126 776 1183 donum
797 1130 888 1199 perse·
941 1131 1072 1186 Dominus
1088 1130 1173 1204 (Psoi.
1190 1134 1259 1201 mr).
1276 1131 1422 1205 Quidquid
1439 1130 1517 1187 enim
1528 1131 1605 1186 Deus
1618 1134 1764 1226 tempora·

63 1225 138 1274 ctum
155 1216 305 1273 »warram
325 1222 373 1283 cst,
398 1214 560 1273 maedan
588 1233 606 1272 a
627 1216 711 1273 Patre
738 1217 886 1284 laminam,
940 1216 1008 1275 liter
1021 1219 1155 1297 facturus
1175 1224 1246 1289 crat,
1259 1219 1564 1293 praevlditabaeterno‚
1576 1218 1657 1291 quid,
1674 1235 1765 1290 quan·

63 1305 137 1378 opud
159 1310 239 1378 quem
262 1320 318 1362 non
340 1313 378 1362 est
400 1306 590 1362 transmutatio
614 1322 665 1361 nec
688 1305 887 1362 amaritudinis
941 1310 1015 1376 tum,
1033 1307 1129 1382 quale,
1147 1309 1197 1366 ubi
1212 1314 1240 1365 et
1256 1310 1373 1382 quando
1388 1308 1462 1364 illud
1488 1309 1620 1364 facturus
1643 1310 1714 1364 crat.
1733 1307 1763 1364 Si

63 1395 231 1455 obumbratio
251 1396 318 1469 (tac.
342 1394 428 1469 1).Αο
454 1394 477 1450 si
502 1401 600 1468 aperte
624 1394 716 1450 dicat:
743 1393 786 1451 lta
809 1394 887 1452 Deus
940 1397 1018 1454 enim
1036 1399 1212 1455 architectus
1226 1397 1406 1471 temporalis,
1418 1415 1516 1454 arcam
1527 1396 1762 1470 facturus,prius

64 1484 177 1541 confert
191 1485 267 1542 bona
277 1484 355 1558 quod
367 1500 425 1540 nou
438 1483 525 1540 infert
537 1483 624 1551 mala,
637 1483 678 1540 ita
688 1488 784 1541 mutat
793 1483 887 1541 homi·
939 1487 1029 1545 habet
1043 1505 1107 1545 eam
1124 1489 1154 1544 in
1170 1491 1266 1545 mente
1275 1503 1327 1561 per
1338 1487 1567 1561 praevidentiam,
1578 1491 1605 1542 et
1614 1493 1715 1560 postea
1725 1487 1761 1542 ad

63 1581 116 1637 ries
131 1592 148 1631 a
162 1573 240 1631 malo
254 1572 285 1629 in
300 1574 411 1629 bonum
428 1573 505 1645 quod
522 1590 579 1629 non
595 1578 775 1630 transmutat
790 1590 839 1631 eos
850 1576 886 1632 de
940 1576 1088 1651 exemplar
1103 1578 1209 1633 mentis
1224 1595 1284 1633 sua
1310 1576 1432 1634 fabricat
1447 1581 1475 1632 et
1491 1576 1597 1649 figurat
1619 1576 1710 1632 illam.
1726 1577 1761 1632 llt

63 1660 885 1734 bonoinmalum,ltallluminathomineslucevirtutum
940 1683 1008 1723 arca
1022 1667 1141 1740 quidem
1157 1665 1317 1723 materialis
1333 1666 1423 1739 perit:
1447 1682 1514 1722 arca
1536 1683 1602 1723 vero
1624 1664 1761 1722 mentalis

62 1753 141 1826 quod
156 1769 214 1810 nnn
228 1751 358 1813 vicissim
370 1751 527 1808 obumbrat
537 1767 586 1807 eos
596 1753 725 1809 tenebris
734 1752 883 1809 vitiorum.
940 1755 1086 1824 consistit;
1103 1756 1144 1812 ita
1157 1757 1236 1829 quod
1251 1756 1286 1811 ad
1298 1754 1583 1828 exemplarejusalia
1593 1758 1621 1811 at
1631 1753 1688 1811 alia
1699 1753 1761 1810 lieri

62 1843 143 1911 Quod
154 1841 233 1903 euim
244 1840 435 1915 legiturlleus
445 1854 588 1898 excaecsrc
598 1839 727 1915 iniquos,
739 1842 785 1899 vel
797 1842 883 1900 indu·
939 1845 1042 1918 possit.
1050 1844 1527 1919 Quantomagisexemplardivinae
1538 1842 1644 1900 mentis
1655 1844 1762 1899 immu-

60 1949 136 2000 tare,
150 1932 206 1992 hoc
222 1930 292 1989 iacit
305 1930 407 2004 utique
422 1945 480 1989 non
497 1930 777 1989 tenebrasvitiorum
788 1933 885 1989 infun·
938 1934 1066 1992 tabiliter
1080 1939 1189 2004 manet,
1205 1933 1273 1991 licet
1287 1934 1377 1991 resad
1387 1933 1460 1990 illud
1471 1933 1550 1990 lactoe
1563 1933 1761 2007 temporaliter
1863 1937 1864 1941 ’

60 2010 167 2093 dendo,
183 2039 234 2080 sen
245 2012 345 2079 lumen
356 2020 455 2097 gratie
466 2035 525 2077 sure
536 2020 746 2079 subtrahendo.
759 2021 884 2079 Verum·
939 2025 1079 2082 accedant
1092 2028 1121 2080 et
1135 2025 1283 2081 recedant.
1665 2084 1669 2098 ,

60 2115 160 2171 tamen
176 2111 469 2172 animadvertendum
484 2114 529 2168 est
543 2112 683 2185 quoniam
699 2111 754 2169 hoo
776 2128 883 2169 nomen
973 2114 1187 2189 Sequiturpars
1200 2113 1402 2186 tertiamque
1413 2112 1758 2187 incipitevangclistade·

59 2203 166 2261 motam
179 2203 209 2260 in
224 2219 309 2261 sacra
324 2200 475 2275 Scriptura
488 2199 633 2275 triplicem
650 2201 725 2276 gerit
740 2200 883 2276 acceptio·
938 2209 1101 2262 monstrare
1116 2203 1270 2260 hominum
1286 2203 1402 2259 ruinam
1418 2219 1470 2275 per
1483 2201 1613 2258 Verbum
1628 2203 1679 2260 Dei
1694 2219 1759 2260 esse

60 2295 139 2351 dem.
148 2293 329 2366 Quandoque
337 2307 464 2365 namque
473 2289 584 2348 malum
596 2295 783 2365 nuncupatur
790 2308 881 2365 poeaa,
938 2297 1112 2367 reparatam.
1128 2295 1164 2350 Et
1178 2293 1233 2350 hcc
1247 2293 1351 2350 modo:
1368 2292 1465 2348 Primo
1481 2292 1664 2348 demonstrat
1680 2289 1757 2362 quod

60 2382 213 2453 tribulatio,
228 2384 365 2448 circatae,
381 2379 426 2437 vel
449 2381 605 2453 flagellem:
631 2397 695 2454 quae
710 2381 850 2455 quoniam
866 2396 883 2437 a
937 2383 988 2440 Dei
1002 2383 1142 2451 Verbum,
1160 2383 1237 2455 quod
1253 2382 1333 2437 dedit
1348 2380 1458 2437 catoris
1474 2382 1561 2437 rebus
1576 2398 1640 2437 esse
1653 2379 1698 2437 vel
1713 2379 1757 2434 ri·

60 2471 289 2547 summeiudice
309 2472 390 2544 justo
411 2468 523 2542 jndicio
546 2469 756 2540 immittuntur,
779 2469 882 2544 procul
936 2488 1012 2541 vere,
1027 2471 1140 2529 homini
1155 2471 1243 2528 etiam
1253 2470 1447 2544 cognitionem
1457 2471 1502 2526 sui
1512 2470 1656 2527 Creatoris
1667 2469 1756 2526 dedit.

59 2562 149 2620 dubio
165 2580 182 2619 a
196 2562 253 2618 Deo
269 2563 347 2618 sunt.
365 2558 447 2617 Unde
463 2557 580 2633 legitur,
599 2576 654 2617 aon
669 2567 709 2616 est
731 2561 882 2618 maiomam
936 2562 1080 2629 Secundo,
1097 2562 1173 2635 quod
1189 2561 1276 2617 homo
1287 2560 1355 2616 vitio
1367 2577 1421 2615 suo
1433 2559 1513 2615 illam
1527 2558 1635 2616 amisit.
1648 2560 1755 2627 Tertio,

57 2654 170 2711 civitate
184 2650 254 2725 qood
268 2650 433 2722 confecerit
450 2651 581 2708 Dominus
601 2653 702 2727 (Amos.
720 2652 774 2719 ru),
796 2651 881 2723 juxta
936 2652 1083 2726 quomodo
1101 2650 1293 2725 perverbum
1307 2650 1358 2705 Dei
1378 2648 1459 2705 illam
1478 2648 1674 2722 recuperavit.
1691 2649 1757 2704 Pri·

58 2731 137 2816 quod
152 2741 215 2814 ipse
230 2756 281 2813 per
303 2737 409 2797 isaiam
433 2737 518 2794 dicit:
543 2739 599 2810 ligo
620 2753 681 2795 sum
704 2739 772 2796 oea
787 2748 814 2797 ct
826 2756 881 2798 aaa
936 2758 1018 2798 mum
1029 2739 1253 2815 igiturostendit
1261 2740 1337 2813 quod
1346 2738 1397 2795 Dei
1406 2738 1634 2811 Verbum,qu0d
1645 2739 1757 2796 ceteris

57 2830 138 2898 citer,
153 2832 277 2903 [orosam
292 2829 389 2895 lacem,
405 2835 539 2884 stoream
553 2828 687 2898 tenebras,
711 2831 816 2902 saetam
828 2847 881 2904 pa·
935 2831 1024 2887 rebus
1038 2828 1119 2886 dedit
1133 2828 1291 2886 essentiam
1307 2828 1350 2885 vel
1366 2828 1467 2894 vitam,
1483 2827 1654 2885 hominibus
1668 2827 1756 2885 etiam

57 2938 124 2989 coo,
140 2928 166 2977 ct
179 2935 275 2976 creans
289 2919 396 2977 matam
410 2917 475 2991 (lac.
490 2917 599 2990 xavur).
615 2918 794 2993 Quandoque
813 2936 880 2976 varo
935 2919 1015 2977 dedit
1030 2918 1076 2975 sui
1092 2918 1300 2992 coguitionem,
1317 2935 1384 2974 oum
1408 2917 1560 2974 subditur:
1575 2918 1607 2974 m
1627 2919 1685 2973 vito
1698 2925 1758 2973 erat

57 3009 167 3068 dicitur
182 3007 304 3078 malum,
320 3005 399 3064 mala
413 3022 469 3075 res,
486 3010 519 3062 ut
533 3011 605 3080 puta
620 3005 716 3067 malus
727 3006 824 3076 homo,
835 3006 880 3065 vel
935 3009 1152 3065 luctaminum.
1169 3009 1208 3064 Ac
1223 3009 1248 3063 si
1264 3011 1362 3080 aperte
1373 3006 1600 3064 dicat:Verbum
1610 3005 1758 3077 quoderat

57 3100 133 3160 actio
149 3092 236 3155 mala.
253 3099 321 3164 Oua
337 3094 454 3171 quidem
470 3095 500 3152 in
517 3100 660 3169 quantum
676 3100 721 3152 cst
735 3095 820 3153 alteo
832 3114 881 3153 au-
934 3113 987 3170 per
1001 3095 1221 3170 metonymiam,
1238 3097 1416 3169 quibusdam
1433 3095 1521 3151 robus
1537 3094 1673 3162 essentia,
1693 3093 1756 3167 qui-

56 3193 147 3256 etare,
160 3189 236 3245 bona
252 3191 306 3244 est.
323 3185 504 3257 Quandoque
519 3184 607 3241 etiam
629 3183 736 3241 dicitur
755 3185 877 3253 malum,
894 3164 917 3234 0
935 3187 1061 3243 busdam
1072 3185 1311 3254 etiamvitaerat,
1325 3183 1636 3251 hominibusessentia‚
1648 3183 1754 3252 atrita,
1813 3195 1818 3206 ·

56 3280 176 3347 matitia,
192 3276 237 3333 vel
252 3276 402 3350 injustitia,
418 3278 447 3331 ct
456 3271 606 3347 quodlibet
617 3277 780 3347 peccatum.
797 3275 878 3341 Quod
932 3278 962 3333 et
975 3274 1035 3331 lun.
1050 3274 1114 3331 Nou
1129 3275 1207 3331 enim
1224 3274 1381 3331 insensatis
1398 3274 1498 3343 rebus,
1516 3290 1573 3329 nou
1589 3272 1685 3329 brutis
1696 3272 1756 3328 ani·

57 3368 198 3446 quoniam
213 3364 385 3439 estprivatic
392 3362 514 3437 justitie
529 3361 602 3419 nibil
613 3367 668 3432 est,
684 3367 712 3420 et
723 3363 878 3423 ideoallco
932 3364 1128 3433 matlbuaset
1141 3363 1194 3421 soli
1205 3367 1341 3420 creatura
1357 3362 1491 3419 rationali
1513 3361 1594 3418 debit
1613 3362 1689 3419 Deus
1708 3359 1756 3418 sui

52 3474 112 3518 non
126 3453 311 3523 estouando
322 3450 524 3528 ergolegimus
537 3453 615 3526 quod
624 3457 787 3526 peccatum,
799 3455 878 3527 quod
932 3453 1140 3529 cognitionem.
1152 3454 1239 3509 Porro
1251 3452 1404 3526 tripliciter
1413 3451 1562 3507 illuminat
1571 3451 1648 3508 Deus
1660 3451 1755 3507 homi-

52 3547 169 3614 vitium,
185 3545 263 3618 quod
276 3541 533 3611 idolumnihilest‚
543 3540 876 3616 distinctioucopusest.
932 3560 1011 3614 nem,
1028 3540 1149 3599 rationis
1165 3540 1349 3611 discretione,
1364 3542 1441 3610 fidei,
1453 3544 1682 3613 ceterarumque
1692 3557 1757 3615 gra·

53 3636 85 3696 Si
100 3636 178 3693 cuim
193 3634 228 3692 de
243 3630 373 3695 nominis
388 3629 533 3706 appellato
549 3639 645 3689 sermo
661 3632 778 3701 texitur,
805 3631 879 3695 falsa
932 3632 1040 3690 tiarum
1055 3631 1260 3700 illustratione,
1277 3633 1306 3686 et
1318 3632 1363 3686 sui
1380 3629 1473 3702 ipsius
1488 3629 1673 3687 revelatione.
1695 3630 1755 3686 Pri·

53 3723 229 3790 estimatio,
245 3720 385 3796 quoniam
399 3718 472 3777 illud
488 3719 566 3794 quod
582 3724 627 3776 est
651 3726 814 3795 peccatum,
830 3723 877 3781 vel
931 3739 1014 3779 mum
1030 3721 1101 3778 iacit
1115 3719 1265 3779 hominem
1291 3736 1404 3789 creans,
1429 3720 1593 3776 secundum
1610 3718 1695 3775 illum
1711 3737 1758 3776 re-

52 3803 383 3879 idolumncnnihilest.
396 3807 593 3868 Homicidium
603 3809 803 3884 quippccctus
814 3830 878 3871 cru·
931 3826 1044 3878 creans,
1053 3810 1173 3868 tertium
1187 3808 1271 3865 illum
1280 3808 1459 3882 glorificans.
1472 3808 1602 3865 Primum
1614 3809 1759 3872 esthcmi-

52 3898 127 3962 dclis
139 3905 169 3960 st
181 3899 331 3969 immanis,
345 3905 376 3957 et
390 3898 505 3956 idolum
525 3915 632 3972 corpus
646 3905 701 3969 ast,
716 3899 745 3957 si
760 3919 827 3959 vero
842 3903 878 3961 de
931 3898 962 3956 ni
976 3900 1280 3968 natura3secundum,
1289 3896 1399 3971 gratia:
1414 3897 1543 3966 tertium,
1555 3915 1666 3954 merces
1677 3901 1760 3954 aeter-

52 3990 182 4053 nominis
193 3989 336 4065 qualitate
352 4004 447 4048 sermo
463 3992 654 4061 proponatur,
671 3990 771 4061 procul
788 3991 876 4048 dubio
931 4005 978 4046 na.
995 3989 1077 4046 Unde
1092 3992 1121 4044 et
1137 3987 1243 4062 legitur
1258 3986 1341 4042 illum
1358 3985 1522 4059 plasmasse
1537 3987 1572 4042 ad
1581 3989 1759 4058 imaginaret

51 4099 138 4141 vesias
153 4083 199 4139 cst
212 4095 319 4139 sermo.
336 4076 410 4134 lllud
427 4077 535 4153 quippe
550 4077 628 4133 unde
643 4077 754 4134 idolum
771 4095 877 4136 nomen
930 4077 1144 4135 similitudinem
1158 4087 1238 4133 suam
1253 4077 1329 4148 (deo.
1347 4077 1376 4148 ν).
1393 4076 1438 4129 Ad
1449 4075 1610 4148 imaginem
1622 4075 1654 4132 in
1670 4075 1758 4133 ratio-

52 4169 175 4246 accepit,
192 4167 264 4226 nihil
280 4169 337 4234 est,
351 4164 491 4239 quoniam
504 4165 775 4234 conformisdeitns‚
788 4184 877 4240 quam
932 4183 978 4237 ne,
995 4167 1031 4223 ad
1039 4165 1265 4222 similitudinem
1279 4165 1308 4220 in
1319 4165 1458 4236 bonitate,
1468 4162 1642 4221 utvidelicet
1653 4181 1757 4239 quem-

53 4259 128 4318 lalsa
141 4257 297 4319 hominum
309 4252 407 4329 opinic
417 4253 444 4311 ei
455 4253 599 4322 attribuit,
607 4252 679 4312 nihil
690 4271 811 4328 prorsus
821 4260 877 4324 est,
932 4255 1092 4313 admodum
1118 4254 1196 4310 Deus
1220 4257 1265 4310 est
1288 4251 1440 4310 rationalis
1455 4258 1484 4309 ct
1497 4255 1602 4324 bonus,
1628 4254 1680 4322 sic,
1706 4254 1756 4311 scd

53 4347 197 4408 Similiter
211 4350 240 4403 et
255 4343 328 4401 illud
344 4343 422 4400 unde
437 4342 629 4401 homidicium
642 4344 876 4418 cognominatur,
932 4360 985 4402 suo
1001 4344 1098 4410 modo,
1116 4344 1203 4400 bomo
1219 4346 1296 4400 esset
1311 4343 1495 4400 rationabilis
1510 4347 1538 4398 et
1553 4344 1695 4412 bonus,et
1711 4360 1757 4400 ra-

54 4435 129 4495 nihil
144 4440 200 4505 est,
215 4433 353 4508 quoniam
369 4449 427 4489 non
443 4435 563 4501 nature,
580 4431 631 4489 sed
647 4432 743 4506 potius
755 4435 877 4506 justitiae
931 4433 1011 4490 tione
1023 4432 1542 4506 quidemsciretdiscernereveruma
1553 4431 1636 4504 laiso,
1648 4433 1757 4489 bonum

54 4525 203 4599 debitique
218 4523 285 4582 finis
297 4521 420 4596 privatio
443 4525 497 4578 cst.
520 4521 556 4577 itt
570 4537 638 4578 oum
662 4522 801 4582 subtilius
816 4541 877 4582 rem
894 4537 950 4604 Da
966 4521 1055 4588 malo,
1071 4526 1100 4579 et
1115 4523 1212 4594 malus
1225 4522 1335 4577 bonum
1345 4521 1468 4577 aminus
1481 4522 1567 4578 bono.
1580 4521 1616 4577 Et
1625 4521 1760 4594 itasupcr

53 4611 717 4690 inquiramus,nullusactusquantumcuuque
725 4627 879 4685 perversus
934 4610 1547 4684 omniaraperirctctrecognosceretverum
1563 4614 1593 4666 et
1608 4626 1759 4666 summum

54 4692 104 4774 stt,
120 4702 249 4760 adebito
265 4702 322 4758 line
338 4698 584 4757 frustratur.lltsi
600 4699 774 4773 enimprava
784 4700 882 4757 inten·
937 4701 1059 4769 bonum,
1076 4700 1205 4757 bonitate
1221 4716 1286 4757 vcro
1310 4699 1476 4757 imitaretur
1489 4705 1519 4756 et
1533 4698 1638 4756 colerct
1650 4699 1759 4772 ipsum.

53 4791 242 4867 sinagonus,
267 4793 411 4864 quantum
436 4788 466 4844 in
482 4805 513 4845 se
529 4791 585 4859 est,
609 4792 707 4845 actum
732 4791 883 4860 pervertit,
937 4791 1097 4848 Undccum
1108 4787 1761 4862 Psalmistaquaestionemposuissetquorum-

53 4887 153 4943 umen
168 4876 632 4951 summusauctoropussuumad
644 4877 884 4967 debitumtibcm
938 4880 1007 4936 dam
1022 4877 1200 4935 dicentium:
1218 4879 1284 4948 Quis
1295 4878 1412 4935 ostendet
1424 4880 1503 4935 cobis
1519 4877 1760 4950 bonat(l’sat,1v).

52 4966 143 5031 idest
156 4965 795 5042 adJustitioevelmisericordiasualaudem
808 4985 886 5025 sem·
940 4969 1046 5026 Statim
1062 4966 1128 5041 quis
1142 4968 1219 5025 bona
1234 4967 1319 5025 nobis
1343 4966 1513 5035 ostenderit,
1539 4967 1676 5040 ostendit,
1692 4983 1760 5023 cum

53 5056 280 5135 pertingitur
305 5058 402 5115 tamen
427 5056 495 5113 inde
519 5072 627 5129 pravus
651 5054 786 5113 minister
804 5057 885 5130 juste
941 5055 1106 5131 subjungit:
1123 5058 1269 5127 Sipontum
1282 5066 1322 5115 eat
1335 5073 1415 5130 super
1426 5073 1473 5113 ooo
1489 5057 1579 5113 tumeo
1602 5057 1692 5113 vultus
1707 5058 1760 5125 tui,

54 5141 882 5221 damnatur,quouiamactumquantumcunqueinsecst,
936 5145 1162 5219 Domiac(ibtd.).
1186 5145 1294 5202 Vultus
1319 5145 1423 5219 qaippe
1449 5143 1500 5202 Dei
1525 5145 1617 5201 Filius
1639 5149 1694 5212 est,
1709 5162 1763 5219 per

55 5255 74 5297 a
89 5232 388 5310 debitouneprivavia
401 5234 652 5310 quemadmodum
663 5232 712 5291 ille
724 5233 774 5306 qui
786 5249 884 5308 regem
938 5252 1024 5309 quem
1040 5234 1117 5292 Deus
1132 5236 1327 5308 cognoscitur,
1344 5235 1429 5306 cujus
1439 5233 1657 5292 lumendicitur
1668 5237 1763 5309 gratia

56 5322 295 5401 veluit-prodere,
316 5325 485 5394 damnatur,
510 5341 568 5386 non
586 5323 655 5397 quia
678 5322 816 5395 prodidit,
834 5322 885 5380 sed
937 5325 1079 5381 virtutum
1094 5325 1170 5396 ejus,
1185 5323 1762 5399 quarumradiosnossignatetinsignit,

57 5416 138 5493 quia,
154 5420 299 5491 quantum
315 5413 345 5471 in
366 5431 400 5472 co
423 5417 478 5482 est,
495 5414 573 5471 lecit.
600 5412 759 5486 Postquam
786 5415 884 5469 sutem
939 5418 967 5472 et
981 5414 1036 5470 hoc
1051 5429 1201 5485 supernos,
1219 5415 1247 5469 id
1263 5417 1308 5471 est
1322 5413 1351 5468 in
1367 5413 1510 5487 superiori
1528 5418 1609 5487 parte
1626 5414 1762 5481 rationis,

59 5497 137 5567 dixit
148 5504 330 5583 evangelista
342 5519 395 5577 per
408 5503 538 5561 Verbum
554 5502 630 5563 lacta
651 5518 715 5558 esse
739 5501 884 5571 universa,
939 5503 969 5559 in
986 5520 1043 5577 qus
1056 5501 1119 5560 solo
1134 5501 1345 5576 relucetimago
1354 5502 1416 5574 Dei,
1427 5508 1570 5578 tanquam
1577 5501 1726 5576 exemplar
1735 5501 1765 5557 in

60 5613 98 5657 na
112 5594 160 5655 cui
171 5580 320 5654 videretur
335 5592 499 5653 secundum
518 5607 617 5649 rerum
643 5589 843 5649 accessionem
858 5595 887 5649 et
939 5589 1058 5666 speculo
1074 5595 1103 5647 at
1117 5590 1212 5648 torma
1226 5589 1316 5665 sigilli
1331 5591 1406 5650 ceris
1421 5591 1583 5666 impressis.
1602 5589 1668 5648 Haec
1688 5589 1766 5649 enim

89 5746 110 5851 l
