3816 6006
112 235 169 298 l3l
516 234 568 295 Ab
593 233 850 297 securamen
876 232 1131 296 lapsacidas.
1147 266 1186 276 —
1200 230 1369 295 APPEND.
1392 230 1417 292 Ι.
1762 232 1823 294 452

110 374 187 426 taut.
196 370 414 442 ceremoniam
428 368 606 424 beatissima
617 370 672 424 Ida
685 374 750 441 post
762 368 855 424 multa
867 374 938 424 tem·
951 370 978 436 Α
994 367 1117 424 t'ebriurn
1134 367 1223 423 nimis
1239 367 1357 435 al'llicto,
1369 368 1405 423 oh
1417 366 1644 423 familiaritatem
1656 373 1685 425 et
1700 367 1823 425 servitu·

111 476 182 532 pera
207 456 333 514 illaesum
357 456 508 514 inventum
524 462 578 525 est,
595 462 683 529 atquc
708 459 743 513 ab
768 459 939 514 omnimoda
992 463 1149 530 tcm,quas
1177 456 1221 512 illi
1246 456 1276 511 in
1295 456 1478 528 vitaetpest
1503 461 1628 514 mortem
1659 457 1822 530 sepissime

111 547 297 619 corruptione
312 545 461 603 alienum:
478 547 515 603 ad
530 547 616 618 cujus
632 546 799 621 sepulcrum
817 548 938 619 quidam
992 546 1186 619 impenderat,
1205 548 1328 616 gratiam
1351 544 1486 601 sanitatis
1501 545 1648 614 exhibuit;
1664 551 1822 619 praestante

110 637 250 693 obsessus
264 635 406 692 liberatus
419 639 464 691 est
478 653 495 690 a
510 636 665 703 damonia,
679 635 815 692 similiter
825 641 853 691 et
864 654 940 708 qua·
993 636 1117 691 Domine
1133 640 1232 690 nostro
1247 636 1316 690 lesu
1333 634 1458 701 Christe,
1474 635 1523 708 qui
1539 651 1606 691 cum
1622 636 1681 693 Deo
1696 635 1780 692 Patra
1792 640 1822 692 et

103 725 179 782 dam
195 724 457 782 obsessa.Cnidam
473 741 590 798 quoque
605 725 665 780 viro
677 725 796 782 nomine
812 725 938 798 Hugcni,
993 724 1105 797 Spiritu
1116 729 1217 779 sancte
1232 723 1301 778 vivit
1315 728 1344 779 et
1358 728 1472 796 regnat,
1484 723 1562 779 Deus
1576 723 1673 782 trinus
1688 730 1718 781 et
1731 741 1819 793 unus,

110 814 206 871 sidem
227 818 367 870 matrona
382 813 575 870 devotissima
596 815 743 882 servienti,
761 820 789 870 et
804 815 941 887 passione
994 831 1045 888 per
1059 812 1175 868 inlinita
1189 811 1295 868 saccula
1310 812 1495 869 saeculorum.
1510 814 1609 869 Amen.

608 1059 680 1142 ea
708 1060 756 1144 a.
786 1060 894 1144 ma
927 1056 1098 1146 aneas
1130 1056 1326 1146 cusiis

432 1214 766 1330 tantautis
802 1215 878 1326 llll
911 1213 1108 1329 VltllS
1142 1213 1498 1330 laciomaus

374 1520 490 1577 CAPUT
508 1520 664 1577 PRIMUM.
946 1525 969 1590 Β
985 1521 1030 1577 sui
1047 1521 1192 1593 oppidaet
1202 1519 1343 1576 ditionem
1359 1518 1475 1592 templis
1488 1525 1572 1577 ornat
1584 1526 1613 1577 et
1627 1520 1812 1581 emendabis.

107 1629 242 1700 Beneficio
265 1630 388 1685 ecclesia?
406 1629 550 1684 Lensirnsi
567 1635 593 1683 et
611 1629 725 1697 callepio
743 1631 936 1684 ceceriircrcm
989 1610 1123 1682 Assurgit
1139 1609 1231 1681 igliur
1245 1609 1377 1665 Matiana
1392 1608 1525 1673 basillffl·
1538 1615 1566 1665 θῑ
1580 1614 1819 1672 mmmm

456 1701 585 1772 prestita.

141 1825 167 1881 l.
180 1825 319 1882 Lennium
334 1824 394 1880 sive
417 1824 657 1898 Lcudium,qn0d
684 1826 799 1882 Lenmsc
814 1834 935 1882 cestrum

105 1915 178 1971 dixit
188 1913 338 1970 Baldricus
356 1913 384 1968 in
397 1912 538 1969 Chronico
549 1913 751 1970 cameracensi
771 1915 821 1970 lib.
834 1933 853 1970 ιι
869 1932 933 1987 cap.

103 2007 150 2070 22,
162 2007 206 2058 cst
221 2002 363 2076 oppidum
378 2001 527 2058 hodierna·
542 2003 670 2072 Ariusia,
687 2008 813 2075 quatuor
836 2005 933 2059 Duace

103 2096 132 2147 et
146 2091 277 2164 quinque
294 2091 427 2146 Atrebate
442 2090 557 2146 distans
572 2089 674 2158 leucis,
687 2109 753 2147 cum
771 2092 868 2164 amplo
879 2097 934 2147 tor·

105 2178 359 2251 riterio,antiquis
384 2179 537 2246 comitutu,
556 2179 606 2252 qai
633 2181 668 2235 ad
694 2181 931 2251 jurisdictionem

104 2268 244 2326 comitum
260 2268 478 2324 Boloniensinm
490 2267 560 2324 elim
579 2269 729 2342 pertinuit,
742 2275 770 2325 et
785 2271 821 2324 ab
832 2271 933 2325 Eusta-

104 2357 169 2414 chio
185 2358 195 2413 Ι
210 2357 317 2414 comite
337 2358 463 2414 donatus
488 2363 533 2414 eat
559 2359 723 2428 lamberto,
737 2358 795 2414 lilio
818 2376 871 2414 sue
886 2377 931 2415 sc-

104 2447 199 2503 cundc
215 2446 328 2520 genito;
344 2462 402 2518 quc
427 2446 539 2519 absque
560 2446 662 2503 liberis
685 2465 762 2504 anne
788 2450 858 2504 1055
880 2449 931 2504 de-

103 2535 381 2606 functo,cemitatus
391 2535 446 2592 istc
461 2536 577 2592 devenit
591 2525 619 2590 in
637 2540 811 2607 potestatem
827 2539 931 2592 Eusta-

102 2623 161 2680 chii
178 2624 298 2681 secuudi
316 2631 344 2680 et
359 2624 390 2681 B.
406 2623 461 2679 Ida
476 2626 541 2695 ejus
556 2625 757 2696 conjugis‚qui
774 2624 929 2698 collegium

103 2713 310 2769 canonicorum
340 2712 545 2769 Lendiensium
563 2715 680 2785 praediis
708 2730 741 2769 ac
771 2714 929 2787 privilegiis

103 2802 256 2870 detaruut;
272 2819 309 2858 au
325 2800 414 2858 otiam
438 2802 592 2870 erexerint,
605 2803 719 2858 videtur
742 2803 928 2859 controverti.

102 2890 230 2948 Jacobus
258 2891 401 2963 Meyerus,
423 2889 473 2946 lib.
490 2908 510 2945 11
535 2891 692 2946 Annalium
724 2892 874 2959 Flandriae,
891 2893 965 2960 adG

103 2996 215 3036 annum
231 2981 300 3035 1028
315 2979 372 3035 ista
387 2980 499 3035 scribit.
514 2979 644 3036 Ecclesia
661 2981 817 3038 Lensensis
834 2999 928 3038 sacer-

102 3067 302 3125 detcsbabere
318 3068 405 3142 cmpit
417 3069 573 3126 canonicos
585 3070 661 3125 unde
678 3069 753 3126 hanc
768 3071 808 3125 ibi
822 3088 930 3127 nieme-

990 1705 1022 1754 ut
1035 1699 1113 1753 venit
1127 1699 1156 1754 S.
1174 1697 1348 1765 Lictbcrtus,
1365 1698 1545 1754 Atrebatium
1565 1702 1594 1755 et
1611 1702 1821 1758 camaraceno-

990 1805 1055 1843 rum
1071 1787 1188 1861 prersul,
1200 1791 1380 1854 sacraturus,
1396 1787 1508 1860 placuit
1522 1788 1577 1843 ldae
1599 1792 1628 1844 et
1645 1787 1816 1858 Eustochio,

988 1877 1157 1947 comitibus,
1175 1878 1204 1934 S.
1215 1875 1405 1949 vulganium,
1418 1878 1503 1949 cujus
1515 1893 1635 1950 corporo
1649 1876 1813 1950 potiuntur,

988 1966 1112 2022 altorum
1133 1968 1259 2038 jungere
1286 1965 1388 2038 templi
1416 1966 1582 2038 presidem.
1597 1966 1761 2022 Accedebat
1785 1970 1815 2023 et

988 2054 1067 2110 aliud
1084 2055 1119 2110 ud
1146 2055 1174 2109 id
1199 2055 1397 2127 prestandum
1414 2071 1472 2110 nen
1486 2053 1548 2111 leve
1577 2054 1816 2127 incitamentum,

987 2145 1064 2216 qnod
1082 2161 1208 2216 magnus
1224 2144 1271 2199 ille
1284 2144 1433 2216 quondum
1444 2143 1637 2200 Carrterbcria
1646 2143 1814 2218 Anglicaua

987 2233 1187 2305 archipresul,
1204 2232 1350 2289 derelictis
1370 2233 1431 2288 suis
1452 2233 1667 2302 transmarinis,
1680 2232 1710 2288 in
1726 2231 1813 2290 Mori·

987 2339 1040 2377 nos
1051 2321 1181 2396 angelico
1194 2323 1306 2378 monitu
1319 2322 1547 2391 transfretasset,
1559 2326 1587 2378 et
1598 2321 1812 2380 ltcnonnesium

986 2416 1097 2484 septem
1114 2429 1258 2467 antrorum
1286 2410 1380 2483 spatio
1409 2412 1523 2485 egregie
1551 2410 1739 2479 caecidissem
1755 2428 1809 2468 uec

985 2518 1070 2573 porro
1086 2501 1273 2567 deseruisset,
1287 2499 1343 2556 nisi
1359 2501 1537 2570 xenodoxia,
1549 2517 1600 2574 per
1614 2500 1737 2557 nimiam
1753 2501 1809 2557 mi·

984 2589 1149 2646 raculcrum
1166 2589 1261 2645 lucrm
1274 2589 1463 2663 insurgentis,
1477 2594 1583 2658 metus,
1597 2589 1632 2645 ad
1648 2588 1735 2646 aliam
1750 2607 1810 2648 erc·

984 2696 1066 2733 mum
1082 2680 1281 2751 quaerendam,
1299 2678 1487 2752 propulisset.
1498 2678 1571 2734 Hinc
1587 2695 1643 2735 non
1660 2677 1769 2736 mirum
1783 2679 1809 2737 si

984 2767 1020 2822 ab
1034 2769 1224 2824 Atrebatibus
1249 2785 1365 2823 sacrum
1381 2769 1445 2840 ejus
1461 2785 1568 2840 cerpus
1592 2769 1628 2825 ad
1654 2767 1810 2825 bensiense

984 2857 1136 2929 oppidum,
1153 2861 1294 2929 tanquam
1311 2856 1447 2913 Bononici
1469 2855 1610 2931 principis
1625 2855 1808 2926 comitatum,

983 2946 1143 3002 transierit.
1159 2946 1219 3001 lmo
1244 2944 1344 3001 divina
1361 2944 1542 3017 providentia
1570 2947 1680 3002 lactum
1711 2945 1810 3004 lorsaa

983 3041 1016 3091 ut
1026 3035 1122 3091 Lensii
1137 3035 1307 3090 dominatus
1322 3034 1471 3090 transierit
1485 3034 1727 3092 Bononiensibus.
1743 3035 1809 3093 llaec

983 3124 1064 3179 uberi
1081 3123 1192 3180 calamo
1211 3123 1398 3179 ltlalhrancus
1409 3124 1445 3179 de
1460 3122 1583 3180 basilica
1597 3127 1693 3181 erecta
1707 3124 1744 3180 ad
1759 3123 1811 3181 hc·

102 3174 178 3215 ΜΠ]
195 3157 273 3231 16308
289 3173 296 3214 ²
983 3231 1084 3269 norem
1093 3212 1221 3285 Deipara
1229 3211 1572 3286 virginisetS.Vulganii
1580 3212 1811 3286 archipraesulis,

982 3320 1070 3374 quem
1087 3302 1134 3357 alii
1153 3302 1250 3374 potius
1272 3302 1468 3358 confesserem
1493 3301 1651 3376 appellant.
1664 3302 1694 3359 Si
1709 3307 1808 3360 tamen

982 3391 1137 3465 episcopus
1149 3390 1262 3461 luisset,
1270 3407 1303 3445 ex
1313 3390 1350 3447 iis
1360 3390 1525 3448 censendus
1535 3395 1622 3459 essct,
1634 3390 1695 3464 qui,
1703 3390 1811 3466 Anglc·

136 3477 284 3550 Meyerum
300 3477 434 3550 sequitur
447 3478 589 3552 Georgius
605 3478 801 3546 Colvenerius,
819 3479 849 3533 in
866 3479 928 3535 suis
982 3481 1147 3536 Senonibus
1162 3479 1258 3535 adhue
1273 3478 1436 3536 idololatris
1451 3479 1632 3536 Britanniam
1647 3479 1809 3537 obtinenti·

101 3566 139 3623 ad
163 3564 288 3622 Baldrici
308 3565 472 3623 Chronicen
494 3567 582 3633 netis,
599 3571 627 3622 ct
642 3567 747 3623 addit«
765 3568 928 3624 etiamnum
982 3570 1090 3638 bns‚in
1110 3568 1277 3625 Cambriam
1307 3568 1367 3626 sive
1394 3568 1531 3626 Walliam
1561 3569 1811 3643 conlegerunt,ct

100 3670 165 3712 esse
179 3653 333 3711 ecclesiam
346 3654 529 3728 collegiatam
542 3655 630 3711 simul
640 3660 668 3711 et
679 3655 886 3728 parochialem,
899 3657 928 3711 in
981 3657 1048 3713 indo
1061 3657 1090 3712 in
1102 3656 1190 3713 hasce
1206 3663 1304 3730 partes
1320 3657 1507 3726 transierant,
1519 3658 1562 3714 nti
1577 3657 1666 3714 latius
1681 3657 1809 3715 dixiums

100 3746 159 3815 q‘ua
169 3744 296 3800 decanus
308 3749 336 3800 et
346 3743 500 3799 duodecim
512 3744 734 3800 suntcanenici.
748 3768 761 3794 n
777 3743 928 3801 Baldricus
982 3748 998 3801 l
1014 3745 1163 3803 Februarii
1179 3746 1215 3801 ad
1226 3745 1321 3801 Vitam
1339 3747 1368 3802 S.
1381 3745 1560 3819 lietphardi,
1576 3745 1664 3803 etiam
1679 3745 1809 3820 episcopi

100 3831 195 3889 solum
211 3831 313 3888 scribit
328 3854 342 3883 a
361 3832 462 3889 haberi
479 3834 691 3889 monasterium
707 3833 926 3904 canonicorum,
981 3835 1199 3891 Canluaricnsis
1213 3835 1291 3907 apud
1308 3835 1402 3892 dictos
1416 3834 1557 3892 Cambros
1572 3839 1602 3892 et
1616 3835 1683 3892 inde
1698 3835 1728 3891 iu
1743 3834 1809 3892 Bel·

99 3919 150 3977 ubi
162 3924 283 3979 sanctus
298 3921 423 3994 quiescit
431 3921 605 3995 Vulganius,
621 3945 634 3971 n
647 3922 683 3978 de
699 3938 756 3994 quc
780 3924 925 3996 agendum
980 3925 1061 3998 giam
1078 3923 1208 3997 proiecti,
1221 3929 1248 3978 et
1265 3923 1404 3997 martyrio
1420 3924 1561 3980 coronati.
1572 3924 1628 3982 Sed
1639 3923 1676 3981 ad
1690 3922 1811 3982 instita·

99 4009 154 4066 erit
163 4009 199 4065 ad
210 4009 287 4066 diem
295 4011 458 4066 secundum
467 4010 817 4084 Novembris.Scripsisse
828 4016 926 4068 autem
979 4015 1089 4070 tionem
1105 4012 1313 4071 canonicorum
1336 4017 1525 4083 revertamur,
1537 4029 1627 4086 quam
1651 4012 1692 4071 ita
1705 4029 1807 4088 prose·

99 4097 266 4155 Baldricum
279 4097 388 4156 librum
400 4117 408 4154 ι
421 4102 450 4154 et
461 4117 481 4154 ιι
492 4098 627 4156 Chronici
638 4099 685 4156 sui
696 4101 751 4156 sub
762 4101 851 4157 finem
862 4100 925 4156 vita
979 4103 1081 4176 quitur
1096 4101 1293 4158 Malbraucus.

97 4187 216 4245 Gerardi
227 4205 235 4245 ι
248 4186 375 4261 episcopi
386 4187 617 4255 Cameracensis,
626 4189 704 4244 circa
717 4206 828 4245 annum
844 4189 924 4259 leae,
1026 4193 1052 4247 3.
1066 4215 1080 4242 «
1091 4189 1364 4247 Eximiusllcclesia
1375 4189 1514 4264 splendor
1524 4191 1606 4248 ldam
1616 4191 1653 4249 ad
1664 4189 1808 4251 ulteriora

98 4275 201 4333 multis
216 4276 320 4349 prebat
330 4276 527 4334 colvenerius.
539 4277 602 4333 Non
615 4276 726 4334 rellexit
738 4278 870 4334 animum
886 4264 961 4335 adli
978 4280 1098 4338 meliora
1127 4277 1267 4345 invitavit,
1295 4283 1384 4351 atque
1399 4280 1436 4336 ad
1460 4278 1542 4336 illam
1564 4278 1674 4354 insigni
1689 4281 1808 4340 amoni·

97 4365 156 4422 ista
169 4365 367 4432 Malbraneus,
380 4366 450 4421 dum
466 4365 517 4422 lib.
529 4381 581 4422 vrn
597 4366 636 4422 Dc
652 4366 784 4435 ltlerinis,
797 4384 860 4440 cap.
877 4368 921 4426 49.
978 4387 1077 4427 cerum
1094 4367 1215 4441 collegio
1237 4369 1501 4426 condecorandam.
1521 4367 1667 4450 Confectis
1693 4369 1805 4430 tabulis

97 4453 356 4528 scribittemplum
372 4454 501 4528 Deiparo
516 4455 622 4529 virgini
636 4460 665 4511 ot
681 4456 769 4513 simul
780 4456 923 4529 Vulganic
977 4457 1086 4532 pradia
1101 4464 1128 4514 et
1142 4456 1303 4531 locupletes
1315 4474 1422 4514 census
1437 4443 1582 4526 attribuit,
1594 4457 1746 4534 complura
1760 4476 1808 4518 sa·

96 4544 156 4601 aa.
167 4542 217 4600 Ida
226 4548 407 4601 exstructum
415 4547 443 4600 et
451 4543 607 4618 collegium
615 4544 822 4601 canonicorum
833 4546 924 4601 luisse
977 4546 1105 4604 cerdotia
1113 4545 1304 4618 instituendo,
1316 4546 1424 4619 quibus
1435 4552 1573 4621 praesset
1585 4549 1724 4618 decanus,
1734 4564 1753 4606 a
1762 4565 1807 4607 ca-

97 4631 277 4689 institutum.
289 4631 385 4689 Placet
400 4633 464 4704 ejus
479 4633 567 4690 verba
582 4633 737 4690 ascribere.
977 4635 1091 4693 nonicis
1109 4634 1183 4709 ipsis
1197 4635 1233 4690 cb
1248 4634 1312 4691 vita
1336 4634 1512 4708 probitatem
1528 4641 1556 4695 et
1571 4637 1752 4698 necessarias
1767 4639 1805 4696 ad

131 4725 158 4779 2.
171 4722 232 4791 Ida,
243 4721 395 4779 Eustachii
407 4722 524 4779 comitis
536 4740 618 4791 uxor,
631 4721 837 4779 animadvertit
852 4723 923 4779 Len·
977 4725 1006 4781 id
1022 4723 1153 4781 muueris
1176 4723 1259 4779 dotes
1279 4722 1463 4798 deligendus.
1484 4726 1589 4784 Leusio
1603 4725 1722 4784 inerant
1745 4726 1806 4786 duo

96 4808 173 4866 sium
189 4810 330 4884 oppidum
350 4811 431 4866 tenui
453 4812 612 4869 admodum
628 4813 688 4868 aedo
712 4811 803 4868 excoli
820 4830 827 4867 ι
844 4813 921 4869 unde
975 4814 1089 4871 minora
1101 4811 1329 4884 sacraria‚divcs
1341 4813 1533 4872 Laurentium
1547 4818 1577 4873 et
1590 4815 1806 4890 Leodagarium

96 4898 174 4971 apud
190 4899 381 4956 Eustachium
406 4900 546 4956 maritum
568 4904 673 4972 questa
696 4901 833 4969 suaviter,
850 4901 922 4957 dixit
975 4908 1118 4976 martyres
1132 4902 1162 4957 in
1178 4900 1332 4975 presidem
1348 4900 1557 4975 suspicientia:
1571 4919 1674 4962 eorum
1688 4902 1805 4978 episcc-

95 4984 153 5041 sihi
169 4986 198 5041 iu
223 4988 321 5043 anime
336 5005 401 5045 esse
416 4988 607 5062 magnificum
636 4988 696 5045 illic
724 4989 867 5063 templum
884 4991 919 5046 ad
974 4992 1055 5066 palos
1071 4990 1202 5047 redditus
1217 4991 1246 5046 in
1263 4989 1471 5047 canonicorum
1492 5008 1565 5049 usus
1584 5009 1618 5050 ac
1637 4991 1807 5068 dispositio,

95 5072 225 5148 Deipare
250 5075 392 5134 honorem
408 5075 562 5134 adificare.
579 5077 642 5134 Neu
667 5077 794 5135 illubens
816 5078 921 5135 annuit
975 5098 1041 5139 nem
1066 5079 1208 5137 convertit
1227 5078 1390 5135 Lietbertus
1409 5078 1731 5154 episcopuatlatsrum
1750 5098 1805 5156 qui

94 5161 282 5232 Eustachius,
295 5163 354 5223 ime
368 5165 571 5240 gratissimum
586 5184 650 5224 esse
665 5167 721 5225 sibi
735 5171 860 5225 testatus
875 5173 920 5225 est
973 5172 1002 5228 in
1020 5168 1170 5226 Lensieusi
1186 5167 1309 5225 ecclesia
1323 5166 1393 5223 clim
1416 5167 1590 5242 legebantur
1602 5185 1717 5240 versus,
1727 5173 1805 5229 tem·

95 5252 195 5309 uxoris
210 5256 351 5310 extranea
370 5255 512 5324 animum,
526 5272 584 5329 quc
608 5255 639 5311 in
663 5256 761 5312 mariti
786 5258 919 5330 proprias
974 5260 1053 5335 poris
1068 5259 1174 5315 borum
1198 5255 1398 5314 institutorem
1414 5255 1537 5325 indices,
1550 5257 1632 5318 hisce
1653 5259 1806 5335 interpun-

94 5339 221 5399 ditioucs
236 5343 277 5399 itu
301 5341 357 5416 piis
380 5344 580 5400 monumentis
595 5345 782 5418 adaugendas
798 5346 918 5403 teratur.
973 5347 1106 5405 tionibus
1121 5349 1191 5404 sunt
1205 5344 1353 5402 afficiendi
1370 5361 1377 5402 :

94 5429 176 5496 Quod
192 5431 286 5505 magis
302 5429 500 5488 Christianum
526 5431 619 5506 pessit
637 5435 791 5509 excogitari
809 5452 918 5492 cennu·
1026 5436 1102 5490 Anrrc
1116 5432 1243 5500 millene,
1259 5440 1301 5490 tar
1313 5432 1382 5490 deno
1398 5433 1450 5504 bia,
1465 5436 1559 5493 minsa
1571 5451 1637 5507 ano,

95 5517 285 5602 biam,quam
295 5521 346 5582 ubi
356 5521 473 5601 conjux,
486 5521 582 5601 patria
591 5539 646 5582 sua
661 5523 771 5599 relicta,
783 5525 918 5602 conjugis
1025 5524 1103 5582 llaec
1117 5524 1222 5584 intrare
1235 5523 1348 5584 cacam
1361 5525 1441 5602 capit
1455 5539 1525 5600 eree
1537 5524 1742 5590 canomann-

155 3275 232 3330 Anno
247 3274 369 3343 mittere,
381 3281 421 3330 ter
435 3272 512 3341 dcco,
527 3273 567 3329 tis
581 3276 674 3330 minua
689 3291 754 3340 ano,

155 3366 238 3419 Hanc
251 3364 356 3419 intrare
369 3364 482 3418 choram
495 3364 574 3436 coepit
588 3379 656 3434 prex
668 3365 873 3419 canonicorum.
