3816 6006
95 200 152 282 aar
209 232 218 241 ·
554 198 683 281 rmus
705 205 849 279 scano.
867 251 905 260 -
920 198 994 278 nlo.
1017 217 1043 278 v
1063 157 1345 280 noannoeane.
1632 202 1637 209 ’
1739 206 1800 282 aaa
1862 179 1864 182 ⁴

95 348 233 421 teneant3
250 354 316 428 post
331 351 484 409 debessum
498 350 692 418 vero'edrbiir,
703 352 817 407 atteri-a
831 364 920 423 quam
936 338 961 417 A
978 348 1098 423 propria
1110 365 1178 406 cum
1198 348 1282 424 signo
1307 348 1401 406 crucis
1416 362 1480 406 earn
1503 346 1798 422 subterfirmavimus,

64 437 69 446 ’
96 438 925 514 damus,etnlodusjamnominatus,quietaetsolidaad
982 438 1118 495 fidelibus
1134 455 1251 513 quoque
1272 437 1381 495 nostris
1408 438 1602 496 roborandam
1627 441 1799 500 obtulimus.

96 548 170 588 usus
182 527 734 604 fratrumperveniantPlacuititerum
745 528 926 584 uthrecnos·
981 527 1022 603 [S.
1040 528 1149 585 Odonis
1164 527 1290 585 comitis.
1309 527 1467 600 Lerlgardis
1491 529 1656 585 comitissae.
1674 531 1799 588 Retroci.

97 627 141 677 tra
155 619 313 678 conventio
328 619 359 676 in
373 619 491 676 duabus
503 618 592 676 cartis
606 617 792 687 scriberetur,
800 632 926 692 quarum
981 616 1126 673 Gelduini.
1137 616 1278 675 lietberti.
1287 617 1429 691 Hugonis.
1441 616 1576 674 bandrici
1582 617 1666 692 largi.
1678 619 1800 691 alberti,

98 700 589 784 unampraaictusmilesuaberer,
600 706 927 764 alteraveronohiscum
981 705 1102 763 Gitonis.
1119 706 1287 781 Nivelonis.]
1306 728 1320 758 u

97 802 277 856 remaneret.
303 800 338 854 lit
361 803 394 855 ut
416 798 479 854 hae
504 797 614 854 noticia
638 798 808 870 permaneat
832 796 926 863 firma,
1017 795 1804 871 Scriptis(ild)autcm,quaerepperi,curtis·subteni‘-

97 893 198 946 nostra
222 887 347 946 nomina
369 886 586 961 assignavimus
613 888 642 942 et
667 885 784 942 comitis
807 883 926 953 Odouis,
983 902 1052 958 pore
1074 884 1242 959 Magenardi
1265 885 1379 943 abbatis
1401 884 1496 955 editis,
1521 886 1585 959 ejus
1609 888 1805 958 introitum‚a

96 980 262 1052 eorumque
276 976 327 1050 qni
343 975 412 1032 huio
440 974 560 1050 negotiu
585 973 711 1031 mamma
733 974 930 1031 interfuerunt
983 975 1091 1031 domno
1107 975 1253 1045 Fulberto,
1274 979 1375 1048 postea
1399 975 1532 1049 praesule,
1555 976 1709 1052 scriptum,
1737 978 1805 1037 buia

96 1067 221 1125 nomina'
228 1065 466 1124 subnotavimus.
478 1065 509 1122 S.
522 1062 651 1121 Fulberti
663 1063 842 1137 episcopis.
854 1063 929 1120 Odo-
984 1064 1063 1137 operi
1076 1064 1202 1120 inserere
1218 1064 1326 1130 curavi,
1339 1068 1372 1120 ut
1382 1064 1520 1120 omnibus
1533 1069 1630 1139 pateat
1640 1083 1698 1124 non
1709 1067 1805 1126 solum

98 1155 141 1214 nis
156 1156 292 1214 comitis.
310 1152 339 1213 S.
356 1152 524 1229 Magcnsrdi
545 1152 670 1210 abbatis.
688 1153 718 1210 S.
736 1152 865 1209 durandi
881 1153 929 1208 dc·-
984 1152 1143 1226 simplices,
1161 1157 1204 1210 set
1221 1152 1307 1210 etiam
1323 1152 1517 1226 peritissimos
1527 1153 1614 1222 viros,
1628 1172 1752 1231 persepe
1759 1174 1806 1216 aa*

97 1246 173 1303 caui.
190 1242 222 1304 S.
247 1243 373 1321 Amulii.
389 1244 420 1312 S,
444 1242 598 1301 biarenini.
612 1243 640 1300 S.
670 1241 807 1299 ltieherii.
833 1241 861 1298 S.
880 1242 929 1299 ltc-
985 1243 1126 1299 (lucorum
1143 1243 1286 1299 bonorum
1301 1242 1461 1299 ambitione
1475 1243 1579 1317 decipi.

97 1334 219 1411 ringerii
256 1336 286 1392 S.
321 1331 474 1391 waldrici.
512 1331 635 1390 betaldi.
673 1332 703 1388 S.
738 1330 929 1405 Gristophori·
1019 1332 1130 1389 Abbate
1145 1333 1218 1405 (147)
1233 1332 1331 1389 Sancti
1348 1332 1424 1388 Petri
1439 1333 1565 1406 graviter
1588 1339 1747 1408 egrotante,
1763 1332 1808 1394 se't

97 1427 124 1483 S.
140 1424 317 1482 Gauzberti.
331 1423 360 1479 S.
377 1420 556 1480 Guinelre'di.
574 1420 603 1478 S.
621 1420 930 1478 alberstatensem.
986 1420 1081 1478 adhue
1101 1423 1209 1478 mentis
1234 1426 1262 1477 et
1276 1421 1420 1478 sermonis
1444 1427 1586 1496 compote,
1612 1421 1808 1499 Magenard'ut

98 1516 125 1573 S.
140 1512 298 1581 liodberti,
312 1516 343 1570 ct
355 1516 529 1569 ceterorum.
548 1534 561 1563 r
986 1511 1158 1578 monachus,
1171 1515 1237 1568 ante
1247 1510 1337 1567 michi
1349 1528 1406 1568 non
1417 1510 1708 1588 mediocritercarus,
1720 1520 1807 1572 noctu

132 1605 205 1662 Post
219 1606 348 1660 mortem
360 1602 480 1674 quidem
492 1600 660 1658 Gradulfiet
672 1599 842 1673 uxorlsejus
853 1599 930 1668 Ode,
986 1617 1049 1657 sese
1065 1600 1100 1656 de
1115 1600 1242 1657 elaustro
1259 1600 1416 1674 subripuit,
1433 1602 1511 1658 etad
1528 1602 1711 1660 ledbaldum
1721 1604 1809 1661 comi·

101 1694 133 1750 de
146 1680 333 1768 supradictis
347 1691 433 1748 terris
447 1689 540 1747 multa
555 1690 634 1746 mala
648 1689 778 1763 perpessi
791 1693 861 1746 sunt
873 1705 933 1745 mu-
986 1695 1057 1758 tem,
1074 1690 1123 1762 qui
1140 1689 1231 1746 blesis
1248 1694 1318 1746 tunc
1343 1690 1523 1759 morabatur,
1550 1692 1654 1749 abatiu
1678 1693 1808 1768 petenda

102 1783 187 1840 naabi
204 1779 411 1856 aparentibus
435 1779 653 1854 predictorum,
680 1779 846 1836 dicen-tibus
866 1777 933 1850 jure
986 1779 1090 1854 gratia,
1105 1777 1278 1852 properavit.
1295 1781 1397 1837 Comes
1411 1779 1496 1837 illum
1516 1782 1669 1854 postridie
1694 1783 1809 1842 remisit

100 1872 156 1930 sibi
177 1876 347 1946 competere
371 1871 449 1944 qnod
476 1872 610 1944 parentes
633 1885 734 1926 eorum
751 1872 818 1924 ante
833 1883 864 1923 se
878 1866 932 1924 visi
988 1869 1023 1924 ad
1039 1884 1093 1925 nos
1108 1884 1175 1924 cum
1190 1868 1304 1941 legatis,
1320 1868 1371 1942 qui
1386 1869 1594 1926 denonciarent
1608 1871 1809 1944 recipiendum

101 1968 172 2018 sunt
185 1966 299 2018 tenere.
316 1959 399 2017 Unde
423 1958 570 2026 monaehi,
595 1957 741 2014 infinitam
761 1955 933 2030 peccuniam
987 1957 1152 2032 magnifiee,
1167 1958 1243 2014 sicut
1257 1958 1383 2026 abatem,
1400 1957 1549 2016 canonicis
1565 1961 1764 2019 etmonachis.
1777 1960 1811 2018 n

102 2054 218 2119 dantes,
243 2049 375 2119 tandem,
401 2048 460 2106 ileo
484 2047 655 2122 opitulante,
683 2048 712 2103 in
739 2046 802 2104 suis
830 2046 935 2104 usibus
988 2047 1073 2104 nobis
1089 2047 1147 2103 iere
1161 2047 1299 2104 omnibus
1313 2064 1347 2105 ea
1363 2064 1409 2104 res
1425 2065 1513 2122 aqua
1532 2063 1605 2106 nova
1619 2053 1649 2107 et
1663 2049 1812 2109 horribilia

102 2142 297 2199 retorserunt.
989 2137 1053 2193 init.
1071 2137 1287 2210 Respondimus
1303 2137 1403 2210 itaque
1420 2136 1505 2212 longe
1520 2139 1604 2196 aliter
1615 2140 1811 2211 nobisvideri;

371 2224 581 2285 CAPITULUM
602 2225 677 2283 Vlll.
990 2243 1042 2283 nec
1057 2227 1136 2283 enim
1151 2225 1280 2301 legitime
1296 2226 1357 2283 fieri
1375 2228 1501 2296 abatem,
1518 2247 1571 2285 nec
1586 2230 1691 2286 debere
1711 2218 1810 2304 recipi,

393 2319 431 2374 lle
446 2319 546 2390 Aeneis
562 2316 650 2373 Vilia.
990 2317 1039 2389 qui
1055 2315 1182 2372 abatiam
1197 2315 1327 2383 alterius,
1343 2317 1407 2389 ipsu
1422 2317 1545 2387 vivente,
1561 2335 1613 2391 per
1623 2318 1812 2376 ambitionem

406 2409 490 2476 (ante
505 2423 532 2463 a.
549 2405 642 2475 leet.)
909 2464 911 2469 s
990 2406 1076 2478 petit;
1093 2405 1143 2479 qui
1160 2423 1177 2460 a
1192 2405 1331 2462 fratribus
1345 2422 1404 2462 non
1420 2406 1538 2480 cligitur
1552 2413 1581 2469 et
1596 2407 1760 2482 superillos
1771 2409 1815 2465 ni⁴

137 2500 181 2556 lte
195 2496 306 2572 agneis
331 2494 408 2552 Villa
431 2495 555 2564 litteras,
572 2498 669 2568 preter
692 2494 888 2568 subscriptas,
904 2490 935 2549 in
990 2495 1063 2551 titur
1078 2494 1239 2564 dominari;
1256 2499 1403 2568 postremo
1419 2496 1469 2570 qui
1485 2499 1584 2553 noster
1597 2514 1692 2570 neque
1709 2514 1814 2556 mona-

107 2588 228 2645 seriuiis
243 2585 355 2643 nostris
369 2584 499 2642 iuvenire
522 2602 579 2641 non
604 2584 701 2657 potui:
719 2585 806 2653 unde,
824 2587 936 2640 utcon·
991 2583 1125 2642 ebussit.
1149 2599 1243 2658 neque
1268 2584 1401 2655 clericus,
1428 2588 1457 2642 et
1472 2584 1570 2659 plures
1595 2587 1701 2645 babeat
1726 2591 1816 2647 testas

102 2677 185 2751 jicio,
203 2676 267 2734 aliae
282 2676 406 2732 minime
421 2674 503 2731 racis
518 2674 651 2742 luerunt;
669 2676 722 2740 set,
739 2688 791 2745 per
810 2672 874 2744 has,
894 2670 936 2728 illi
992 2673 1140 2731 curialiter
1154 2674 1282 2747 agitandi
1303 2692 1391 2748 quarn
1417 2676 1576 2733 monastice
1599 2675 1723 2735 vivendi.
1749 2674 1814 2736 liae

107 2768 219 2842 quibus
247 2765 326 2823 terra
354 2763 536 2821 excambiata
565 2761 620 2818 init
649 2779 666 2819 a
693 2761 799 2819 comite
828 2762 936 2831 Odore,
991 2763 1104 2821 illenon
1116 2768 1264 2837 gratanter
1275 2765 1431 2837 accipiens.
1442 2765 1477 2821 ad
1489 2767 1627 2823 comitam
1638 2764 1814 2840 redequitat,

107 2859 221 2915 donum
248 2854 356 2912 Sancto
379 2853 464 2911 Petro
480 2854 508 2910 et
531 2851 685 2909 monacbis
708 2852 849 2919 lecerunt,
866 2857 894 2909 et
908 2851 938 2908 in
991 2853 1124 2927 iramque
1136 2852 1254 2925 juvenis
1269 2854 1409 2910 adversus
1424 2871 1478 2911 nos
1490 2855 1678 2913 vehementer
1698 2855 1816 2915 innan:

108 2945 280 3004 testimonio
300 2947 383 3001 terra
411 2944 484 2999 data
508 2942 647 3015 usquein
663 2942 836 3025 praesentem
860 2941 937 2998 diem
992 2946 1131 3011 mat;sct,
1139 2943 1185 2998 die
1194 2943 1296 3016 quinto
1304 2947 1461 3016 postquam
1470 2961 1556 3000 sunm
1567 2945 1711 3002 ambitum
1723 2946 1817 3020 publi·

109 3038 179 3094 sont
194 3034 326 3092 servata.
342 3032 456 3089 Litterae
467 3035 566 3088 autern
581 3030 671 3104 hujus
687 3030 766 3087 modi
782 3034 865 3087 sunt:
960 3092 964 3099 ,
993 3032 1077 3089 cavit.
1094 3032 1456 3105 pradictusabbassuam
1473 3033 1666 3106 egritudinem
1681 3034 1818 3092 mortali·-

144 3148 160 3179 a
175 3130 211 3182 In
226 3123 348 3181 nornine
362 3121 470 3179 sancia
484 3127 512 3178 ct
522 3118 680 3177 individue
691 3118 852 3177 Trinitatis.
865 3120 938 3192 Odo,
955 3104 976 3172 G
995 3122 1090 3178 mitat.
1108 3120 1290 3178 Conveniunt
1304 3121 1341 3177 ad
1356 3121 1518 3194 capitulum
1534 3125 1626 3179 nostri
1641 3123 1777 3181 monaehi
1788 3128 1817 3182 et
1834 3127 1840 3133 ”

109 3213 334 3274 (tarnatensium
349 3215 458 3268 cemes.
470 3208 578 3267 Notum
592 3213 719 3282 namque
729 3208 865 3266 volumus
875 3225 939 3266 esse
994 3211 1115 3285 quidam
1127 3210 1270 3280 canonici,
1285 3227 1359 3283 quos
1370 3209 1442 3266 ratio
1453 3211 1620 3284 postulabat
1629 3207 1756 3270 admitti.
1768 3212 1817 3271 ln·-

109 3304 250 3362 omnibns
265 3305 373 3358 sanotae
388 3299 440 3357 Dei
458 3299 587 3357 ecclesia
601 3287 749 3355 fidelibus.
773 3299 940 3372 nostrisque
993 3300 1205 3374 terrogavimus
1221 3316 1257 3356 an
1273 3296 1364 3373 aliqui
1380 3299 1502 3356 fratrum
1516 3298 1630 3375 incepto
1648 3300 1817 3378 Magenardi

109 3390 343 3459 successoribus,
374 3390 568 3464 praesentibus
597 3393 687 3465 atqua
724 3387 841 3457 tuturis,
871 3389 941 3462 quia
994 3387 1819 3463 lavabantNegantsinguli,negantomnes.Decrevimus

109 3483 234 3558 qnidam
252 3478 387 3547 ciericos,-
411 3477 553 3536 vocabulc
581 3477 752 3547 Ledbertus,
769 3484 836 3535 cum
852 3474 941 3534 tratre
995 3478 1139 3552 quosdam
1154 3494 1255 3535 eorum
1271 3495 1335 3535 esse
1350 3478 1510 3537 mittendos
1524 3481 1561 3536 ad
1574 3478 1720 3551 comitem,
1732 3480 1818 3539 nabis

109 3582 163 3632 siro
174 3570 341 3640 llen'berto,
354 3570 486 3626 nostram
497 3567 760 3642 antepreseutiam
771 3564 939 3640 postulavit,
995 3566 1128 3625 videlicet
1143 3568 1329 3641 designatum
1345 3569 1527 3643 episcopum,
1545 3572 1577 3625 ut
1591 3570 1682 3643 patris
1693 3568 1819 3629 Glsbarti

110 3668 142 3720 at
155 3659 219 3718 iliis
235 3660 395 3734 quemdam
411 3654 539 3726 alodum,
551 3672 669 3731 prosua
681 3656 842 3713 hereditate
852 3668 941 3729 quam
996 3657 1107 3715 obitum
1123 3657 1304 3725 nonciarent,
1320 3660 1350 3714 ct
1365 3656 1486 3714 alterius
1505 3657 1631 3732 eligendi
1657 3658 1819 3734 regularem

110 3750 267 3809 habebant
281 3749 312 3805 iu
326 3764 401 3822 pago
417 3746 569 3815 Senoniae,
578 3746 838 3815 concambiassem,
849 3745 940 3801 firmi*
996 3751 1184 3821 precarentur
1194 3745 1352 3803 licentiam.
1365 3747 1477 3812 Quibus
1488 3746 1598 3816 missis,
1611 3761 1677 3805 ecee
1690 3746 1739 3806 alii
1750 3748 1819 3820 duo,

111 3835 501 3913 iatemqtreiitteraruiusibi
511 3835 692 3893 corroborari
703 3832 941 3903 iecissem.Quod
996 3832 1136 3890 vivianus
1160 3833 1315 3892 scilicetet
1337 3836 1506 3904 Durandus,
1531 3833 1604 3894 alter
1629 3836 1819 3896 inlitteratus.

112 3928 236 4004 qnidam
253 3931 284 3985 et
297 3927 361 3985 ieci.
380 3927 431 3983 Est
442 3929 538 3982 autern
555 3921 694 3997 prefatus
709 3922 851 3980 alodusln
867 3935 942 3997 pago
997 3922 1576 3998 alterlitterarummalesanusiuterpree,
1589 3924 1821 4002 ambopraepesi=

111 4018 259 4089 itunensi,
275 4015 305 4073 in
321 4016 384 4073 loeo
400 4015 450 4088 qui
464 4018 584 4071 vocatur
598 4012 708 4087 ligneis
718 4009 803 4080 Villa,
814 4015 842 4068 et
856 4013 943 4086 perti·
996 4013 1029 4080 ti,
1045 4011 1229 4079 simulantes,
1246 4029 1335 4068 causa
1350 4017 1516 4071 eommunis
1531 4015 1687 4085 commodi,
1705 4014 1741 4072 ad
1752 4016 1820 4074 ube·

112 4113 185 4166 nent
194 4107 339 4180 adipsum
351 4106 414 4161 dua
422 4102 511 4160 olchae
520 4119 588 4160 cum
598 4107 701 4177 puteo,
713 4100 828 4174 alioque
839 4101 868 4157 in
881 4102 942 4158 loco
997 4101 1122 4159 dientias
1137 4118 1206 4157 suas
1223 4118 1254 4158 se
1272 4101 1345 4158 velle
1361 4103 1448 4171 exire,
1464 4120 1497 4159 ae
1513 4112 1548 4161 ue
1561 4104 1701 4162 aliorsum
1718 4120 1821 4179 perge-

112 4196 212 4270 eampi
236 4196 307 4263 duo,
323 4195 359 4250 de
383 4198 461 4251 terra
476 4192 579 4250 arabiti
605 4190 757 4266 agripenni
782 4191 854 4259 duo;
868 4196 898 4247 et
911 4190 942 4247 in
997 4196 1062 4248 rent
1076 4191 1132 4248 sibi
1148 4191 1342 4249 interdicente
1357 4192 1465 4250 decano
1481 4194 1663 4265 monasterii,
1674 4194 1822 4268 Magenar

111 4287 204 4343 tercio
219 4285 296 4352 loeo,
308 4284 345 4341 ad
357 4288 477 4356 puteum
489 4281 620 4338 Sichardi
632 4280 826 4355 agripennum
838 4298 941 4349 unum;
998 4283 1068 4337 dum
1078 4285 1175 4337 tamen
1184 4280 1275 4337 secuti
1286 4286 1373 4349 sunt;
1385 4283 1432 4337 cui
1444 4287 1558 4356 ceptam
1570 4283 1822 4357 presumptionem

111 4376 140 4432 in
151 4379 264 4449 quarto
285 4374 361 4445 loco,
377 4373 428 4446 qui
443 4375 562 4429 vocatur
586 4369 722 4439 budelea,
749 4366 944 4445 agripennum
998 4370 1110 4427 occulte
1123 4374 1339 4443 persuaserant,
1355 4375 1385 4426 et
1399 4371 1501 4438 Blesis,
1519 4371 1548 4427 in
1559 4372 1705 4445 presentia
1721 4372 1823 4430 domni

112 4481 223 4522 unum.
250 4461 437 4520 Terminatur
458 4461 595 4535 prelatus
610 4459 713 4516 alodus
729 4466 764 4514 ex
777 4464 838 4515 bna
852 4464 943 4533 parte,
962 4459 1151 4548 DTedbaldi,
1177 4458 1276 4532 ipsum
1297 4450 1509 4532 Mageuardum
1526 4461 1696 4517 ai'ratribus
1721 4462 1779 4534 peti
1794 4465 1824 4520 et

113 4555 205 4612 alodo
225 4552 409 4628 Ragenardi;
425 4568 459 4608 ex
484 4550 584 4617 altera,
609 4549 734 4623 Ugonis;
751 4549 881 4616 atereia,
900 4549 948 4605 via
1000 4548 1068 4622 eligi
1085 4549 1194 4622 perfide
1210 4548 1326 4604 mentiti
1341 4552 1419 4604 sunt.
1437 4549 1547 4604 Horum
1563 4549 1702 4622 suiiragio
1727 4549 1821 4622 latus,

112 4642 251 4718 publica3
266 4659 284 4700 a
298 4645 413 4716 quarta,
427 4645 504 4696 terra
514 4638 613 4696 Sancti
626 4637 796 4694 Florentini.
807 4637 947 4719 Dedimus
1002 4655 1099 4695 eomes
1115 4637 1214 4694 statim
1231 4653 1298 4693 eum
1314 4637 1417 4694 baculo
1432 4637 1571 4709 pastorali
1588 4638 1702 4711 publice
1721 4639 1822 4696 donat.

113 4734 206 4789 etiam
221 4733 283 4805 jam
299 4729 386 4786 dictis
402 4728 535 4803 personis
550 4725 693 4784 vendendi
708 4726 751 4784 vel
766 4726 854 4783 dandi
879 4726 946 4785 eum
1001 4730 1063 4795 Quo
1087 4727 1198 4795 andito,
1224 4726 1328 4782 fratres
1348 4725 1443 4798 quiin
1460 4725 1586 4783 claustro
1610 4733 1823 4799 remanserant,

115 4821 297 4892 cuicumque
313 4817 470 4875 voluerint.
487 4816 517 4873 Si
533 4815 600 4889 quis
624 4832 702 4882 vero,
722 4817 800 4889 quod
825 4815 947 4872 minime
1001 4820 1102 4874 contra
1117 4816 1193 4872 banc
1204 4815 1431 4871 fraudulentiam
1441 4814 1502 4871 zelo
1514 4815 1616 4871 divina
1627 4815 1700 4890 legis
1714 4817 1825 4875 accine-

114 4914 276 4967 venturum
291 4907 450 4973 credimus,
467 4905 518 4978 qui
532 4909 635 4962 eontra
651 4904 726 4962 hanc
742 4904 945 4962 auctoritatem
1001 4904 1033 4974 ti,
1051 4903 1183 4960 libellum
1200 4902 1412 4976 reprobationis
1428 4905 1558 4960 iecerunt
1572 4910 1659 4979 atque
1674 4906 1823 4982 subscrip-

115 4999 272 5072 insurgere
296 4995 420 5054 voluerit
445 4997 496 5052 aut
521 4994 690 5068 intringere,
715 4993 789 5051 iram
814 4994 946 5051 incurrat
1000 4999 1102 5050 serunt
1117 4993 1306 5065 hujusmodi:

117 5087 178 5162 Dei,
189 5092 221 5144 et
233 5086 315 5161 qnod
328 5083 476 5160 repetierit
490 5101 549 5141 non
573 5084 696 5151 evincat,
712 5087 767 5150 set,
786 5083 946 5155 iudiciaria
1035 5107 1049 5133 (ι
1066 5083 1143 5140 Sciat
1149 5082 1244 5138 omnis
1253 5083 1382 5141 aeclesia
1392 5083 1677 5158 quialiagenardum
1690 5091 1824 5144 nostrum

116 5180 266 5249 potestate
283 5179 411 5246 coactus,
436 5173 544 5231 libram
565 5171 628 5230 auri
643 5171 691 5228 eui
716 5170 798 5228 litem
813 5171 946 5230 intulerit
999 5172 1135 5228 abbatem
1153 5171 1214 5227 fieri
1232 5189 1290 5228 non
1304 5172 1450 5246 eligimus,
1462 5189 1521 5229 non
1532 5173 1699 5244 laudamus,
1711 5193 1826 5234 nonvo·

116 5264 222 5327 seirat.
237 5264 382 5334 motinus
392 5267 496 5323 'wiern
506 5262 568 5320 bae
579 5260 783 5320 esrtaiirmier
791 5260 841 5331 sit,
856 5275 946 5320 manu
1000 5261 1175 5331 tumus,non
1185 5261 1395 5319 consentimus.
1406 5263 1826 5336 setreprobamus,reiutamus

149 5461 226 5534 (446)
241 5460 387 5518 Deesthic
403 5459 480 5534 epilo
523 5456 711 5517 sinoadlt.
803 5513 808 5523 ,
864 5530 894 5537 ¹¹
1003 5528 1005 5535 Α
1513 5524 1515 5533 Ι

149 5533 228 5608 (tlt)
242 5533 302 5592 lice
313 5532 457 5609 scriptum
491 5528 599 5589 alberti
608 5530 704 5588 emtat
713 5528 791 5602 apud
801 5528 943 5604 Bbuqnet,
961 5514 1024 5586 See.
1035 5522 1086 5586 d'e'a
1100 5529 1169 5588 litat.
1180 5524 1218 5590 dc
1231 5530 1348 5600 Fratre,
1363 5534 1385 5588 t.
1398 5533 1435 5601 X,
1448 5538 1478 5605 p.
1492 5526 1557 5590 444.
