3816 6006
73 112 131 174 aar
580 109 690 173 nuru.
713 80 766 173 on
785 109 922 173 rorans
944 109 1046 174 arsr.
1069 112 1277 178 orneosor..
1720 116 1778 178 aaa

66 243 210 316 justitium
224 250 315 300 unere
327 243 370 300 uei
385 245 475 316 facere
489 243 616 308 uoluerit,
633 243 729 299 lateat
746 260 753 297 ι
770 244 802 298 lit
817 245 843 298 si
852 243 900 314 ju·
915 245 943 310 Α
958 243 1126 317 mitem,qui
1134 247 1197 318 jani
1209 246 1436 304 convalueratex
1447 245 1780 319 infirmitate,etmilitas
1850 243 1858 258 '

71 331 178 387 dicium
199 331 241 387 nel
264 331 404 404 justitiam
433 333 577 388 tenereuel
592 335 684 404 facere
711 330 903 399 noluerit,sed
958 332 1108 405 elpeditcs
1120 351 1302 392 snosomnes
1312 347 1635 409 proeausapauperum
1646 334 1675 390 in
1688 351 1780 392 arnum

68 436 122 492 per
133 427 288 492 potestatem
313 437 393 475 sunm
416 421 474 476 onte
487 428 577 476 tenere
592 422 740 486 ciuitatem,
758 429 786 477 tn
808 437 858 492 per
879 428 904 476 te
958 428 1135 490 evocaverat,
1145 427 1177 477 ut
1192 423 1220 478 in
1232 423 1402 496 Hispaniam
1414 425 1612 498 depraedatum
1623 441 1673 481 eos
1687 425 1782 480 dedu·

70 509 274 580 etpersratres
297 515 356 562 tuos
383 507 589 578 portuluulleo
618 509 776 575 consitium,
791 516 816 564 et
829 508 905 565 rlolit
957 509 1183 576 ccret,multum
1209 512 1330 584 rogavit,
1347 516 1379 568 ut
1392 512 1495 568 'Parcis
1510 512 1560 585 qui
1582 513 1674 569 Deum
1690 511 1781 568 recla-

70 598 125 653 titi
147 597 226 653 Deus.
243 597 275 652 lit
290 597 335 652 illi
349 597 471 651 tornines
498 598 547 668 qui
570 598 644 660 olom
673 605 774 654 rectam
802 605 900 663 terrem,
957 599 1089 662 mabant,
1106 616 1157 671 pro
1182 600 1240 655 Deo
1255 606 1282 655 et
1298 618 1349 672 pro
1364 599 1458 674 gloria
1472 600 1567 673 gentis
1590 601 1779 669 Francorum,

69 686 113 741 uel
127 687 213 741 licum
235 685 366 754 ditiount,
378 685 430 742 titi
442 701 498 740 non
521 685 657 757 deficient.
669 687 716 742 llli
738 693 831 742 antem
854 689 904 758 qui
955 688 1043 758 atque
1058 704 1109 760 pro
1125 705 1157 744 se
1173 695 1365 758 succurreret,
1378 690 1488 746 addens
1504 690 1581 762 quod
1598 695 1700 746 contra
1714 706 1781 745 ma·

69 777 258 831 ariomrecmm
283 782 373 830 tenere
392 775 734 842 nolunt,reoertanturad
756 777 838 832 illum
854 777 902 848 qui
955 774 1057 830 chinus
1071 775 1269 832 obsidentium
1286 779 1464 845 Turcorum,
1481 778 1592 835 obsessi
1607 777 1695 834 Turci
1711 794 1781 834 cru-

62 864 168 920 'nntuit
186 871 276 919 tenere
300 863 454 934 justitiam,-
469 863 638 920 renidebant
666 864 796 935 quomedo
825 868 900 920 Deus
954 879 1017 918 cem
1034 865 1254 936 pretenderent.
1268 866 1318 921 His
1331 871 1418 938 atque
1430 866 1495 922 aliie
1506 866 1676 938 hrq'usmodi
1689 866 1781 939 preoi·

68 953 190 1009 salvabit
205 954 276 1009 iilos.
289 952 340 1009 Sed
364 953 502 1008 trabebant
523 953 752 1021 maledictionem,
769 970 804 1010 ee
821 965 899 1025 porse
954 951 1019 1020 hus,
1031 970 1098 1008 cum
1114 954 1188 1010 duca
1202 971 1300 1010 comcs
1313 955 1459 1027 protectus
1472 959 1527 1011 est.
1539 954 1603 1012 Haeo
1614 960 1712 1012 autem
1729 954 1786 1012 ubi·
1808 992 1814 1002 ·

69 1044 121 1099 liei
134 1050 160 1099 et
174 1044 271 1099 rrmtris
285 1042 355 1114 ejus,
380 1042 457 1097 illurn
479 1059 561 1115 quiem
588 1043 810 1114 leniuitlueiser
837 1059 900 1099 cum
954 1042 1316 1116 aTurciscognitasunt,
1339 1043 1375 1099 ab
1395 1043 1546 1100 obsidione
1561 1044 1726 1100 discedunt.
1743 1043 1779 1102 Ut
1858 1080 1861 1087 ,

67 1130 102 1186 de
116 1131 183 1186 coelo
210 1130 316 1187 cecidit.
332 1132 366 1186 Et
389 1146 444 1201 nos,
459 1131 485 1186 ri
503 1133 647 1186 unanimes
675 1133 749 1202 estis,
763 1129 905 1203 postulate
952 1147 1019 1186 vero
1034 1132 1069 1187 ad
1085 1133 1143 1187 Asa
1157 1131 1300 1188 exercitus
1311 1137 1409 1188 noster
1423 1133 1562 1205 pervenit,
1575 1119 1706 1206 suscepit
1720 1133 1779 1189 dux

66 1220 217 1275 consilium
232 1221 261 1274 in
277 1220 410 1286 oratione,
422 1226 448 1274 et
468 1221 538 1275 Deus
552 1220 629 1275 datii
649 1222 733 1277 uvolis.
745 1221 779 1276 Et
792 1223 818 1276 si
832 1237 897 1276 con·
953 1219 1070 1276 obsides
1081 1221 1116 1276 de
1126 1219 1244 1276 castello
1260 1237 1311 1293 pro
1327 1220 1465 1277 fidelitate
1476 1220 1624 1294 deinceps,
1636 1226 1665 1278 et
1679 1237 1778 1278 comes

66 1307 163 1367 cordia
189 1311 227 1365 sit
250 1311 322 1366 inter
345 1325 401 1378 uos,
418 1317 502 1365 terrete
522 1311 897 1383 eonsiliurndepatriarclra,
952 1325 1018 1364 cum
1036 1309 1139 1382 grandi
1169 1309 1323 1381 dispendio
1348 1309 1393 1366 sui
1423 1309 1577 1377 exercitus,
1593 1308 1777 1368 Antiochiam

67 1399 120 1471 qui
133 1399 171 1454 sit
183 1398 216 1455 de
235 1399 293 1468 ieqe
319 1406 416 1454 uestrae.
434 1399 500 1455 litos
526 1407 617 1455 autem
641 1399 763 1455 homines
791 1400 841 1471 qui
866 1399 898 1456 de
952 1415 1085 1454 reversus
1114 1402 1167 1454 est.
1186 1399 1298 1454 Rursus
1328 1415 1426 1455 comas
1455 1399 1641 1473 congregavit
1670 1398 1779 1457 milites

65 1488 223 1560 criptiuitute
244 1487 280 1543 ad
302 1503 349 1543 uos
365 1495 505 1552 uerierunt,
522 1495 552 1543 nt
575 1490 660 1557 tepent
683 1495 800 1543 oestrum
824 1497 896 1544 tene·
952 1504 1033 1556 suos,
1047 1491 1079 1542 ut
1094 1487 1207 1559 plebem
1224 1505 1384 1560 pauperum
1402 1487 1431 1544 ia
1448 1488 1618 1561 Hispaniam
1634 1489 1778 1546 conduce-

65 1583 138 1643 rent,
165 1577 250 1633 notite
272 1577 375 1634 solarere
403 1592 461 1644 eos,·
475 1576 522 1632 sed
539 1583 564 1631 et
579 1576 641 1633 illos
668 1578 717 1649 qui
740 1577 896 1633 ambulave-
952 1581 1098 1648 rent,qaeo
1110 1577 1185 1632 lame
1196 1580 1225 1631 et
1241 1577 1325 1632 tadio
1337 1575 1496 1632 Antiochia
1507 1576 1668 1633 deficiebat.
1681 1579 1777 1650 Appa-

64 1672 134 1720 runt
148 1667 179 1721 in
200 1663 394 1730 Corrmanam,
409 1672 439 1720 ut
465 1663 546 1720 mum
563 1666 711 1721 lurcorum
738 1664 896 1738 adorarent,
953 1664 1012 1720 ruit
1027 1669 1125 1721 autem
1141 1669 1262 1721 sanctus
1276 1664 1407 1721 Andreas
1418 1666 1500 1722 Petro
1511 1664 1732 1737 Bartholomaeo,
1743 1682 1777 1722 eo

63 1755 152 1811 nolite
166 1755 288 1826 recipere
308 1769 360 1822 eos,
376 1752 423 1808 sed
444 1752 537 1809 habete
561 1754 632 1809 sicut
657 1754 765 1820 lurcos,
781 1761 807 1810 et
829 1755 895 1810 mit-

63 1843 113 1899 tite
128 1841 195 1899 duos
209 1842 251 1900 uel
265 1849 320 1898 tres
342 1858 378 1898 ec
398 1842 441 1898 iris
456 1844 486 1897 in
500 1858 645 1910 carcerem,
659 1850 685 1899 et
707 1843 763 1915 ipsi
785 1842 898 1899 demon·

61 1933 192 1988 stralunt
215 1932 290 1987 nobis
317 1931 396 1986 otios.
421 1931 566 2002 Postquam
594 1931 764 1987 istouuoiis
787 1932 897 2002 suerin-

952 1759 1082 1826 tempora
1094 1754 1172 1827 apud
1189 1753 1322 1820 Rodium,
1338 1752 1414 1810 inira
1429 1753 1598 1821 tentorium,
1610 1753 1660 1811 ubi
1676 1769 1777 1812 mane·

951 1843 1001 1899 bat
1009 1843 1164 1915 episcopus
1172 1841 1630 1915 Atensis,etcapellanusoomitis
1638 1842 1777 1900 Raimun·

951 1931 1017 1997 dus,
1030 1935 1059 1987 et
1073 1929 1149 1988 alius
1164 1930 1343 2003 capellanus,
1358 1930 1475 1987 nomine
1493 1932 1598 1988 Simon.
1610 1931 1661 1988 llio
1675 1935 1776 1990 autem

64 2030 138 2090 acta,
148 2023 231 2094 petite
247 2038 264 2075 a
279 2021 393 2076 Domino
408 2020 555 2075 consilium
568 2018 601 2075 de
623 2021 669 2074 oio
688 2036 739 2091 pro
754 2035 808 2091 qur
822 2022 896 2076 uenit
951 2021 1051 2076 Simon
1068 2019 1191 2076 audiens
1211 2035 1260 2076 eos
1275 2019 1473 2092 colloquentes
1488 2019 1555 2091 sihi,
1572 2019 1684 2078 scilicet
1707 2026 1774 2079 sair-

61 2113 122 2180 stis,
138 2119 164 2167 et
177 2111 225 2167 ille
242 2109 308 2166 terre
330 2109 452 2166 consulet
464 2109 550 2165 uotis.
564 2109 720 2167 Jerusalem
748 2116 787 2165 est
812 2126 896 2182 prope
949 2114 1030 2165 ctum
1041 2110 1182 2165 andream
1191 2126 1258 2165 cum
1268 2109 1350 2165 Petro
1359 2108 1581 2181 Bartholomeo,
1588 2114 1676 2182 eaput
1686 2127 1774 2168 suum

64 2217 111 2258 uos
140 2199 232 2256 decem
256 2198 323 2264 dies,
340 2205 366 2253 et
378 2199 405 2253 si
422 2213 477 2253 non
505 2198 588 2254 vultis
615 2204 704 2253 tenere
727 2197 894 2269 supradicta,
949 2198 1109 2270 cooperuit,
1125 2203 1154 2254 ot
1170 2202 1203 2253 ut
1225 2197 1287 2269 ipse
1308 2197 1417 2269 retulit,
1433 2197 1562 2271 plurima
1584 2198 1705 2267 audivit,
1723 2201 1774 2257 sed

61 2286 199 2344 dedeeem
214 2286 307 2352 annis,
323 2301 378 2341 nen
399 2286 474 2341 illlis
500 2286 530 2339 in
552 2286 717 2341 leuitatem.
733 2286 764 2340 Et
776 2285 895 2357 postde-
949 2287 1003 2344 hoc
1018 2285 1113 2343 solum
1136 2285 1256 2342 retinuit
1273 2302 1279 2341 :
1297 2288 1419 2353 Dareine,
1435 2304 1483 2357 eqo
1503 2287 1603 2356 dicam,
1619 2287 1775 2361 episcopus

59 2395 119 2434 cem
144 2391 242 2442 aanor,
257 2374 384 2431 reducam
412 2372 535 2445 infideles
555 2375 585 2428 in
609 2373 720 2441 tonare,
736 2382 763 2429 et
788 2382 895 2430 centum
950 2376 1061 2433 ltensis
1081 2375 1121 2431 ait
1138 2393 1145 2431 :
1161 2376 1255 2433 Nescio
1280 2384 1375 2432 utrum
1390 2378 1419 2431 in
1434 2379 1538 2433 smnnir
1562 2378 1648 2449 suerit
1669 2394 1772 2448 annon,

60 2467 93 2523 de
108 2466 169 2522 iltis
183 2464 376 2538 manantem
394 2463 524 2518 aduersus
548 2462 625 2518 mille
639 2463 675 2518 de
688 2464 774 2518 cotia
790 2463 823 2518 dt
838 2480 893 2549 eos,
949 2465 1065 2534 Quidum
1093 2481 1177 2520 senen
1196 2467 1270 2521 stetit
1284 2480 1375 2520 eoram
1393 2481 1445 2533 me,
1463 2465 1575 2522 indutus
1599 2467 1671 2523 stola
1697 2468 1772 2537 aliu,

59 2556 185 2611 tornines
213 2554 326 2618 (inrisit,
342 2553 423 2624 petite
445 2569 462 2606 u
486 2553 605 2607 Donrino
629 2553 787 2623 petitionem
812 2569 895 2624 qaam
947 2563 1027 2626 etque
1051 2556 1080 2609 in
1107 2553 1235 2608 manilius
1249 2555 1308 2609 suis
1322 2554 1494 2609 Dominicum
1522 2555 1645 2611 lanceam
1667 2563 1772 2626 tenens,

58 2643 175 2718 apostoli
189 2642 344 2714 petierunt,-
367 2642 437 2696 sieut
459 2648 485 2697 et
514 2641 571 2696 illis
585 2640 709 2708 meavit,
726 2642 766 2695 ita
779 2649 805 2696 et
819 2643 893 2698 voca
946 2642 987 2699 ait
1003 2642 1074 2698 mihi
1091 2660 1097 2699 :
1115 2642 1207 2698 Credis
1221 2643 1292 2698 lianc
1306 2643 1428 2699 lanceam
1452 2659 1510 2698 esse
1523 2643 1586 2699 lesu
1601 2643 1706 2699 Clurirti
1715 2644 1729 2700 ‘l
1743 2649 1773 2701 et

58 2749 135 2790 nnnc
158 2731 282 2788 donatiui.
300 2730 431 2786 Comeret
447 2729 624 2799 Boimundus,
644 2731 681 2785 ite
696 2729 731 2784 ad
753 2730 893 2787 ecclesiam
946 2733 1082 2805 respondi
1100 2749 1106 2786 :
1124 2731 1218 2799 Credo,
1234 2732 1355 2800 ltmnine,
1377 2731 1467 2803 ldque
1493 2748 1560 2787 curn
1576 2731 1618 2788 sic
1642 2733 1771 2790 secundo

58 2824 139 2880 Beati
153 2819 282 2886 Andreae,
298 2826 323 2875 et
352 2819 400 2874 ille
427 2818 539 2874 donabit
555 2820 629 2874 uotis
644 2820 776 2891 optimum
803 2821 891 2876 consi·
945 2825 974 2878 et
988 2819 1073 2878 tertio
1090 2820 1168 2875 idem
1194 2819 1347 2892 quaesisset
1361 2836 1378 2875 a
1393 2836 1450 2887 me,
1461 2820 1542 2877 dixi:
1564 2825 1666 2876 lleeera
1679 2820 1768 2890 erede,

59 2915 129 2969 lium
142 2909 218 2984 apud
241 2910 335 2964 Deum.
351 2908 383 2963 lit
409 2906 480 2980 quod
509 2909 539 2961 in
567 2907 644 2964 corde
661 2917 745 2964 oestro
768 2910 890 2981 posuerit
944 2911 1061 2978 domine,
1075 2910 1145 2964 lianc
1158 2923 1213 2963 esse
1227 2908 1359 2976 mucram,
1376 2923 1439 2981 quae
1451 2910 1616 2978 sanquinem
1626 2908 1660 2965 de
1685 2910 1769 2967 latere

59 3003 140 3067 Deus,
156 2998 228 3055 iilud
242 2999 335 3071 [acite.
350 2997 383 3052 lit
403 3003 546 3068 postquam
571 2997 694 3053 visitavit
718 3013 764 3052 vos
794 2980 923 3055 beatusC
942 3000 1053 3056 Domini
1064 2997 1152 3054 nostri
1164 2999 1231 3054 iesu
1245 2995 1350 3052 Christe
1363 2994 1468 3063 elusit,
1479 2995 1551 3050 unde
1565 3010 1657 3051 omues
1667 2995 1768 3058 redera-

59 3085 426 3155 intumescentium
455 3092 480 3140 et
507 3086 591 3157 suein
618 3093 649 3141 ut
676 3086 777 3156 [ratres
806 3089 888 3144 nestri
938 3089 1098 3160 ptisumus.
1115 3085 1150 3140 itt
1173 3087 1240 3156 post
1262 3082 1404 3139 heccum
1420 3082 1532 3155 impetu
1555 3100 1603 3140 me
1626 3082 1767 3142 Raimun·

59 3181 171 3236 actitem
200 3176 290 3232 illum.
315 3175 387 3229 luter
414 3190 469 3241 eros,
493 3190 580 3230 comes
605 3181 631 3230 et
658 3175 836 3242 Boimundus,
851 3178 888 3233 sit
940 3177 1023 3243 dum,
1039 3173 1088 3247 qui
1104 3189 1193 3245 prope
1215 3171 1406 3238 dormiebam,
1424 3171 1566 3228 excitarit.
1584 3172 1642 3246 Ego
1666 3176 1766 3231 autem

58 3266 205 3327 eoncordia
225 3273 251 3321 et
273 3263 380 3319 ditectio
396 3264 447 3320 Dei
460 3271 486 3319 et
496 3264 628 3336 proximi.
645 3263 678 3318 Et
694 3265 720 3319 si
749 3265 815 3320 tene
841 3281 887 3321 nos
941 3262 1136 3330 Raimundus,
1153 3277 1219 3317 eum
1236 3258 1428 3332 evigilassem,
1446 3258 1631 3332 splendorem
1646 3261 1765 3335 quidem

57 3355 297 3420 concordaveritis,
322 3353 403 3408 nulia
426 3368 469 3408 rer
491 3354 592 3423 poterit
608 3369 654 3408 eos
668 3352 812 3426 dissipare.
828 3356 888 3410 Pri·
940 3352 1093 3410 insolitum
1108 3351 1177 3416 vidi,
1194 3355 1223 3406 ct
1238 3348 1322 3422 quasi
1345 3350 1504 3420 quamdam
1525 3349 1650 3423 gratiam
1666 3350 1765 3409 animo

57 3465 131 3504 mam
155 3445 307 3518 justitiam,
323 3458 405 3514 quam
433 3441 533 3496 deletis
560 3440 746 3512 [accredere
774 3441 887 3499 denon-
940 3441 1118 3514 concipiens,
1129 3439 1164 3495 ab
1177 3438 1285 3510 eisqui
1298 3438 1429 3505 aderant,
1439 3454 1567 3509 quarere
1582 3438 1656 3510 caepi
1667 3443 1769 3498 utrum

56 3534 229 3594 atarasimt
241 3538 305 3588 sunt
334 3531 455 3586 lominus
469 3529 502 3586 de
515 3530 633 3602 sinentis
647 3531 791 3602 episcopiis
817 3533 887 3600 suis,
941 3530 1092 3602 quiddam,
1108 3526 1193 3600 quasi
1209 3527 1303 3600 plebis
1322 3525 1596 3594 tumultuationem,
1613 3526 1765 3585 sentirent.

55 3628 239 3699 profiteantur
252 3621 365 3677 diuitias
380 3635 460 3688 snas,-
474 3628 501 3675 et
513 3618 643 3688 adjuvent
654 3635 786 3691 pauperes
797 3618 829 3674 de
840 3637 889 3692 pa·
940 3619 976 3674 at
991 3622 1141 3690 coeperunt
1163 3633 1265 3697 omnes
1285 3614 1333 3670 alii
1350 3614 1444 3671 dicere
1461 3631 1467 3669 :
1486 3615 1607 3672 Minime.
1625 3615 1675 3672 llla
1702 3633 1769 3674 vero

55 3719 106 3772 tria
130 3731 194 3779 sua,
207 3718 291 3784 prout
313 3716 451 3782 poterunt,
467 3716 494 3764 et
507 3724 614 3763 necesse
627 3709 721 3778 tuerit.
738 3709 813 3764 Alias
837 3726 887 3764 ou·
942 3709 1054 3778 Petrus,
1067 3706 1115 3761 cui
1131 3704 1192 3761 heo
1207 3703 1342 3760 revelatio
1354 3704 1429 3759 iacto
1445 3704 1549 3772 luerat,
1560 3720 1628 3760 cum
1643 3705 1680 3761 ad
1700 3703 1774 3762 invi·

54 3822 118 3875 gem,
145 3804 218 3859 sicut
244 3798 485 3864 concordaveritis,
500 3798 593 3870 facite.
607 3797 681 3866 Quod
709 3799 735 3853 si
763 3798 844 3864 lianc,
860 3803 888 3854 et
942 3813 1005 3853 cem
1020 3811 1126 3867 eaque
1137 3810 1226 3867 supra
1238 3791 1365 3848 diximus
1377 3808 1585 3864 quaereremus,
1597 3793 1767 3866 respondit:

54 3896 124 3950 alius
143 3893 271 3965 justitias
286 3897 377 3945 tenere
390 3887 539 3955 noluerint,
557 3902 602 3942 eos
626 3902 671 3942 eos
698 3889 885 3957 conrninqite.
942 3886 974 3941 Et
985 3885 1081 3940 merito
1096 3883 1252 3953 pratificum
1265 3881 1436 3954 splendorem
1456 3881 1502 3937 iric
1524 3883 1690 3955 conspicius,
1706 3899 1770 3940 cum

53 3984 84 4040 lJt
96 3985 126 4040 si
149 3981 252 4052 uliquis
272 3978 361 4034 aliam
383 3978 521 4033 ciuitatem
544 3984 635 4032 tenere
658 3976 782 4042 coluerit,
798 3976 830 4033 de
844 3978 888 4034 lies
941 3975 989 4031 ille
1003 3975 1084 4031 Pater
1097 3972 1202 4028 diutius
1217 3972 1263 4027 tie
1279 3972 1415 4041 steterit,a
1430 3973 1586 4044 quaomnia
1600 3973 1691 4044 qratia
1703 3988 1770 4046 pro·

53 4090 119 4146 quas
134 4071 213 4127 datie
230 4069 305 4125 notis
322 4070 405 4132 Deus,
429 4064 579 4122 secundum
603 4066 790 4137 inmerseripta
804 4067 888 4136 faciet
941 4061 1105 4119 ordiatium
1122 4065 1220 4117 autem
1236 4060 1273 4117 ab
1298 4076 1331 4116 oo
1356 4077 1563 4132 quereremus,
1576 4065 1608 4115 ut
1623 4078 1686 4134 que
1711 4061 1769 4119 sibi

53 4172 81 4219 ut
93 4179 124 4220 se
140 4159 298 4217 mruineat:
315 4156 347 4212 Si
362 4163 451 4211 auten
465 4156 556 4226 faeere
579 4154 711 4221 noluerit,
727 4169 813 4210 carnes
827 4171 888 4210 mm
941 4152 1020 4207 dicta
1028 4151 1144 4207 luerunt
1154 4149 1239 4206 nobis
1250 4148 1459 4215 manifestaret,
1468 4148 1528 4204 hee
1536 4148 1635 4206 comiti
1645 4152 1673 4205 et
1684 4150 1770 4208 nohis

53 4253 119 4324 filiis
132 4250 185 4307 oei
198 4264 261 4305 enm
288 4244 415 4317 depellet.
432 4243 578 4299 Haerere
606 4242 736 4316 primum
766 4242 885 4311 credita,
942 4240 1107 4296 dixit:llnc
1124 4245 1200 4295 nocte
1213 4240 1287 4294 vetit
1302 4238 1346 4293 tic
1360 4237 1488 4293 dominus
1501 4245 1527 4293 et
1542 4238 1634 4294 tentus
1646 4237 1767 4297 Andreas

52 4340 159 4397 deinde
169 4335 262 4394 oblita
272 4337 357 4402 sunt;
369 4330 479 4388 etenim
490 4330 539 4387 alii
551 4331 703 4387 dicebant:
716 4331 885 4388 Reddamus
900 4348 924 4416 D
940 4332 971 4386 in
986 4331 1141 4402 specieque
1166 4329 1247 4400 prins
1262 4328 1356 4382 uenire
1367 4326 1442 4382 soliti
1463 4334 1536 4394 sunt,
1549 4333 1574 4382 et
1597 4329 1694 4384 tertius
1708 4331 1769 4400 qni·

53 4429 202 4485 civitatem
217 4421 402 4497 imperatori;
414 4420 465 4477 alii
476 4425 575 4477 autem
587 4438 655 4477 non.
668 4422 761 4493 Atque
777 4419 819 4475 sio
833 4437 885 4493 per
939 4419 1014 4484 dam,
1028 4419 1107 4491 cujus
1120 4424 1226 4472 sutura
1239 4423 1298 4472 eret
1306 4431 1403 4487 parca,
1416 4414 1528 4471 indutus
1543 4414 1634 4485 lineis,
1645 4424 1673 4473 et
1686 4417 1771 4475 turta

55 4514 228 4590 hujusmodi
243 4511 408 4569 discordias
428 4513 457 4566 ct
476 4508 645 4576 seditiones,
658 4526 704 4565 res
724 4526 886 4581 pauperum

57 4604 216 4663 annullata
231 4607 310 4658 sunt.
324 4601 365 4656 De
380 4598 503 4656 consilio
516 4601 613 4654 autem
631 4597 708 4671 quod
724 4599 802 4671 apud
818 4599 890 4655 San·

58 4701 137 4752 etum
154 4692 300 4749 andream
317 4689 447 4763 accipere
462 4687 610 4762 principes
625 4686 800 4755 debuerunt,
814 4687 887 4743 nihil

59 4787 124 4842 luit.

369 4867 486 4926 CAPUT
505 4867 578 4923 xlx,

97 4964 180 5021 Inter
192 4960 254 5017 irae
270 4957 356 5016 Tucci
373 4958 408 5014 de
423 4955 521 5030 Calep,
533 4954 681 5028 quoddam
697 4959 826 5010 castrum
841 4955 892 5011 ob·

63 5054 216 5111 aederunt.
227 5047 334 5105 amicti
349 5048 439 5122 igitur
453 5044 539 5102 'turci
550 5043 601 5118 qui
612 5042 693 5099 intus
707 5048 801 5115 erant,
814 5060 894 5100 man-

63 5143 209 5200 daverunt
224 5137 302 5206 duci,
313 5136 364 5211 qui
386 5136 416 5192 in
442 5134 502 5191 illis
517 5132 687 5207 regionibus
711 5136 782 5198 erat,
798 5138 830 5189 ut
845 5129 892 5190 ca-

65 5238 161 5289 strum
177 5231 309 5302 ipsorum
325 5224 554 5298 reciperetquia
568 5221 716 5294 deinceps,
729 5238 786 5276 non
802 5221 892 5279 alium

66 5321 122 5378 nisi
137 5319 175 5376 de
189 5332 296 5393 genere
320 5315 499 5372 Francorum
523 5309 677 5368 dominum
693 5309 800 5367 habere
815 5310 893 5368 vole-

64 5407 147 5469 bant.
164 5405 208 5467 ob
224 5403 279 5465 hoo
293 5402 393 5480 itaque
407 5402 466 5461 dux
484 5397 668 5460 Antiochiam
683 5413 827 5473 reversus,
846 5415 894 5460 oo·

943 4509 1112 4579 turpissima.
1126 4506 1159 4561 Et
1172 4506 1352 4560 comeninatus
1381 4511 1421 4560 est
1447 4504 1520 4560 milri
1545 4506 1663 4560 ocultam
1681 4505 1780 4572 beatus

942 4596 1078 4663 Andreas,
1092 4611 1122 4652 eo
1147 4593 1217 4666 quod
1238 4594 1371 4665 reliquias
1386 4595 1505 4665 corporis
1525 4594 1610 4666 ipsius
1633 4594 1706 4666 apud
1719 4593 1761 4650 An

943 4685 1076 4741 tioclriam
1104 4690 1223 4755 repertus
1239 4683 1268 4736 in
1283 4683 1394 4737 ecclesia
1422 4683 1520 4754 ipsius,
1538 4684 1569 4737 in
1584 4683 1699 4754 quodam
1713 4684 1770 4741 loco

941 4774 1054 4845 indique
1082 4773 1255 4828 demiserunt.
1284 4770 1319 4825 lilt
1346 4769 1419 4825 dixit
1446 4787 1452 4824 :
1482 4773 1551 4828 Cum
1578 4773 1767 4844 precipitatus

945 4878 1031 4919 essem
1044 4860 1077 4917 de
1099 4859 1215 4932 quodam
1228 4865 1318 4914 nwnm
1339 4861 1373 4914 ut
1399 4858 1565 4931 infidelibus,
1581 4859 1649 4916 duos
1673 4860 1760 4934 dieite

945 4952 1017 5007 miti
1030 4951 1169 5021 contrepi-
1194 4957 1273 5021 atque
1287 4956 1471 5021 postmortem
1485 4965 1574 5005 eneam
1597 4949 1642 5006 irie
1663 4952 1708 5007 uir
1731 4966 1776 5009 eos

947 5042 1058 5114 accepit,
1070 5046 1096 5095 et
1121 5039 1290 5096 antiochiam
1314 5038 1422 5104 detulit,
1440 5047 1465 5094 et
1479 5046 1508 5094 tn
1521 5054 1636 5096 cameos
1652 5041 1775 5096 incenis·

946 5146 998 5198 ses,
1014 5129 1184 5201 neqiipenter
1196 5129 1320 5185 latuisti
1334 5146 1343 5183 :
1358 5128 1477 5184 alterum
1488 5144 1585 5200 passus
1599 5144 1628 5185 es
1646 5127 1697 5185 titi
1710 5127 1785 5184 sul.

947 5222 1018 5294 ripi,·
1034 5219 1152 5276 alterum
1167 5220 1208 5274 ili
1222 5217 1336 5288 indique
1349 5218 1494 5274 domuisti.
1510 5215 1686 5274 {reostende
1701 5216 1775 5274 mihi

948 5326 1082 5376 manum,
1095 5308 1159 5365 sina
1174 5309 1291 5365 duobus
1306 5307 1417 5382 digitis.
1429 5305 1529 5365 Dmnde
1542 5305 1575 5362 de
1597 5312 1631 5375 te,
1648 5321 1777 5376 ocomer,

947 5400 1066 5460 muttum
1082 5404 1244 5479 conquestus
1265 5404 1314 5458 ert.
1330 5399 1403 5458 Num
1417 5412 1480 5459 eum
1502 5396 1661 5459 neuroide
1674 5409 1787 5457 munus·
