3816 6006
106 272 163 332 eta
363 275 414 334 hl)
437 272 694 336 eeuuuntuutl
716 273 880 335 APPEND.
904 272 943 334 ll.
960 270 1168 335 —MONUM.
1190 274 1241 334 DE
1263 273 1388 335 Baete
1410 273 1552 335 sacae.
1747 273 1809 333 eti

106 404 264 460 termitem
278 407 446 464 transirem?
460 408 520 464 Seio
543 411 611 464 satis
637 410 699 480 quia
720 409 768 462 loe
783 416 807 462 et
823 409 871 462 liae
882 423 927 462 eo·
943 407 969 472 Α
983 405 1108 460 immisit
1123 405 1265 461 Dominus
1280 407 1372 461 utrix
1387 407 1497 479 sugere,
1516 410 1582 479 post
1605 404 1716 480 primos
1730 404 1809 462 ictus

104 496 220 563 pensetis.
236 495 271 549 m
287 494 359 549 dixit
375 495 398 550 ei
422 514 485 568 qum
510 497 572 568 ipse
597 496 782 568 cogitaverat.
800 496 931 567 Cumque
987 511 1085 549 eorum
1099 494 1189 567 aliqui
1201 499 1329 568 possent.
1342 497 1410 551 Erat
1420 495 1537 567 quidem
1547 497 1582 552 ad
1590 495 1749 551 ridendum
1761 512 1809 551 sa-

102 595 152 654 ile
169 600 199 639 se
213 582 311 639 taliter
340 584 484 657 cogitasse
514 589 642 658 negaret,
661 585 810 656 respondit
830 584 931 640 Petrus
985 581 1023 638 tis
1036 581 1471 656 delectabile,cumaquaeducti
1487 583 1598 639 rivulus
1611 581 1810 655 reptimtrun·

102 671 334 727 Bartholomaeus
353 690 359 727 :
377 673 445 728 ltili
459 675 568 746 quidem
583 691 684 745 erepere
697 690 752 729 rien
764 682 847 744 putu,
864 675 931 744 qnia
986 677 1049 727 cate
1061 672 1202 728 cadavera
1214 671 1665 745 nobiliumetvulgiiucivitatem
1675 670 1807 728 interret.

103 769 205 817 certam
219 761 268 816 liae
282 762 367 816 liabeo
384 781 392 815 ε
410 763 516 818 danim
533 764 584 818 illa
602 771 678 817 noete
701 763 757 832 tuit
770 763 816 817 die
831 763 928 817 beatis·
984 760 1157 816 Ceciderunt
1172 761 1210 816 ihi
1228 762 1264 816 de
1279 762 1388 817 nostris
1399 779 1476 817 uuus
1487 760 1530 818 vel
1542 761 1613 830 duo;
1626 762 1662 817 de
1671 760 1808 818 hostibus

102 852 382 921 simaairqettaria,
399 859 425 906 et
452 854 592 923 episeopus
620 851 834 923 Pedieasis,per
863 868 928 924 qam
982 866 1059 917 vero,
1078 851 1222 922 usquead
1240 851 1442 923 septingentos
1464 849 1602 907 cecidisse
1628 850 1806 906 audivimus,

102 955 150 1008 ege
166 948 266 1010 quieta
282 956 365 1011 reeqas
379 939 475 995 didici.
492 939 576 996 llirer
601 943 669 995 satis
698 958 759 996 earn
786 940 818 996 de
839 941 927 997 uerbis

102 1028 214 1083 Domini
229 1036 254 1082 et
273 1029 454 1100 npesmlorum
482 1029 541 1100 ejus
567 1045 623 1085 narr.
649 1029 827 1094 (latitaverit,
843 1047 927 1100 qame

102 1117 317 1187 experimentum
332 1133 394 1171 euru
415 1118 539 1187 periculo
562 1134 630 1183 cirea,
647 1118 679 1173 de
692 1119 757 1173 solis
771 1119 814 1173 liis
828 1118 927 1173 babere

101 1206 230 1260 volueris.
247 1206 329 1261 Tunc
346 1205 558 1277 deprehensam
574 1207 779 1279 cogitationem
795 1212 925 1278 suamet

101 1310 132 1348 se
147 1292 324 1366 culpabilem
341 1298 407 1349 ante
423 1295 514 1349 Deum
532 1294 715 1350 ltaimuudus
728 1296 924 1361 vidensmma-

101 1382 217 1437 rissime
240 1381 269 1437 in
295 1382 441 1455 lacrymas
467 1385 610 1456 prorupit.
628 1385 661 1439 Et
675 1385 775 1440 Petrus
791 1385 826 1440 ud
842 1384 922 1454 haee;

99 1473 165 1528 Noti
178 1471 331 1544 desperare,
349 1475 413 1543 quia
429 1474 557 1544 ptissana
572 1475 649 1542 vireo
664 1473 761 1540 ituria,
777 1486 802 1530 et
815 1485 924 1531 sanetus

99 1560 218 1616 Andreas
234 1562 285 1616 tibi
302 1564 408 1616 reatem
422 1563 493 1634 aquit
514 1563 599 1618 Darem
625 1565 793 1619 abtinebant.
811 1566 847 1619 Tu
864 1581 923 1620 aera

98 1652 209 1706 em'aius
224 1667 268 1706 eos
283 1651 436 1723 deprecare.

396 1741 510 1797 matta
529 1741 622 1797 Xth'.

983 938 1101 995 Reversi
1130 940 1228 1011 itaque
1257 956 1324 994 eum
1360 940 1462 1014 grandi
1489 939 1619 1007 victoria,
1647 942 1676 996 et
1703 937 1807 1012 spoliis

983 1027 1097 1096 multis
1124 1028 1259 1084 dixerunt
1288 1028 1381 1084 nestri
1411 1029 1558 1102 principes
1586 1029 1623 1084 ad
1651 1027 1805 1100 populum.

981 1117 1074 1172 ltedie
1086 1117 1157 1172 uidit
1171 1133 1221 1172 uos
1237 1117 1527 1185 interamnanam
1538 1117 1661 1172 uidimus
1672 1117 1808 1174 eiusciai·

980 1206 1059 1272 tatis,
1071 1215 1098 1262 et
1114 1206 1358 1262 consideravimus
1368 1221 1521 1272 accessus,·
1535 1215 1563 1262 ct
1573 1206 1691 1272 nuuc,si
1705 1209 1806 1262 terede-

980 1295 1029 1365 tis,
1039 1295 1151 1364 justum
1160 1311 1220 1350 esse
1230 1295 1521 1352 decernimusutcras
1532 1295 1627 1365 sepiat
1641 1296 1805 1368 reaquales

978 1383 1085 1439 milites
1100 1400 1208 1440 saurus.
1229 1383 1345 1440 Reversi
1362 1384 1460 1456 itaque
1476 1383 1566 1439 altera
1581 1381 1804 1450 die,extraeivi-

979 1473 1068 1528 tatem
1086 1471 1200 1528 nullum
1218 1472 1477 1530 inveneruntpost
1491 1472 1552 1529 haec
1568 1477 1666 1529 autem
1682 1473 1803 1529 manda·

977 1559 1018 1614 vit
1033 1578 1082 1615 rex
1097 1560 1222 1634 Tripolis
1238 1562 1272 1617 ad
1289 1566 1405 1617 nostros
1422 1560 1569 1634 principes
1584 1559 1608 1618 si
1625 1560 1801 1617 desisterent

978 1649 1015 1704 ab
1028 1652 1245 1723 oppugnatione
1261 1650 1420 1717 hrchadoS,
1437 1651 1559 1706 donaret
1574 1650 1617 1706 eis
1632 1649 1801 1723 quindecim

977 1737 1070 1793 millia
1085 1755 1200 1804 aureos,
1217 1743 1245 1794 et
1260 1756 1350 1811 eques
1366 1738 1476 1794 multos
1492 1744 1520 1794 et
1537 1738 1680 1805 malesei
1693 1743 1800 1809 vestes,

133 1827 253 1883 Interim
271 1828 479 1885 tanteaetales
494 1828 560 1885 litos
577 1830 651 1885 inter
667 1831 813 1903 principes
830 1832 920 1887 nostri
976 1831 1005 1882 et
1018 1825 1165 1894 victualia,
1183 1833 1271 1900 utque
1296 1831 1458 1883 mereatum
1482 1827 1590 1884 iaceret
1610 1827 1646 1882 de
1661 1827 1801 1884 omnihus

97 1917 241 1972 exercitus
256 1918 364 1973 charte
381 1923 450 1973 sunt
465 1922 497 1974 ut
514 1936 585 1990 pene
601 1923 679 1974 totus
693 1921 835 1976 exercitus
851 1921 921 1976 diri·
976 1915 1289 1988 retiusomnipopu103
1302 1920 1442 1989 preterca
1456 1916 1589 1973 redderet
1600 1932 1702 1972 omnes
1713 1916 1802 1989 eapti·

98 2005 225 2061 deretur.
243 2006 299 2062 Sed
325 2006 401 2062 Deus
425 2007 475 2079 qui
502 2009 605 2063 ductor
629 2013 700 2074 erat,
726 2014 754 2064 et
778 2008 920 2064 Dominus
974 2019 1035 2070 voe,
1054 2020 1128 2075 quos
1153 2003 1282 2060 habehat
1305 2005 1341 2060 de
1368 2009 1468 2060 nostra
1491 2009 1586 2078 gente.
1602 2003 1753 2061 Venerunt
1766 2021 1800 2061 eo

97 2099 204 2161 nester,
221 2112 257 2149 ue
272 2095 343 2150 talia
361 2095 462 2150 tierent
477 2096 626 2151 benefieiis
650 2096 712 2150 suis
736 2096 918 2168 prohihchat.
975 2095 1106 2164 tempero
1117 2092 1154 2147 ah
1165 2091 1262 2148 Alexio
1279 2093 1454 2165 imperatore
1471 2092 1569 2165 legati,
1582 2109 1649 2148 cum
1662 2093 1799 2151 maximis

96 2181 165 2237 Erat
179 2181 281 2238 civitas
302 2182 418 2238 uousine
434 2183 569 2256 Tripolis,
585 2185 670 2255 cajus
686 2185 821 2257 saporius
837 2203 919 2241 men·
974 2181 1167 2252 querimoniis
1183 2182 1217 2237 de
1231 2181 1443 2253 Boimuudo,ee
1456 2182 1533 2254 qued
1550 2180 1686 2238 retineret
1701 2180 1801 2238 eivita-

95 2270 136 2326 tio
153 2271 297 2340 iaetaest,
314 2289 371 2327 non
397 2270 523 2328 multum
548 2273 632 2346 longe
648 2292 662 2328 a
679 2274 783 2330 castris
799 2275 916 2330 uostris.
973 2275 1032 2327 tem
1049 2271 1217 2340 Antiochia,
1236 2272 1520 2344 coutrajurameuta
1544 2287 1607 2343 que
1628 2271 1797 2345 imperatori

97 2359 190 2430 liujus
219 2359 309 2432 igitur
337 2358 462 2416 civitatis
492 2361 640 2431 dominus,
657 2378 724 2416 cum
741 2362 917 2417 discordiam
974 2360 1090 2415 lecerat.
1108 2360 1240 2417 Habebat
1255 2361 1334 2417 enim
1356 2360 1538 2417 Boimuudus
1562 2359 1747 2417 Antiochiam
1763 2376 1797 2418 ee

96 2447 262 2521 principum
277 2452 443 2504 nestrorum
459 2447 620 2516 didicisset,
637 2450 787 2521 respoudit
798 2451 916 2517 nostris,
973 2452 1113 2521 tempore.
1130 2450 1263 2523 Namque
1287 2468 1354 2506 cum
1380 2450 1511 2506 audisset
1533 2451 1568 2506 de
1584 2451 1701 2516 comite,
1717 2449 1795 2522 quod

97 2536 147 2609 qui
164 2538 198 2592 de
211 2537 358 2592 reddendo
374 2537 482 2592 tributo
497 2554 565 2593 eum
594 2538 781 2610 appellebant
798 2556 803 2594 :
823 2544 854 2595 ls't
869 2540 919 2612 qui
972 2540 1120 2610 proiectus
1136 2544 1213 2594 esset
1227 2558 1244 2594 a
1260 2539 1356 2595 illaria
1371 2539 1401 2594 in
1419 2539 1556 2595 interiora
1570 2538 1671 2612 Syrie,
1686 2537 1798 2611 expulit

94 2636 160 2683 srtnt
174 2629 306 2683 Franci?
318 2632 350 2682 m
366 2628 465 2698 quales
479 2628 584 2682 milites
599 2631 687 2683 silut?
703 2633 736 2684 tit
750 2639 858 2700 {ruinae
873 2646 918 2684 eo·
972 2626 1106 2684 homiues
1122 2629 1238 2684 comitis
1258 2627 1398 2684 uiolenter
1424 2628 1459 2683 de
1475 2628 1607 2684 turribus
1624 2626 1794 2697 Antiochia,

95 2732 160 2773 rum
176 2717 328 2786 petentia?
342 2721 411 2773 Ecce
423 2718 526 2772 tertius
541 2718 647 2772 mensis
668 2719 753 2774 mode
766 2721 866 2789 unitur
881 2737 918 2775 ee
972 2733 1046 2787 quas
1063 2718 1226 2773 servabant.
1240 2719 1273 2772 lit
1290 2721 1444 2790 propterea
1460 2717 1609 2772 mandevit
1625 2715 1744 2772 alexius
1759 2717 1795 2773 ad

91 2823 150 2880 ¹qim
161 2806 306 2862 enernitus
317 2811 495 2863 Frerrceruni
503 2808 746 2862 obseditcastrum
756 2810 916 2877 Arctatus,
972 2804 1119 2878 principes
1132 2811 1257 2872 nostres,
1270 2807 1348 2879 quod
1359 2808 1481 2863 <leuaret
1491 2823 1594 2862 aurum
1602 2811 1631 2862 et
1639 2809 1794 2879 argentum

94 2905 122 2953 et
137 2913 227 2966 uentre
240 2898 382 2952 assaltum
397 2913 498 2952 eorum
510 2897 608 2963 turbat,
623 2913 711 2969 neque
726 2899 851 2970 aliquem
863 2916 916 2953 ar-
972 2895 1100 2950 multum
1116 2895 1168 2961 eis,
1184 2901 1213 2951 et
1228 2895 1338 2952 veniret
1367 2913 1435 2952 eam
1458 2895 1500 2951 eis
1524 2895 1553 2951 iu
1577 2894 1751 2963 Jerusalem,
1769 2894 1795 2951 si

93 2995 204 3042 matam
220 2986 255 3041 de
270 2987 340 3056 ipsis
354 2986 425 3056 uidi,
441 2996 468 3042 et
484 2996 580 3041 taruea
607 2996 673 3042 sant
700 3004 849 3056 propense
864 3005 917 3057 per
971 2988 1172 3056 exspectarent
1188 3002 1280 3057 usquo
1295 2987 1331 3040 ed
1347 2985 1534 3041 festivitatem
1552 2984 1644 3040 saneti
1659 2982 1793 3053 loannis,

94 3086 219 3149 quartuor
230 3077 338 3146 leugas.
351 3077 408 3131 Sed
421 3076 533 3132 ueniant
550 3082 613 3146 ltere,
630 3085 658 3132 et
672 3078 818 3133 videmnus
829 3087 916 3148 ees,et
970 3078 999 3129 et
1014 3078 1082 3129 tane
1099 3074 1228 3129 instabat
1252 3075 1437 3130 Dominieum
1463 3073 1583 3129 Pascha.
1601 3074 1741 3129 Dicebant
1756 3073 1793 3129 oh

29 3184 30 3188 ’
94 3167 310 3235 cornprobemus
324 3166 460 3221 mititiam
469 3183 579 3221 reruni.
592 3171 688 3235 Quare
700 3184 750 3237 eqo
762 3185 860 3224 eorum
869 3174 914 3224 tro·
930 3155 951 3220 C
970 3179 1004 3217 ea
1014 3161 1098 3217 multi
1111 3163 1140 3217 iu
1151 3163 1260 3234 quihus
1269 3167 1450 3219 cornesorut:
1460 3161 1794 3232 Despecteruusimperu-

93 3259 204 3312 minum
218 3256 506 3326 tributariusfierem
517 3273 639 3328 querum
648 3258 738 3327 [acies
748 3273 803 3313 nen
814 3258 914 3326 vidiat
970 3260 1103 3317 terminet
1114 3253 1278 3308 babebimus
1292 3253 1428 3309 donativa
1443 3253 1517 3323 ejus,
1532 3261 1560 3308 et
1572 3252 1733 3324 ipsumqui
1745 3254 1793 3324 [e-

92 3345 297 3418 sortitrutinem
317 3344 441 3416 terrere?
459 3345 493 3400 Ut
507 3362 574 3401 vero
599 3345 659 3400 hac
682 3344 773 3401 relata
797 3347 913 3402 suntad
970 3341 1024 3396 ciet
1039 3340 1118 3396 nabis
1133 3341 1231 3397 uenire
1244 3351 1405 3398 mercatum
1419 3357 1473 3411 per
1486 3358 1569 3397 arare
1583 3350 1611 3397 et
1625 3349 1748 3408 terrum,
1764 3351 1793 3398 et

95 3435 252 3491 exereitum
270 3440 425 3501 nostrum;
442 3434 576 3489 dixerunt
591 3435 701 3506 quique
716 3436 752 3489 ad
769 3435 890 3490 invicem
907 3452 914 3490 ε
969 3432 1020 3485 sub
1035 3430 1124 3500 ipsius
1139 3430 1266 3487 dominio
1281 3431 1527 3488 concordabimus.
1542 3434 1648 3487 Omnes
1662 3431 1793 3488 ciuitates

95 3529 164 3581 Ecce
176 3524 251 3597 quod
258 3524 460 3596 acquisivimus
471 3538 525 3592 pro
537 3525 763 3580 contentionibus
774 3533 800 3581 et
811 3525 917 3581 discor·
969 3520 1164 3590 sectaturum,
1175 3529 1203 3576 et
1214 3521 1262 3576 itte
1278 3520 1377 3577 vestiet
1391 3537 1461 3593 quas
1477 3521 1608 3586 uetuerit,
1620 3529 1648 3576 et
1662 3536 1733 3593 qaus
1745 3536 1794 3578 ue-

94 3614 149 3669 diis
163 3615 271 3671 nestris
287 3631 296 3669 .·
313 3612 537 3682 Btnsptrematur
550 3614 622 3667 Deris
634 3632 643 3678 ;
654 3623 681 3669 et
696 3630 746 3669 nos
761 3616 915 3669 contemui-
971 3611 1057 3664 luerit
1071 3610 1207 3666 destruet.
1219 3611 1379 3679 Propterea
1388 3611 1510 3680 populus
1523 3611 1577 3666 iste
1586 3619 1694 3676 nester,
1703 3610 1797 3682 tangis

94 3704 281 3775 iamdiuque
292 3702 496 3758 couvenientes
507 3702 537 3756 in
549 3720 639 3757 uuum
655 3703 801 3775 principes
812 3703 915 3770 nostri,
970 3708 998 3755 et
1008 3700 1154 3755 diuturnis
1165 3699 1640 3773 aetattentionibuscenquassatus,
1650 3700 1676 3756 si
1686 3700 1799 3756 uenerit

96 3796 263 3848 statuerunt
274 3797 307 3846 ut
317 3790 495 3847 Albarieusis
506 3790 660 3864 episcopus
669 3809 735 3847 cum
744 3798 825 3864 parte
835 3810 917 3848 exer·
971 3789 1000 3845 in
1015 3791 1269 3861 irremunerata
1282 3791 1408 3862 tortasse
1423 3791 1541 3862 reuerti,
1553 3798 1585 3846 ut
1596 3789 1705 3860 deteris
1720 3790 1799 3847 eitte-

95 3880 274 3936 eituseustra
283 3879 918 3954 servaret,ctprineipeseumordinibuspedi-
971 3879 1012 3933 rit
1026 3895 1098 3933 earrr.
1107 3883 1176 3949 Quae
1191 3895 1259 3934 aero
1273 3887 1301 3935 et
1315 3889 1424 3952 qrtanta
1436 3880 1568 3951 pericula
1582 3888 1718 3936 araneant
1732 3879 1799 3936 ilias

95 3968 843 4042 tumetmilitum‚sieutpuguandimesest,usquead
853 3988 917 4026 mu·
972 3968 1021 4038 qui
1032 3969 1170 4037 peruicere
1185 3968 1243 4023 iter
1256 3968 1432 4037 desiderant,
1448 3968 1637 4039 perpenditis.
1645 3969 1745 4025 Adbuc
1752 3985 1803 4025 au·

96 4074 143 4113 ros
159 4056 283 4113 civitatis
300 4056 487 4113 assultarent.
500 4057 661 4113 Constituis
676 4064 773 4114 autem
789 4060 835 4115 die
851 4078 917 4116 oum
972 4066 1030 4113 tem
1038 4057 1199 4114 obsidemus
1213 4057 1363 4114 castelium
1373 4058 1529 4130 archados,
1542 4067 1664 4131 eiusque
1673 4059 1712 4114 ad
1725 4073 1803 4113 meu·

95 4147 188 4203 nostri
200 4145 297 4202 taliter
306 4146 680 4221 proficiscerentu1·,egressi
692 4148 920 4221 Tripolitanioh-
972 4163 1032 4201 sem
1046 4148 1089 4203 cel
1103 4164 1134 4203 se
1149 4148 1268 4203 reddent
1279 4149 1322 4204 eet
1330 4148 1562 4218 uicnpleatur·,et
1576 4163 1641 4204 cum
1657 4148 1740 4219 ienae
1752 4163 1803 4204 aa·

95 4235 172 4293 viam
183 4235 252 4302 illis,
264 4236 294 4291 in
306 4234 495 4291 multitudiue
505 4241 534 4292 et
544 4236 673 4292 tumultu
685 4254 738 4293 suo
749 4239 919 4311 centisipu-
973 4245 1034 4292 turn
1046 4237 1082 4292 sit
1098 4237 1132 4292 ete
1153 4237 1299 4293 obsidione
1314 4238 1379 4304 ista,
1396 4237 1422 4293 si
1436 4236 1618 4293 dimittemus
1632 4252 1697 4292 eam
1712 4246 1743 4292 ut
1755 4236 1800 4293 iu·

96 4342 187 4399 gnare
212 4341 280 4382 cum
308 4325 417 4381 nestris
445 4327 597 4397 parabant.
615 4326 665 4382 Est
680 4327 800 4399 quidam
817 4345 920 4384 murus
974 4325 1801 4397 replicabilem,multamcontenmeturnester·exercitus,

96 4415 286 4471 firmissimus
311 4415 475 4487 aqueducti
491 4415 520 4470 iu
537 4415 682 4471 civitatem
698 4421 727 4471 et
741 4415 829 4483 ultus,
845 4416 921 4473 inter
974 4416 1443 4488 quitiactenusuitritincapitqaed
1453 4417 1631 4486 tneaptaam
1642 4414 1799 4472 dimiserit.

96 4521 182 4576 quem
197 4507 226 4560 et
241 4520 332 4570 mare,
347 4521 405 4560 neu
417 4504 543 4560 multum
556 4504 654 4577 ampla
664 4505 710 4560 via
722 4510 766 4561 est
779 4525 785 4574 ;
799 4507 920 4563 utribus
935 4529 958 4593 D
975 4506 1009 4559 tlt
1024 4521 1089 4560 vero
1105 4503 1154 4559 alii
1170 4522 1185 4560 e
1200 4509 1301 4560 contra
1316 4504 1465 4560 dicebant:
1475 4506 1595 4575 Seraper
1609 4506 1707 4562 necuit
1720 4504 1803 4560 nabis

94 4594 173 4650 enim
188 4594 322 4666 pertibus
343 4592 485 4666 Tripolim
510 4611 589 4650 aiere
613 4594 713 4667 cingit.
732 4595 815 4650 llune
830 4596 920 4669 igitur
974 4595 1147 4663 imperator,
1162 4610 1278 4663 semper
1292 4594 1429 4650 mentitus
1449 4602 1502 4666 est,
1516 4610 1631 4665 seniper
1644 4595 1800 4651 adeersum

96 4684 386 4756 murumequeducti
398 4702 484 4757 quem
496 4685 634 4755 diximus,
643 4685 793 4741 Sarraceni
806 4687 919 4744 munie—
972 4699 1023 4738 aas
1036 4683 1179 4754 cogitauit.
1193 4688 1225 4739 lit
1237 4700 1312 4740 nunc
1321 4685 1390 4755 quia
1402 4684 1476 4741 uidet
1486 4701 1517 4740 se
1527 4684 1599 4741 nituit
1613 4692 1738 4754 posse,et
1751 4698 1803 4740 nes

96 4778 173 4842 runt,
188 4779 218 4828 at
229 4773 313 4846 quasi
330 4774 365 4830 dc
380 4773 499 4830 castello
515 4772 668 4831 castellum
680 4774 756 4830 exire
767 4781 794 4830 et
805 4778 918 4849 regredi
973 4775 1069 4829 ualere
1079 4789 1132 4843 per
1142 4774 1270 4844 qratiam
1282 4774 1482 4845 Dei,eastudie
1492 4774 1553 4846 epit
1562 4781 1702 4846 quatenus
1712 4788 1802 4842 apre-

95 4868 224 4934 possent,
237 4862 462 4934 siquidadversi
479 4863 659 4936 contigisset.
670 4864 809 4920 Videntes
821 4866 919 4938 itaque
972 4864 1065 4933 posite
1091 4864 1204 4919 itineris
1232 4880 1284 4919 nes
1314 4870 1507 4935 retrabat,ne
1532 4862 1798 4936 triquiaudierint.

95 4949 188 5005 nostri
204 4950 280 5007 hauc
296 4950 516 5007 multitudinem
542 4951 604 5008 loce
620 4957 648 5008 et
658 4952 754 5019 ¹arnus
769 4956 918 5011 confiden-
972 4954 1104 5022 eaempto
1118 4954 1213 5009 nostri
1226 4955 1324 5009 uenire
1337 4954 1568 5023 dimembratae
1578 4954 1642 5025 jum
1657 4967 1727 5025 queas
1740 4953 1802 5021 ipse

94 5037 165 5101 tem,
177 5035 337 5092 invocando
349 5038 450 5105 Deum,
463 5043 492 5093 et
502 5040 606 5095 erectis
617 5040 710 5096 hastis
721 5041 917 5115 conglobatim
972 5043 1118 5098 multoties
1129 5044 1199 5099 lusit
1211 5045 1339 5100 eerbiset
1353 5043 1525 5116 oper·e,tidei
1533 5045 1596 5115 ejus
1610 5043 1726 5115 frustra
1739 5043 1802 5100 ani·

95 5124 208 5196 pedites
223 5129 251 5180 et
267 5124 382 5192 milites,
396 5144 475 5182 more
491 5128 696 5200 processionis,
708 5147 802 5203 usque
816 5133 851 5186 ud
869 5149 918 5189 eos
971 5148 1033 5188 mes
1047 5133 1186 5188 adbibere
1200 5143 1327 5190 caueant.
1336 5135 1469 5191 Fidentes
1485 5132 1800 5206 initumctristoetuce,

94 5218 245 5279 venerunt,
259 5219 290 5268 ut
305 5214 328 5270 si
347 5219 463 5271 nostros
475 5216 609 5286 vidisses,
624 5219 733 5274 amicos
745 5237 801 5275 nen
819 5221 919 5277 hostes
972 5225 1021 5295 qui
1034 5240 1085 5279 nas
1099 5224 1133 5279 de
1143 5233 1203 5280 tam
1217 5225 1530 5296 uiuitis,pratersperri
1540 5224 1673 5281 liberauit
1683 5225 1799 5294 pericu·

95 5317 158 5357 esse
174 5318 224 5358 eos
239 5302 373 5371 dixisses,
388 5308 421 5359 ut
446 5309 544 5360 autem
574 5307 707 5378 permisti
723 5315 802 5378 sunt,
819 5309 919 5367 hostes
973 5313 1008 5368 lis
1021 5321 1049 5368 et
1059 5322 1161 5369 eontra
1174 5317 1273 5371 omnia
1287 5315 1440 5372 rnotimr'rm
1455 5313 1800 5385 inoperaterisetfrauetes

95 5391 374 5447 esseetnonemicos
385 5393 527 5450 crederes.
541 5395 750 5452 Fedutureoim
763 5402 839 5454 terre
850 5416 917 5456 san·
971 5405 1035 5474 ejus
1047 5418 1098 5459 nos
1108 5412 1272 5460 contutatus
1287 5414 1341 5473 est,
1351 5405 1428 5461 uiam
1436 5421 1492 5476 pro
1502 5405 1695 5479 quaueuimus
1704 5403 1801 5476 inere·

95 5478 184 5552 gaiae
199 5478 377 5550 Maurorum,
392 5486 420 5537 et
435 5482 599 5556 completur
622 5486 811 5557 aqueductus
834 5489 918 5544 eada·
972 5491 1137 5562 dianrur,et
1147 5493 1289 5564 [aciteee
1304 5495 1358 5551 Dei
1367 5493 1654 5569 pr·emissiene,quett
1666 5494 1799 5552 velumus

94 5567 212 5630 veribus
227 5585 339 5632 eorum.
351 5571 478 5632 'tuntum
495 5589 622 5650 nemque
636 5572 773 5636 umorem
783 5575 918 5641 hostibus
971 5587 1227 5659 consequentem&
1234 5598 1299 5647 cum
1307 5590 1359 5649 tec
1367 5584 1496 5647 audierit
1505 5586 1800 5664 imperetermuptem
