3816 6006
421 271 583 334 ioannis
605 271 830 336 wrasnoao.
854 273 988 336 nasce.
1008 271 1151 335 ranan
1172 272 1204 333 s.
1283 302 1288 308 ·
1570 248 1665 338 loro

77 416 138 458 uero
154 399 305 457 residuum
323 400 401 457 illius
415 400 560 474 lapidisin
572 403 711 459 honorem
725 402 786 459 Sal·
798 405 827 472 Α
841 402 909 473 iliis,
922 403 1072 477 inquibus
1086 404 1191 461 beatus
1204 403 1382 461 Eustachius
1399 422 1487 461 uxore
1502 423 1557 462 sua
1567 406 1665 480 priva-

85 489 220 562 quaedam
236 489 359 546 ecclesia
373 495 540 547 constructa
554 496 608 547 est.
841 496 889 548 tus
904 496 932 549 et
947 511 964 549 a
979 491 1048 548 filiis
1059 492 1208 549 desolatus
1223 492 1352 549 recessit.
1370 493 1470 550 Fariar
1483 512 1535 567 par
1550 496 1664 569 Syriam

77 595 104 635 ro
117 577 254 635 milliario
271 596 288 634 a
303 580 389 652 Tyro,
405 585 507 636 eontra
530 581 681 647 orientem,
697 598 787 652 supra
841 583 935 638 tandit
950 582 985 639 ad
1011 581 1204 648 Antiochiam,
1220 582 1322 638 labens
1347 599 1431 638 secus
1456 597 1556 641 muros
1580 585 1664 656 ejus,

77 666 201 740 larphen
218 672 274 735 est,
291 668 369 740 quad
390 668 499 725 dicitur
513 668 586 725 alias
602 671 723 742 Sarepta
739 669 785 725 Si·
842 671 954 727 decimo
972 671 1078 727 abhinc
1095 671 1231 726 milliario
1246 671 1276 726 in
1292 676 1376 744 portu
1392 671 1492 742 Solim,
1505 677 1590 746 portu
1606 674 1665 730 sci·

91 756 123 818 in
135 773 193 828 quo
204 757 353 829 quondam
365 755 508 813 habitavit
518 759 785 831 prophetaBomini
842 758 909 816 licat
930 759 1028 820 Sancti
1053 759 1208 823 Simeonis,
1225 759 1434 818 Mediterranea
1450 779 1480 818 se
1495 763 1570 818 mari
1585 779 1665 820 com-

77 845 119 902 iic
134 845 321 902 resuscitavit
336 845 428 902 tilium
445 847 550 911 viduae,
568 847 691 905 Joanam
706 849 785 903 vide·
841 849 970 905 mandat.
981 848 1143 905 Antiochia
1159 847 1253 922 primo
1268 848 1344 906 sedit
1354 855 1475 908 sanctus
1487 850 1666 925 Petrusapo·

77 935 181 1009 equod
204 934 293 991 uduo
317 935 491 1008 prophetam
516 936 631 991 Domini
661 937 785 1009 benigna
840 937 944 1003 stolus,
960 942 1072 1011 septem
1087 938 1185 1006 annis,
1201 937 1361 1010 pontificali
1386 940 1541 997 decoratus
1559 941 1662 998 infula.

77 1029 106 1082 at
119 1024 240 1097 paverit.
838 1028 880 1083 Ad
890 1026 1018 1083 radicem
1030 1025 1132 1082 Libani
1144 1031 1255 1084 Paneas
1266 1027 1367 1084 civitas
1384 1027 1441 1085 sita
1454 1034 1510 1096 est,
1522 1029 1594 1086 alias
1604 1033 1662 1086 Ga-

288 1130 402 1188 CAPUT
421 1131 455 1186 v,
839 1132 923 1172 saraa
936 1114 1062 1188 Philippi
1078 1115 1165 1172 dieta.

78 1221 222 1294 gemmus,
247 1221 405 1286 Damam,
437 1223 553 1293 Arpha,
583 1223 663 1289 pass,
692 1222 781 1290 gupa,
874 1210 963 1260 Parra
987 1204 1057 1259 item
1074 1204 1111 1259 ad
1133 1203 1260 1259 radicem
1286 1204 1388 1262 Libani
1412 1205 1547 1262 oriuntur
1569 1207 1663 1264 leret

77 1309 105 1360 u,
130 1293 263 1362 Naaman,
287 1308 365 1347 mans
392 1291 493 1348 Sciret
515 1295 624 1359 libani,
646 1297 784 1365 Porsoret
839 1294 911 1362 Bau,
928 1292 971 1348 illi
995 1293 1053 1348 duo
1078 1293 1173 1350 lantes
1188 1293 1224 1349 de
1239 1293 1356 1365 quibus,
1374 1297 1406 1350 ut
1421 1311 1512 1368 supra
1525 1294 1662 1352 memini-

77 1380 108 1420 Μ
121 1364 211 1447 {litiis
225 1369 332 1420 Fami
339 1363 486 1445 oppidum,
502 1367 560 1420 ΒΜ
580 1368 652 1436 [Otii
671 1365 781 1434 Malim,
839 1400 917 1450 mus,
934 1382 989 1439 snb
1005 1381 1156 1438 montibus
1173 1380 1279 1438 Galbae
1299 1382 1436 1440 iordanis
1459 1383 1622 1442 coniicitur.
1638 1387 1662 1440 A

77 1435 212 1501 mnda'
229 1438 381 1502 cmmm’
397 1436 493 1492 cedar·
838 1471 988 1528 montibus
1003 1470 1109 1527 Galbae
1124 1487 1217 1543 usque
1232 1471 1268 1526 ad
1284 1469 1381 1529 lacum
1393 1471 1565 1547 Asphaltitis
1577 1470 1661 1531 vallis

77 1577 81 1613 ι
105 1557 241 1615 milliario
261 1574 278 1613 a
298 1557 441 1631 Sarphen,
457 1559 546 1614 Sidon
570 1559 686 1633 egregia
705 1561 784 1632 jacet
838 1564 883 1617 est
897 1559 947 1616 illa
966 1575 1019 1633 per
1040 1575 1131 1631 quam
1156 1557 1267 1616 labitur
1288 1559 1661 1630 Jordan1s;ethecvallis

88 1663 124 1703 ex
139 1663 196 1718 quo
211 1647 294 1714 Bida,
312 1662 376 1718 quaa
401 1647 428 1702 in
456 1647 553 1703 Africa
575 1648 781 1723 Carthaginem
836 1653 966 1716 vocatur,
983 1649 1016 1704 ut
1039 1648 1178 1717 diximus,
1194 1647 1374 1722 praegrandis
1400 1666 1451 1706 seu
1475 1650 1659 1725 campestris,

79 1743 100 1802 t,
115 1733 249 1790 oriunda.
262 1735 347 1791 Sexto
363 1735 476 1791 docimo
492 1734 628 1793 milliario
645 1756 660 1792 a
676 1739 782 1795 Sidone
836 1755 900 1811 qua
912 1755 946 1794 ex
957 1741 1080 1810 utraque
1090 1742 1171 1809 parte
1186 1735 1312 1793 vallatur
1325 1737 1473 1795 continuis
1483 1738 1661 1798 montibusa

77 1842 82 1880 ι
106 1821 332 1895 opulentissima
356 1822 466 1880 civitas.
484 1825 516 1879 ln
532 1826 633 1898 Beryto
649 1827 781 1898 quaedam
838 1827 959 1896 Libano,
976 1826 1121 1898 usquead
1137 1826 1284 1882 desertum
1300 1825 1424 1883 Pharan.
1437 1826 1547 1884 Dividit
1560 1832 1658 1885 autem

77 1911 117 1969 ris
127 1910 219 1968 nostri
231 1911 337 1985 imago,
350 1911 428 1967 haud
446 1912 572 1969 multum
589 1920 655 1987 past
670 1917 781 1987 passio·
836 1914 1127 1972 iordanisGalilaeam
1138 1919 1167 1969 et
1175 1914 1343 1982 idumeam,
1356 1919 1385 1971 et
1394 1919 1502 1972 terram
1513 1917 1657 1985 Bostram,

76 2019 112 2068 rs,
123 2001 326 2073 aquibusdam
342 2001 451 2057 iudeis
466 2002 521 2057 sub
536 2002 670 2059 Crucissxi
686 2006 782 2080 effigie
836 2021 900 2077 qua
916 2010 945 2060 et
960 2004 1093 2059 Idumaea
1109 2003 1239 2059 secunda
1252 2002 1432 2076 metropolis.
1440 2004 1582 2063 Ceterum
1597 2005 1658 2063 Jor-

77 2088 154 2146 niase
164 2094 193 2144 et
204 2087 360 2144 ridiculose
370 2090 467 2160 posita
476 2091 649 2164 sanguinem
665 2094 782 2152 sudavit
836 2093 920 2149 danis
934 2093 1075 2149 demensio
1089 2092 1308 2164 interpretatur.

76 2196 106 2236 m
117 2195 124 2235 :
136 2195 200 2251 qua
211 2194 300 2234 causa
316 2177 370 2232 tuit
386 2183 419 2234 ut
435 2178 622 2236 Sidoniorum
638 2181 733 2248 multi,
750 2183 779 2239 in
871 2181 1041 2238 Fonticulus
1056 2181 1118 2235 Dan
1135 2180 1171 2235 ab
1187 2183 1252 2236 ortu
1269 2196 1321 2236 suo
1337 2181 1560 2238 subterraneum
1576 2183 1657 2241 ducit

77 2266 778 2344 laeumcrucifixumcredontes,sacrumbaptismi
834 2270 980 2344 gurgitem
991 2286 1080 2326 suum
1091 2285 1185 2340 usqua
1196 2269 1231 2323 ad
1243 2269 1358 2337 Medan,
1370 2269 1523 2342 planitiem
1533 2270 1613 2327 illam
1626 2271 1655 2327 in

77 2355 106 2412 m
120 2355 312 2427 susceperint.
328 2356 501 2429 Quicunque
529 2360 615 2414 etiam
642 2377 675 2415 ax
700 2360 779 2416 stilla
833 2378 901 2433 qua,
914 2356 1153 2429 adauctisaquis.
1165 2357 1237 2412 satis
1247 2359 1652 2430 patentersuumsoresamit-

77 2445 187 2518 uaginis
197 2445 329 2516 peruncti
342 2446 539 2514 t'uerunt,sani
554 2449 669 2516 tiebanl,
683 2469 778 2522 aqua-
831 2449 1000 2507 titalvaum.
1013 2446 1151 2501 Planities
1162 2450 1259 2503 autem
1275 2445 1325 2501 illa
1337 2445 1401 2503 ideo
1416 2447 1521 2504 Madau
1533 2453 1654 2507 vocatur

84 2534 289 2591 detinebantur
298 2532 477 2590 infirmitate.
490 2536 621 2608 Denique
632 2542 660 2594 et
669 2540 778 2611 Arphat
832 2557 865 2596 eo
876 2538 953 2611 quad
964 2536 1025 2591 Dan
1037 2538 1064 2590 et
1076 2532 1126 2590 illa
1141 2534 1256 2589 medius
1272 2534 1319 2589 sit.
1335 2535 1519 2592 sarracenica
1534 2537 1653 2609 quidem
1668 2526 1675 2538 ’

77 2622 245 2680 tBamasci.
261 2622 327 2678 lam
343 2622 438 2679 fusius
453 2624 488 2678 de
504 2625 656 2683 Damasco.
832 2631 917 2685 sanat
938 2625 1034 2699 platea
1058 2622 1108 2678 illa
1131 2624 1243 2690 Medon,
1260 2623 1360 2679 Latine
1375 2628 1473 2680 autam
1486 2624 1577 2698 platea
1586 2648 1597 2696 ‚·
1612 2627 1654 2684 io-

77 2729 154 2771 iscus
164 2716 209 2769 est
219 2715 307 2783 caput
319 2712 418 2784 Syria,
430 2716 458 2767 at
468 2718 623 2771 reverenda
636 2721 778 2791 matrapo
832 2735 897 2774 rum
907 2730 974 2771 vero
984 2716 1103 2768 vocatur
1116 2712 1229 2780 Medan,
1245 2727 1279 2767 eo
1303 2713 1380 2783 quad
1406 2712 1533 2771 intrante
1556 2720 1654 2774 estate

77 2819 99 2859 e.
116 2803 194 2857 Bane
209 2801 370 2856 construxit
390 2801 509 2869 Eliezer,
525 2820 625 2859 servus
643 2806 776 2881 Ababa,
831 2800 1057 2862 innumerabilis
1074 2800 1113 2856 ibi
1130 2799 1256 2872 papulus
1280 2817 1381 2857 secum
1408 2802 1508 2858 amnia
1521 2803 1654 2863 deferens

80 2889 130 2947 illa
144 2889 174 2944 in
189 2906 247 2961 quo
263 2888 333 2944 Cain
348 2889 533 2946 occiditAbel
544 2891 664 2949 tratrem
677 2912 775 2966 suum,
830 2893 945 2951 venalia
971 2888 1125 2957 convenit;
1141 2894 1169 2944 et
1198 2888 1318 2962 insuper
1345 2889 1450 2964 ingena
1478 2890 1653 2949 Barthorum

77 2995 131 3037 aum
151 2978 292 3034 habitavit
316 2979 392 3034 Esau
406 2997 413 3046 ;
429 2978 498 3035 hinc
514 2986 542 3035 et
557 2981 628 3055 Scyr
641 2989 671 3038 et
685 2985 775 3041 Edem
832 2979 1083 3059 [Parthorum‘ilet
1095 2978 1221 3034 Arabum
1232 2978 1390 3034 multitudo
1402 2979 1438 3035 ad
1449 2979 1591 3036 tuendum
1601 2998 1653 3054 po·

99 3083 167 3123 nam
197 3067 268 3138 Seyr
293 3067 408 3138 pilanus,
429 3074 457 3121 ct
481 3069 571 3124 Bdom
595 3071 704 3140 raeticus,
725 3091 775 3131 seu
831 3071 945 3147 pulum,
957 3073 986 3124 et
999 3068 1034 3124 ad
1051 3067 1212 3140 pascendos
1226 3083 1329 3140 greges
1344 3083 1414 3124 suas
1426 3067 1455 3123 in
1466 3067 1583 3139 pascuis
1594 3068 1654 3127 illis

77 3159 267 3229 terpretatur.
278 3156 321 3210 Ab
332 3156 422 3211 Edam
435 3160 494 3212 tota
504 3162 580 3213 tarra
594 3158 644 3215 illa
659 3143 813 3220 vocaturC
833 3179 884 3235 per
897 3163 989 3215 talam
1004 3158 1133 3211 estatem
1154 3155 1332 3211 demoratur.
1349 3155 1452 3211 Medon
1469 3156 1654 3230 componitur

77 3263 99 3315 ι;
112 3247 148 3302 da
162 3261 220 3317 qua
236 3245 264 3299 in
280 3244 393 3316 psalma
405 3262 411 3301 :
424 3248 455 3301 ln
469 3247 620 3304 idamaeam
634 3253 778 3309 arcendum
831 3270 865 3308 ex
879 3248 940 3304 med
954 3250 983 3302 at
998 3245 1063 3300 dore.
1078 3244 1153 3311 Med,
1170 3243 1332 3312 Sarrauice,
1347 3260 1419 3316 equa
1433 3262 1443 3299 .·
1456 3245 1524 3317 dan,
1539 3246 1650 3316 fluvius.

77 3342 168 3392 eutem
191 3351 292 3389 mareau.
309 3335 345 3389 Bt
373 3334 479 3389 iterum
507 3336 583 3392 atius
612 3341 776 3412 propheta:
831 3341 871 3395 Ex
887 3334 1026 3411 praedicta
1052 3331 1172 3404 planitie
1199 3332 1260 3388 Dan
1285 3349 1317 3388 se
1340 3332 1465 3390 reddens
1484 3333 1651 3391 induvium

77 3431 86 3481 t
108 3425 159 3480 iate
181 3426 230 3496 qul
252 3425 325 3479 uenit
348 3424 381 3478 de
395 3424 494 3491 lidum,
508 3428 601 3482 tinctis
615 3432 731 3486 vestibus
746 3431 778 3488 ale
832 3431 949 3486 Suelam
976 3439 1028 3480 seu
1053 3421 1165 3477 Suitam
1191 3426 1373 3495 peragratur,
1390 3421 1420 3477 in
1444 3438 1504 3495 qua
1524 3422 1652 3496 pyramis

79 3514 130 3570 Bet
143 3519 242 3568 autem
268 3512 304 3568 de
329 3512 419 3568 Bdom
443 3515 578 3585 quadam
603 3535 671 3589 pars
696 3524 777 3576 terra
831 3515 908 3575 beati
923 3512 977 3570 tab
993 3510 1089 3567 adhuc
1104 3510 1409 3584 superstesaregibus
1424 3509 1654 3584 algentibussa-

77 3618 138 3670 uss,
154 3618 188 3658 en
203 3618 262 3673 qua
272 3602 376 3657 beatus
390 3602 459 3669 lab3
472 3619 535 3674 quae
548 3610 576 3659 et
592 3606 692 3662 Suita:
710 3608 778 3665 hinc
831 3603 937 3663 lamnis
952 3600 1086 3657 habetur.

77 3689 151 3746 ictus
167 3689 267 3745 Baldat
282 3689 388 3745 Saites.
402 3690 432 3745 ln
445 3707 503 3760 qua
514 3696 543 3746 at
553 3693 665 3751 Thema
675 3701 778 3754 metro
867 3694 998 3766 Denique
1013 3691 1075 3746 Dan
1091 3694 1192 3747 contra
1213 3688 1362 3747 Galilaeam
1386 3689 1517 3765 gentium
1533 3708 1564 3748 se
1579 3689 1653 3747 obli·

77 3796 179 3836 ‚umere
192 3796 199 3846 ;
210 3795 244 3834 ex
254 3777 309 3833 hac
320 3778 431 3833 Thema
442 3778 560 3850 liliphaz
570 3781 776 3857 Thomanites;
832 3801 937 3859 quana,
954 3778 1009 3837 sub
1025 3779 1097 3835 urbe
1118 3778 1220 3845 Cedar,
1237 3795 1325 3852 penes
1339 3779 1524 3836 medicabilia
1537 3778 1652 3848 baluea,

77 3871 103 3926 et
113 3869 243 3925 Naaman
270 3866 410 3939 oppidum
429 3884 435 3922 :
453 3868 483 3923 in
500 3886 557 3940 quo
573 3872 685 3944 Saphar
700 3876 777 3933 Naa-
831 3872 943 3949 Spiucti
960 3868 1047 3943 plana
1070 3867 1247 3924 transfluens
1264 3868 1316 3924 Jor
1330 3867 1492 3942 copulatur.
1508 3869 1560 3926 Jar
1573 3868 1653 3925 haud

90 3975 98 4015 ε
114 3956 147 4015 hi
161 3962 220 4013 tres
235 3954 431 4013 consolatores
445 3957 511 4013 lob.
830 3964 916 4034 lange
932 3977 949 4015 a
963 3964 1075 4014 Paneas
1090 3955 1184 4012 lacum
1201 3955 1281 4013 illius
1297 3956 1351 4013 laei
1366 3957 1471 4027 reddit,
1484 3956 1655 4030 facitqueex

77 4062 169 4102 amaa
184 4045 304 4112 finibus,
319 4045 446 4100 seeundo
462 4044 626 4103 milliarios
640 4050 775 4122 iordane,
831 4069 881 4120 se,
899 4052 999 4122 postea
1011 4061 1091 4101 mare
1109 4044 1232 4100 Galilaea
1256 4045 1332 4101 inter
1355 4045 1541 4103 Bethsaidam
1558 4049 1586 4102 et
1600 4045 1653 4102 Ca-

77 4135 236 4207 lacab,quo
247 4134 561 4204 transvadalaatacob,
571 4153 639 4192 cum
650 4140 778 4198 redireta
831 4141 996 4215 pharnaum
1011 4152 1046 4190 ex
1060 4150 1093 4190 eo
1109 4134 1201 4191 sumit
1213 4134 1375 4190 exordium.
1391 4136 1415 4189 A
1430 4133 1584 4192 Bethsaida
1598 4138 1654 4191 Pe-

77 4224 175 4291 tamia,
186 4223 366 4279 luctatusest
376 4239 443 4278 cum
454 4223 567 4297 angelo,
579 4225 630 4297 qui
640 4227 777 4286 deindeei
831 4235 894 4286 trus
910 4230 939 4283 et
952 4225 1090 4290 Joannes,
1107 4224 1236 4279 Andreas
1251 4229 1279 4279 et
1293 4224 1420 4280 lacobus
1434 4223 1546 4296 Alphei.

87 4313 177 4370 Jacob
203 4312 327 4367 mutavit
341 4311 371 4366 in
387 4312 488 4381 lsrael,
504 4330 630 4386 eumque
644 4320 721 4373 taeta
737 4318 777 4376 se·
867 4317 952 4373 Sexta
966 4309 1102 4368 milliaria
1117 4327 1134 4366 a
1149 4309 1305 4367 Bethsaida
1319 4315 1363 4366 est
1378 4311 1535 4378 corozaim,
1551 4310 1581 4365 in
1597 4326 1656 4383 qua

79 4402 215 4459 audicara
230 4401 307 4457 iecit.
325 4402 357 4457 ln
373 4401 501 4457 ldumaea
526 4420 610 4458 mons
625 4406 704 4479 Sayr,
722 4406 777 4463 sub
830 4401 1029 4462 Antichristus
1040 4399 1176 4456 seductor
1190 4399 1268 4455 orbis
1282 4399 1437 4456 nutrietur.
1453 4399 1493 4455 oe
1507 4397 1655 4454 Gorazaim

77 4508 202 4548 museus.
217 4490 351 4546 Secunda
377 4488 513 4546 milliario
538 4508 555 4546 a
579 4492 720 4550 Damasco
735 4500 779 4552 est
794 4511 816 4576 Ι)
832 4497 860 4550 at
874 4488 1032 4547 Bethsaida
1047 4486 1087 4542 ait
1101 4487 1186 4542 lesus
1203 4501 1209 4539 ε
1229 4492 1275 4544 Vre
1290 4488 1351 4555 tibi,
1371 4486 1511 4543 Caromim
1521 4492 1531 4542 t
1541 4484 1654 4554 aaeuti,

77 4580 130 4638 »ilia
160 4580 242 4637 locus
265 4579 320 4635 iste
342 4580 372 4634 in
397 4596 454 4651 quo
471 4580 567 4647 Saule,
585 4585 778 4654 posteadicto
833 4577 998 4638 Bethsaida!
1014 4577 1099 4632 Sexto
1128 4573 1265 4631 milliario
1286 4593 1303 4631 a
1321 4574 1470 4632 Carazaim
1495 4576 1539 4629 ost
1564 4572 1657 4629 Cadur

77 4668 202 4726 {hristus
215 4668 350 4741 apparuit
365 4668 587 4737 diocesariae,
605 4671 696 4741 Saule,
713 4674 779 4746 qaid
833 4665 1076 4726 excellentissima
1100 4663 1212 4735 civitas,
1228 4665 1263 4719 de
1287 4681 1346 4736 qua
1364 4663 1395 4720 in
1411 4661 1484 4735 psal.
1503 4678 1509 4716 ε
1526 4661 1657 4718 natiuae·

77 4758 204 4831 egueris?
222 4759 252 4813 In
269 4774 327 4829 qno
343 4755 404 4812 loco
420 4756 541 4811 Saulum
557 4775 614 4814 non
631 4762 779 4820 modicum
833 4775 895 4814 cum
910 4755 1098 4813 habitantibus
1114 4753 1209 4810 Cadur.
1221 4750 1657 4824 AliasCedarinterpretaturia

77 4847 104 4902 le
115 4845 194 4902 coelis
203 4844 407 4901 circumfulsit.
420 4849 451 4898 ln
464 4845 615 4903 Baimaseo
624 4849 781 4922 baptizavit
835 4847 962 4904 leuctris.

77 4935 236 5002 ;Ananias,
254 4951 359 4990 nomen
385 4933 410 4988 ei
434 4936 537 4990 Pindus
560 4936 724 5008 imponens.
744 4943 781 4997 Be
1154 4931 1264 4988 CAPUT
1288 4931 1335 4987 Vl·

77 5024 197 5080 lamasci
208 5023 356 5079 demissus
368 5021 421 5076 init
432 5021 549 5090 Paulus,
561 5031 780 5095 persecutorum
836 5007 1049 5134 θαέἕῑαὶῗηωῧηὺ
1060 5003 1134 5130 ἰῖξέδ
1144 4999 1658 5130 ἔὲωδῖεῑιΜαῗάἒέῖΜ’ῃῖἔΖῖῗοᾌξῖ

83 5112 204 5213 vedius‘
536 5202 540 5211 .
604 5203 609 5213 ,
729 5205 763 5216 ,,
869 5092 1133 5229 oiisiiiis‚⁰'iiced,
1158 5092 1505 5218 Jeshiii'fieiemfmoes
1519 5114 1654 5226 Offeouie³

77 5218 124 5259 rus
152 5205 360 5275 mterprctatur
385 5200 631 5265 candor,h1nc1n
655 5203 781 5261 Cautrcrs
870 5223 1077 5287 mmmm
1101 5217 1184 5286 sum,
1216 5235 1327 5292 quercus
1356 5217 1449 5288 Roget,
1477 5215 1558 5272 valta
1580 5215 1656 5271 ,tosa-

77 5289 189 5348 Venide
205 5294 319 5359 Libo-ua,
345 5289 469 5347 calutate
495 5306 565 5346 meo.
587 5292 629 5346 Ad
655 5292 781 5350 radicem
868 5292 945 5364 phet.

81 5378 184 5436 hibeni
196 5379 331 5436 oriuntur
342 5379 442 5435 Farlar
457 5379 625 5448 etAbhanu,
638 5381 717 5437 ssavii
728 5382 781 5438 Da·
870 5379 1074 5453 Capharnaum
1090 5376 1120 5433 in
1137 5377 1254 5435 dextera
1275 5379 1367 5436 maris
1386 5376 1488 5436 civitas
1504 5374 1555 5432 illa
1569 5376 1613 5430 ast
1627 5372 1658 5430 iu

77 5467 133 5525 Sed
161 5474 276 5525 mantes
301 5467 404 5525 Libani
428 5472 456 5522 et
478 5467 615 5540 planitias
632 5470 781 5528 Archados
835 5487 894 5546 qua
907 5469 994 5527 lasus
1008 5465 1103 5521 filium
1119 5467 1298 5526 centurionis
1309 5469 1433 5537 sanavit,
1444 5467 1480 5524 de
1489 5481 1547 5539 qua
1558 5467 1587 5518 et
1595 5461 1660 5535 ipae

77 5554 107 5622 tit
119 5557 251 5629 Abbana,
263 5574 369 5636 magno
384 5557 500 5622 semari
515 5556 656 5637 copulans
672 5559 781 5626 finibus
835 5559 876 5643 ait
891 5574 898 5619 ε
914 5557 975 5619 lieu
997 5557 1093 5618 iuveni
1116 5563 1222 5618 tautam
1243 5557 1325 5637 fidem
1340 5560 1372 5619 ia
1384 5558 1478 5619 leuel.
1495 5549 1659 5614 1nciviute
