3816 6006
115 227 187 300 483·
369 225 421 314 ᾼΒ
443 223 701 290 oouuuuluuu
724 224 894 288 APPEND.
918 221 1184 288 11.-mouuu.
1208 224 1260 286 Illi
1280 223 1406 287 BELLO
1428 223 1567 288 SACRO.
1757 224 1817 289 481

115 375 168 434 per
181 357 470 427 casaromaniana
484 355 672 433 scripturam,
684 357 938 426 donamus,dona-
952 359 981 426 Α
995 355 1143 431 Lupellus,
1156 355 1186 412 iu
1197 355 1261 429 ripa
1272 355 1421 413 Meduana
1429 359 1580 430 pratorum
1590 371 1736 431 arpennos
1746 356 1818 415 duc-

114 452 238 523 tumque
249 446 279 504 in
295 442 467 523 perpetuum
480 447 691 505 essevolumus
701 446 833 504 coenobio
844 447 939 503 sancti
992 447 1098 504 decim.
1116 446 1187 504 Item
1208 446 1286 520 apud
1308 445 1406 502 villam
1424 445 1591 516 lanariam,
1607 446 1683 503 inter
1706 445 1816 505 saltum

114 537 227 600 Nicolai
241 541 270 596 et
281 537 501 614 congregationi
519 536 728 594 monachorum
745 535 819 592 inihi
835 534 939 610 degen·
992 535 1109 609 Captis,
1126 539 1234 592 terram
1259 537 1295 593 ad
1312 535 1467 594 stationem
1483 536 1650 594 modiorum
1663 534 1765 593 trium.
1783 535 1815 592 In

112 626 189 686 tium
205 627 241 686 de
256 626 393 685 facultate
409 631 528 697 nostra;
545 625 600 683 hoc
613 630 668 694 est,
680 625 710 681 in
721 625 875 700 andegavo
890 642 938 698 pa·
990 629 1069 682 terra
1083 626 1177 682 sancti
1192 623 1279 696 Petri,
1296 624 1448 682 vinearum
1464 642 1611 702 arpennos
1626 624 1762 683 undecim
1778 625 1815 684 ad

113 731 161 791 go,
177 732 236 773 uon
251 715 500 791 longeaciuitate,
511 719 619 772 terram
631 733 694 790 quaa
709 715 819 771 dicitur
834 715 870 771 ad
886 717 937 771 hc·
991 731 1112 771 censum
1127 718 1156 772 et
1170 715 1326 772 decimam.

113 804 237 863 cisarias
251 809 341 863 totam
358 805 470 880 integre
484 809 513 862 et
527 805 634 878 quiete,
651 804 739 862 sicuti
754 821 818 861 eam
838 805 875 860 ab
892 804 938 861 al·
1026 804 1150 879 Signum
1166 807 1180 872 †
1198 803 1391 861 firmitudinis
1405 803 1539 861 acomite
1553 803 1708 863 Gauil'redo
1723 821 1813 861 manu

112 894 211 953 herico
226 894 375 951 dominico
390 893 466 951 vallo
482 898 582 952 nostro
597 894 729 962 Quidone
743 893 836 951 sancti
854 894 937 950 Mau·
991 893 1409 968 propriajimpositumllujus
1419 897 1517 951 antem
1533 892 1752 952 constitutionis
1762 911 1813 952 seu

113 983 174 1041 ritii
190 984 332 1040 edituum
346 983 487 1053 tenuisse,
500 981 937 1056 nosqucaVuidonetheaauru-
990 983 1158 1039 donationis
1173 983 1332 1040 auctoritas
1348 986 1380 1039 ut
1395 983 1424 1038 in
1440 983 1489 1040 Dei
1507 984 1636 1052 nominc,
1647 1000 1700 1057 per
1713 999 1813 1039 succc-

112 1071 156 1131 rio
164 1072 394 1147 perconcambia
404 1075 600 1130 commutasse
611 1075 734 1129 constat.
747 1071 935 1130 Donamusin
990 1070 1813 1146 dentiatempora‚srrmioremobstineatrememoratiouis

111 1160 170 1218 alio
184 1160 248 1219 loco
259 1162 345 1235 juxta
359 1161 583 1230 monasterium,
605 1161 790 1218 interfluente
804 1164 935 1217 tantum·
988 1165 1017 1218 et
1032 1162 1262 1219 conservationis
1284 1162 1425 1235 vigorem,
1442 1161 1580 1218 munibus
1603 1161 1732 1237 propriis
1747 1177 1812 1218 eam

111 1249 199 1309 modo
209 1249 298 1308 fluvio
308 1248 464 1320 Brionello,
476 1249 598 1308 deterre
608 1248 712 1307 arabili
727 1250 762 1307 ad
779 1250 935 1307 stationem
990 1250 1074 1325 signo
1085 1252 1181 1308 erucis
1193 1246 1663 1326 insignivimusetlidelesnostros
1674 1249 1812 1307 roborare

110 1338 278 1397 modiorum
292 1338 448 1396 duodecim
463 1355 470 1398 :
488 1343 517 1396 et
531 1339 562 1395 in
578 1356 613 1396 ea
626 1338 838 1413 viridegarium
852 1344 882 1396 et
895 1340 936 1395 vi-
989 1339 1168 1413 rogavimus.

110 1445 233 1488 aearum
247 1445 393 1504 arpennos
408 1427 684 1487 duos.1teminloco
700 1427 749 1501 qui
766 1427 936 1485 nominatur

107 1632 1812 1668 Μ

561 1781 849 1871 RAIMUNDI
883 1781 955 1868 DE
991 1778 1352 1871 CURAMONTA

258 1959 374 2024 Charta
388 1977 453 2042 qus
466 1957 715 2041 hierosolymam
732 1957 943 2054 proficiscens,
962 1957 1081 2100 praedia
1095 1957 1241 2040 quadam
1258 1957 1421 2022 monachis
1435 1957 1656 2023 Tutelenslbus

854 2057 1033 2120 rmprgnora
1052 2084 1059 2099 .

809 2197 884 2280 (An
895 2217 945 2261 no
975 2199 989 2261 l
1002 2199 1110 2280 096.)

673 2360 788 2434 (Batus.
804 2359 925 2416 historio
942 2357 1098 2429 laetania,
1116 2377 1144 2433 p.
1161 2360 1236 2434 ill.)

138 2680 278 2743 Norerint
284 2683 442 2758 presentes
449 2685 479 2740 et
487 2680 579 2738 luturl
590 2681 668 2756 quod
679 2697 731 2757 ego
743 2680 928 2740 Raimundus
942 2683 967 2752 Β
981 2682 1070 2740 terale
1080 2699 1235 2757 meamque
1246 2688 1357 2742 turrem
1370 2688 1399 2742 et
1409 2683 1482 2743 ullas
1492 2683 1608 2761 domos,
1619 2689 1673 2746 etc.
1685 2686 1745 2746 Hoc
1755 2705 1806 2748 au·

103 2771 141 2829 ds
155 2769 344 2838 curamonta,
359 2770 477 2844 quando
491 2768 570 2827 volui
592 2787 712 2845 pergere
735 2770 927 2846 lerosolymis
981 2774 1039 2829 tem
1055 2773 1163 2830 lactum
1193 2777 1237 2830 est
1266 2790 1343 2830 anno
1372 2774 1516 2832 incarnati
1530 2774 1618 2834 Verbi
1634 2776 1714 2848 tusc,
1730 2776 1805 2835 indi·

102 2859 926 2935 cumltaimundovicecomiteTorenncnse,impignorari
980 2861 1076 2918 ctione
1088 2879 1124 2931 ιν,
1136 2879 1213 2919 auno
1228 2863 1418 2936 pontificatus
1428 2863 1529 2921 domni
1545 2863 1654 2923 Urbani
1669 2882 1752 2940 papa
1762 2883 1806 2926 se·

102 2946 202 3006 abbati
217 2948 367 3007 Willelmo
388 2948 600 3022 monachisque
615 2949 822 3007 'tutelensibus
837 2967 926 3024 quar·
980 2951 1068 3007 cundi
1085 2954 1195 3021 octavo,
1212 2950 1346 3025 Philippo
1362 2969 1428 3026 rege
1454 2958 1603 3028 regnante,
1619 2954 1805 3023 Lemovicipa

101 3039 162 3096 tam
176 3041 290 3112 partem
309 3038 436 3096 ecclesis
451 3038 487 3095 de
503 3038 671 3110 Branceliis,
688 3038 822 3096 videlicet
836 3056 925 3113 quar·
981 3040 1050 3097 sede
1064 3041 1201 3114 episcopo
1216 3045 1342 3112 carente,
1357 3040 1506 3101 Willelmo
1520 3044 1624 3101 abbate
1639 3042 1805 3105 'tutelensis

100 3129 163 3186 tam
177 3131 291 3203 partem
306 3126 411 3186 decimi
425 3130 455 3185 et
468 3126 637 3203 proferentii
652 3133 681 3185 et
695 3128 791 3185 fevum
807 3130 926 3204 preshy—
981 3128 1152 3188 monasterii
1168 3128 1345 3203 pastoralem
1360 3148 1462 3190 curam
1476 3138 1590 3208 agente.

101 3334 1804 3373 m

528 3506 807 3596 RAIMUNDI
839 3505 1075 3596 ‹lOMlTls
1112 3510 1159 3598 s.
1188 3509 1378 3597 AEGIDII

858 3687 1044 3760 nrrnoua

394 3861 441 3925 De
454 3859 612 3924 donatione
625 3860 787 3925 medietatis
803 3861 884 3924 cille
900 3861 1025 3926 Gidellet
1038 3863 1122 3944 foeta
1137 3863 1172 3928 S.
1194 3863 1309 3928 Victori
1319 3865 1505 3930 Massiliensi.

839 4021 941 4106 (Anno
959 4021 1063 4106 1103.)

76 4252 77 4257 η
168 4180 277 4259 (ltdidit
292 4179 441 4253 Mamas,
457 4181 541 4258 ampl.
556 4182 680 4255 collect,
697 4180 720 4254 1,
734 4182 799 4240 600.
815 4182 856 4240 Ex
870 4181 996 4242 archivis
1011 4183 1039 4242 S.
1055 4183 1182 4243 Victoris
1196 4183 1392 4244 Massiliensis
1407 4185 1482 4244 eruit
1496 4186 1530 4246 D.
1547 4188 1731 4262 humerius.)

133 4506 165 4570 in
176 4506 295 4567 nomine
304 4511 413 4567 sancte
423 4512 451 4566 et
461 4506 619 4565 individue
634 4507 797 4576 Trinitatis,
813 4525 866 4583 ego
880 4511 920 4580 (l)
935 4511 957 4581 c
976 4510 1128 4585 unigenito
1142 4510 1193 4568 Dei
1205 4509 1288 4581 Filio,
1300 4512 1424 4586 ejusque
1437 4513 1597 4571 venerabili
1608 4515 1697 4574 matri
1707 4515 1801 4574 sua·

97 4595 281 4666 Ruwunns,
292 4599 388 4672 gratia
398 4598 449 4656 Dei
460 4597 490 4664 S,
501 4595 604 4671 AEgidii
615 4613 714 4655 comes
724 4601 753 4655 et
762 4598 920 4656 Provincia
975 4600 1035 4667 rire,
1052 4615 1164 4657 necnon
1180 4600 1317 4673 pretiosis
1340 4601 1521 4674 martyribus
1543 4601 1653 4660 Victori
1668 4607 1697 4660 et
1710 4605 1801 4663 sociis

96 4685 238 4756 marchio,
256 4686 394 4760 princeps
420 4689 531 4755 numm,
547 4685 605 4742 Deo
620 4685 790 4756 auxiliante,
806 4685 919 4743 militiae
974 4688 1179 4762 ejus,aliisque
1189 4705 1315 4762 quorum
1326 4687 1545 4765 reliquiaapnd
1555 4691 1727 4751 honorabile
1737 4711 1801 4752 mo·

95 4772 269 4834 Christiane
284 4775 316 4831 in
330 4774 595 4850 hierosolymitano
605 4775 720 4841 itinere,
730 4775 920 4832 considerans
974 4777 1137 4834 nasterium
1153 4775 1335 4835 Massiliense
1351 4777 1382 4833 in
1397 4778 1513 4837 Christo
1528 4780 1728 4854 requiescunt,
1737 4799 1800 4840 me-

95 4865 281 4936 peccatorum
296 4879 429 4920 meorum
444 4863 670 4934 immanitatem,
682 4869 769 4938 atque
780 4865 920 4938 parvissi·
973 4865 1110 4921 dietatem
1125 4865 1252 4923 civitatis
1267 4883 1331 4940 qua
1345 4871 1465 4924 vocatur
1480 4868 1614 4938 Gibellet,
1625 4887 1691 4944 qua
1710 4871 1799 4929 etiam

95 4965 152 5008 mes
161 4966 226 5023 quas
236 4966 352 5010 mecum
366 4956 411 5009 est
424 4951 665 5024 Christianitatis,
677 4969 730 5028 pro
739 4953 864 5010 diversis
873 4969 920 5009 ex·
971 4952 1004 5011 in
1014 4952 1110 5010 littore
1119 4955 1210 5011 maris
1221 4954 1330 5029 Magni,
1342 4953 1410 5012 altis
1424 4958 1529 5024 muris,
1540 4957 1695 5033 firmisque
1708 4960 1800 5016 turri·

95 5038 228 5096 cassibus
234 5037 612 5109 imbecillitatem,instante
622 5040 711 5098 etiam
722 5041 919 5113 omnibusque
973 5041 1029 5098 bus
1044 5040 1158 5098 munita
1173 5042 1249 5099 inter
1263 5042 1407 5118 Tripolim
1422 5049 1452 5101 et
1465 5047 1607 5119 beritum,
1620 5051 1651 5104 et
1663 5047 1798 5105 omnium

95 5126 193 5185 modis
204 5127 381 5201 inquirente,
388 5127 561 5205 laboresque
571 5147 641 5188 suos
651 5133 680 5187 et
689 5129 918 5187 sollicitudinem
972 5131 1009 5187 ad
1024 5146 1089 5189 eam
1105 5133 1181 5187 mari
1196 5136 1226 5189 et
1238 5135 1317 5189 terra
1331 5134 1553 5206 pertinentium,
1563 5135 1739 5194 videlicetin
1755 5154 1799 5194 ec·

96 5215 203 5274 inmeo
223 5217 342 5274 servitio
356 5218 537 5291 expendente
551 5218 659 5275 domno
674 5218 819 5275 Richardo
835 5219 865 5275 S.
882 5219 916 5276 a.
972 5218 1082 5288 clesiis,
1094 5220 1182 5289 villis,
1199 5221 1338 5290 castellis,
1354 5223 1511 5291 casahhus,
1522 5225 1609 5283 terris
1619 5226 1747 5284 cultiset
1757 5228 1800 5283 in·

95 5304 129 5362 E.
143 5304 286 5363 cardinali
301 5311 330 5363 et
346 5304 512 5364 Massilensi
527 5306 641 5373 abbate,
653 5306 730 5363 dono
745 5310 773 5363 et
792 5306 917 5364 concedo
973 5307 1081 5378 cultis;
1097 5308 1127 5364 in
1138 5314 1235 5383 portu,
1251 5326 1285 5366 ac
1299 5311 1473 5386 naufragiis,
1485 5313 1544 5370 sice
1559 5314 1590 5370 in
1605 5316 1720 5374 cunctis
1735 5316 1798 5374 uhi·

130 5429 171 5513 (l)
186 5427 266 5487 lianc
289 5429 420 5487 chartam
440 5429 533 5488 edidit
548 5429 685 5488 Bnluzius
701 5431 731 5488 in
747 5430 809 5488 suis
822 5430 859 5487 ad
872 5430 918 5489 lli·
971 5435 1137 5489 truncatam
1152 5437 1180 5492 et
1193 5432 1409 5512 interpolatam,
1425 5442 1459 5495 ut
1473 5439 1638 5501 necessario
1651 5440 1741 5503 aaut
1751 5456 1797 5505 re·

95 5500 218 5569 stanam
233 5500 511 5571 domushrcernica
526 5502 762 5585 probationibus,
778 5503 829 5565 sed
845 5503 917 5563 adeo
972 5504 1116 5565 cudenda.
