3816 6006
565 321 753 405 HOMlLlAE.
769 322 860 427 ‘ru'
883 322 935 385 DD
949 322 1136 423 ‚S'li‘NCTID
1618 322 1698 443 {499

77 496 81 522 ,
98 452 190 511 aciem
200 471 283 511 suam
292 452 390 526 potius
400 453 555 531 invenisse,
566 471 655 527 quam
671 454 740 511 illuc
751 472 815 511 eam
830 457 858 524 Α
872 456 911 512 cit
926 454 1067 513 Dominus
1083 473 1141 513 non
1162 456 1266 539 bonos,
1292 457 1343 514 sed
1359 456 1463 527 malos,
1491 399 1696 541 resurgeieQid

77 544 164 623 inisse
180 543 256 615 quod
274 546 365 616 putet.
383 543 436 599 Per
450 560 539 616 quam
551 543 743 617 intelligimus
758 545 815 600 Deo
867 545 1037 618 judicium?
1051 547 1197 612 (taeniam¹
1210 547 1321 603 sanctis
1336 546 1399 604 sui's'
1415 533 1629 621 supra‘lne'rtta
1641 535 1696 607 stis

77 631 151 689 'sicile
167 649 231 689 esse
246 649 427 705 quecunque
438 633 661 706 recentiaquam
676 633 815 690 diuturno
870 635 1068 692 accumulabit
1083 633 1222 709 gloriam3
1239 635 1327 692 malis
1340 653 1408 693 vero
1419 636 1536 694 nonnisi
1542 623 1696 710 tartaros

77 738 123 778 ore
133 720 576 795 delapsacadaversosusoitoro.
587 722 692 788 Quales
701 740 816 795 quoque
870 725 927 779 rita
941 725 1122 796 adiudicabit
1137 742 1263 799 pmnam.
1281 725 1336 783 Sed
1353 712 1694 794 dicetis.'0uo'1iiodd''i‘o·

77 810 646 882 onumentisprocedent,ostenditidem
660 812 815 885 Apostolus
870 814 953 887 probi
975 815 1137 871 secundum
1160 816 1265 872 merita
1281 833 1335 872 sua
1353 802 1584 888 judicabuntur?
1599 802 1694 884 ouidi

78 916 107 957 s:
137 898 255 955 «Ganet
279 899 356 955 onim
381 901 462 968 tuba,
487 904 514 955 et
530 901 638 956 mortui
662 905 816 974 resurgent
870 920 922 976 pro
938 919 971 959 eo
987 905 1064 976 quod
1086 891 1278 977 peccaverunt
1300 903 1500 977 temporaliter
1515 891 1694 963 e't‘m‘oms'n'·

77 987 152 1062 rupti
167 987 191 1058 (l
205 987 265 1044 Cor.
291 988 348 1061 xv),
367 1011 381 1038 »
397 988 425 1044 id
442 993 485 1044 est
501 990 604 1062 integri
631 991 771 1045 membris
787 995 816 1046 et
869 996 965 1060 tanea,
981 992 1044 1049 sino
1059 991 1117 1048 fine
1130 992 1308 1066 punientur?
1321 993 1440 1050 lustum
1456 992 1590 1049 estenim
1602 994 1693 1068 utqui

77 1076 184 1145 tricies,
199 1081 259 1133 tam
276 1077 344 1133 boni
360 1094 450 1149 quam
466 1077 546 1133 muli.
564 1078 618 1134 Sed
635 1083 733 1135 tamen
745 1079 815 1135 mali
870 1082 959 1137 finem
974 1097 1033 1137 uon
1056 1082 1188 1137 focerunt
1212 1086 1330 1155 peccato
1346 1099 1410 1149 suo,
1426 1082 1515 1138 finem
1540 1090 1599 1138 nod
1612 1082 1694 1140 inae·

77 1165 112 1224 er⁴
121 1170 207 1222 crunt
220 1165 376 1239 passibiles
391 1171 420 1223 et
435 1167 470 1222 ad
480 1167 653 1225 acerbitates
664 1185 815 1241 poenarum
870 1171 953 1227 nient
975 1169 1006 1226 ia
1030 1174 1186 1227 tormento.
1207 1171 1267 1238 -Qui
1291 1171 1369 1226 enim
1395 1171 1425 1226 in
1439 1170 1529 1244 hujus
1541 1158 1693 1228 alieub-

77 1272 111 1335 er
124 1255 370 1321 recrudescentes,
387 1273 439 1312 noe
453 1256 526 1311 mori
537 1256 676 1313 valentes.
692 1256 816 1313 Polesto-
869 1260 957 1317 vitate
972 1275 1092 1334 peecare
1102 1276 1160 1315 non
1172 1259 1288 1327 desinit,
1298 1258 1391 1316 multo
1400 1246 1497 1334 magis
1505 1259 1529 1316 si
1539 1264 1694 1334 semperss

77 1343 504 1418 quoqueremunerandibonos
519 1349 547 1400 et
562 1344 694 1402 malosso
709 1345 815 1402 habere
869 1348 917 1404 hio
931 1347 1077 1405 victurum
1094 1351 1220 1422 putaret,
1236 1364 1389 1421 nunquam
1405 1340 1525 1422 peccare
1535 1336 1690 1406 desilierat.

79 1433 132 1510 dit,
148 1450 214 1489 cum
227 1434 342 1509 subdit,
359 1434 436 1506 quod
447 1434 482 1488 ad
494 1435 664 1505 ejusvocem
674 1435 818 1507 procedent
870 1437 952 1494 Unde
968 1438 1080 1505 merito,
1097 1437 1148 1510 qui
1164 1453 1281 1510 semper
1296 1441 1359 1494 erat
1373 1430 1562 1511 peccaturos,
1577 1427 1694 1511 'semper

77 1538 125 1579 mo
146 1525 270 1595 fecerunt
288 1525 319 1579 ia
343 1525 569 1579 resurrectionem
591 1526 670 1589 vitea·
692 1524 815 1596 petivere
870 1531 931 1583 erut
946 1525 1085 1582 luiturus.
1100 1526 1265 1600 Propterea,
1282 1527 1387 1584 iratres
1401 1526 1471 1594 mei,
1482 1512 1694 1584 autfihehinb-

81 1629 112 1668 aa
127 1614 352 1668 resurrectionem
362 1612 475 1683 judicii,
492 1611 521 1667 id
537 1616 583 1668 est
604 1613 813 1669 damnationis.
870 1619 975 1682 strum,
1001 1615 1089 1670 finem
1116 1613 1201 1671 malis
1224 1614 1426 1671 voluntatibus
1441 1619 1469 1672 et
1493 1603 1693 1689 ioldptdtffius

77 1706 155 1775 rgent
170 1701 277 1773 quippe
293 1717 405 1768 omnes,
422 1707 483 1757 tom
500 1701 568 1756 honi
583 1719 671 1774 quam
687 1701 766 1770 mali,
784 1707 816 1758 ut
870 1702 979 1759 nostris
995 1719 1150 1775 ponamus.
1167 1704 1242 1759 Dum
1259 1692 1430 1760 licetmores
1442 1691 1693 1779 nostros'co'rrigd·

82 1806 147 1864 quae
163 1790 293 1846 lecerunt
307 1789 465 1862 incorpore
476 1790 660 1859 otinanima,
673 1791 816 1863 recipiant
871 1810 947 1860 mus,
962 1797 1085 1848 mortem
1102 1797 1233 1849 nostram
1249 1798 1315 1849 ante
1331 1780 1432 1850 oculos
1447 1781 1564 1850 uos'l'ros
1576 1790 1694 1868 semper

77 1878 127 1937 {ter
142 1879 171 1934 in
187 1879 286 1935 anima
301 1883 330 1935 et
346 1880 376 1934 in
398 1896 526 1952 corpore.
545 1879 579 1935 Mt
594 1881 670 1936 bona
693 1881 813 1953 quidem
869 1882 1042 1952 habeamus,
1053 1897 1141 1954 quam
1152 1871 1694 1956 terribilisveniatsumm'usjddei'cb

77 1971 123 2051 ant
137 1968 187 2041 qui
204 1968 281 2023 bona
306 1983 394 2040 opera
419 1973 529 2023 etcum
555 1969 715 2026 intentione
740 1970 816 2026 bena
869 1971 1007 2044 gitomus,
1024 1969 1155 2026 maculas
1169 1975 1355 2043 peccatorum
1369 1959 1541 2028 nostrorum
1554 1963 1692 2055 lacryinis

77 2046 103 2113 'oi
119 2055 334 2130 perseverantia
348 2057 546 2129 perfecerunt;
562 2058 714 2114 malavero
729 2075 817 2130 opera
870 2057 1048 2130 peonitentiae
1064 2047 1225 2125 diluamus,
1241 2047 1380 2130 operibus
1400 2047 1693 2115 misericordiosissi-

77 2148 134 2215 ιιι),
151 2145 201 2221 qui
216 2144 294 2202 mala
309 2162 406 2218 opera,
417 2146 461 2202 vol
471 2147 623 2202 bonarum
636 2147 714 2203 mula
724 2146 817 2203 inten-
871 2150 997 2215 stamus,
1012 2149 1158 2218 quatenus
1174 2145 1203 2201 in
1219 2144 1270 2202 illo
1285 2145 1438 2202 tremendo
1449 2135 1693 2218 jddlci'o'mideri·

77 2235 816 2310 ,uelsinepersevernntia,fecerunt.Sedoumtam
872 2235 1001 2292 cordiam
1017 2232 1156 2306 consequi
1173 2249 1348 2291 mereamur.
1363 2227 1489 2291 Amen.''
1567 2224 1572 2255 ²
1624 2224 1653 2259 '¹'

77 2342 166 2411 quam
184 2324 253 2381 mali
270 2324 460 2398 adjudicium
472 2324 667 2392 sintventuri‚
680 2324 819 2398 quarcdi·
1301 2331 1303 2335 ’

811 2558 883 2660 ll.

418 2740 761 2830 HOMILIAE
807 2742 893 2826 Dtt
937 2741 1266 2830 SANCTIS.

558 3042 603 3098 DE
624 3040 817 3098 thDS'l'DLlS
837 3040 895 3111 (DX
909 3041 943 3098 G.
963 3040 1128 3107 VICELIO).

77 3168 200 3237 ucnymi
224 3168 330 3223 horum
358 3169 577 3240 suntquatuor‚
603 3165 738 3223 videlicet
762 3167 900 3235 Andreas,
925 3166 1063 3233 loannes,
1089 3165 1242 3239 Philippus
1265 3170 1295 3223 et
1316 3162 1556 3223 Bartholomoeus.
1582 3162 1699 3238 Reliqui

77 3257 100 3297 ts
124 3246 194 3296 sunt
217 3240 261 3296 vel
286 3239 435 3311 dinonpmi
457 3237 502 3293 vel
527 3238 696 3311 trinonymi.
722 3237 889 3311 Diaonymi,
914 3238 1041 3293 lacobus
1064 3237 1167 3310 Major,
1193 3237 1243 3310 qui
1271 3238 1349 3294 idem
1374 3237 1482 3294 dicitur
1505 3235 1586 3293 illius
1609 3232 1698 3293 Zebe-

78 3311 188 3381 (Mcttb.
214 3328 248 3377 x;
272 3309 356 3365 Marc.
383 3313 442 3377 ur);
465 3310 592 3365 lacobus
618 3309 721 3375 Minor,
747 3308 798 3380 qui
827 3309 904 3365 idern
933 3308 1040 3365 dicitur
1056 3309 1134 3364 lilius
1157 3309 1267 3382 Alphei
1289 3309 1393 3377 (Metti.
1409 3325 1440 3364 x·
1466 3307 1547 3364 liare.
1573 3309 1697 3377 11i3httc.

77 3390 114 3439 ct.
130 3384 160 3454 1).
178 3381 333 3437 Dicebatur
358 3380 434 3435 idem
458 3381 572 3447 iustus,
599 3386 626 3436 et
641 3379 734 3453 Oplia,
751 3379 780 3436 id
804 3385 849 3436 est
863 3389 1018 3437 crinatcrc.
1041 3380 1196 3436 Matthaeus
1221 3379 1272 3452 qui
1293 3381 1387 3436 luerat
1405 3351 1527 3444 teioaes‚
1543 3378 1594 3453 qui
1616 3377 1697 3435 idam

77 3470 105 3509 rr
129 3453 195 3508 Levi
219 3452 298 3508 filius
319 3450 439 3523 Alphei,
465 3451 544 3507 haud
570 3452 691 3508 dubium
722 3452 792 3523 quin
820 3450 942 3507 alterius
965 3455 994 3507 et
1021 3451 1162 3507 diversio
1186 3451 1280 3523 priore
1309 3450 1426 3524 Alpheae
1451 3449 1550 3507 laoohi
1578 3449 1700 3509 Minoris

77 3522 187 3597 i(tierc.
206 3528 245 3592 u).
263 3523 362 3594 Neque
384 3522 461 3577 enim
488 3524 591 3577 tratres
616 3524 747 3596 germani
772 3528 856 3578 erant
870 3523 998 3581 lacobus
1023 3527 1051 3577 ct
1067 3521 1233 3578 Mattheus.
1258 3521 1396 3590 Thomas,
1422 3521 1472 3593 qui
1489 3521 1566 3578 idem
1592 3520 1702 3578 dicitur

77 3596 319 3664 masuerum),
340 3595 459 3650 lemetsi
481 3593 558 3649 idem
587 3611 692 3649 nomen
706 3594 796 3649 videri
821 3598 943 3666 poterat,
959 3593 1075 3649 divorsa
1096 3593 1237 3650 nimirum
1251 3592 1351 3665 lingua
1374 3592 1608 3667 pronuntiatum.
1625 3591 1701 3648 Mam

93 3664 202 3721 Hebraei
220 3665 300 3721 thom
318 3681 369 3720 scu
384 3665 522 3732 Thomas,
548 3665 604 3720 hoc
618 3665 707 3721 Graeci
724 3672 823 3736 δίδυμον
847 3671 960 3731 vocant,
976 3665 1080 3721 Datino
1105 3665 1250 3735 nemetiam
1265 3664 1402 3720 dicimus.
1428 3662 1601 3737 Trinonymi
1614 3666 1698 3732 snat,

77 3753 99 3792 »u
115 3735 164 3809 qui
183 3737 258 3792 idem
276 3737 437 3792 Cananeus
453 3737 560 3792 dicitur
574 3738 684 3803 (Metti.
700 3740 740 3804 x),
757 3742 786 3792 et
799 3735 910 3791 Zelotes
925 3736 991 3802 (det,
1006 3741 1036 3805 1).
1053 3737 1152 3819 Neque
1166 3742 1266 3792 tamen
1282 3753 1375 3808 usque
1398 3735 1470 3792 adeo
1485 3733 1564 3791 aliud
1579 3738 1640 3804 est,
1651 3749 1700 3790 oo·

77 3807 164 3864 linari
179 3809 366 3874 Concursum,
383 3808 461 3864 aliud
477 3808 613 3878 Zelotem,
630 3808 653 3864 si
678 3806 775 3863 uidem
813 3807 871 3863 uod
885 3807 996 3862 Hebraei
1010 3813 1117 3863 canam
1131 3825 1182 3864 scu
1202 3808 1388 3878 flaceiacum,
1403 3805 1458 3864 b'oc
1480 3806 1570 3863 Greci
1585 3812 1700 3875 ζηλόην

77 3883 109 3948 rt,
125 3897 179 3935 nos
194 3881 392 3935 adulatorem.
409 3879 509 3935 Dictus
523 3897 589 3935 vero
605 3825 764 3935 estDirnon
781 3823 830 3933 iiie
846 3882 1015 3960 Capaneus,
1033 3896 1090 3934 non
1106 3881 1182 3952 quod
1199 3878 1286 3935 fuerit
1298 3879 1335 3935 dc
1371 3883 1436 3934 ente
1451 3876 1667 3960 chanaanqsed
1683 3893 1701 3932 a

77 3950 197 4006 Galilaea
213 3952 291 4006 Cana
306 3951 383 4019 (ioca
414 3955 453 4018 ιι).
471 3951 570 4006 Simon
588 3949 661 4005 alter
675 3954 755 4017 (nam
776 3950 851 4004 duos
866 3949 1000 4006 Simouos
1020 3950 1107 4005 babet
1128 3949 1304 4022 apostolicus
1319 3895 1412 4022 orffio),
1427 3949 1453 4004 is
1474 3952 1700 4032 cognominatus

77 4020 191 4094 iephaS,
206 4024 234 4077 et
250 4022 327 4077 idem
346 4022 455 4088 Petrus,
473 4022 532 4077 imo
547 4021 636 4077 etiam
653 4021 787 4091 Darjona,
802 4037 853 4076 seu
867 4020 1244 4090 filicscolamboeNerumet
1257 4018 1386 4077 hocloco
1399 4018 1698 4076 consistituomiuitm

77 4091 118 4148 tio
133 4094 162 4148 in
179 4093 347 4176 linguarum
364 4092 538 4147 diversitate.
555 4093 628 4146 Nam
646 4092 722 4162 quod
739 4090 865 4146 Chaldaei
880 4090 1004 4162 Cephea,
1018 4091 1073 4146 hoc
1088 4092 1185 4162 ipsum
1200 4091 1289 4146 Gracci
1303 4092 1397 4156 πέτραν
1406 4095 1520 4160 vocant,
1536 4106 1700 4148 nossoaesm

79 4163 190 4221 ratione
206 4164 313 4219 dicitur
329 4163 424 4244 puella
440 4163 489 4218 illa
504 4165 571 4231 (tet.
587 4166 634 4229 in).
651 4162 787 4227 'tabitha
803 4167 832 4218 et
854 4163 955 4219 eadem
981 4162 1100 4228 Dorcas,
1123 4161 1232 4216 scilicet
1246 4163 1283 4218 ab
1299 4160 1449 4228 intuendo,
1475 4160 1699 4234 tametsijuxta

77 4233 139 4291 nale
155 4236 265 4290 rcellus
280 4234 386 4306 legitur
401 4235 518 4289 Tabcia.
536 4233 662 4288 Ultimus
675 4234 779 4301 ludas,
795 4234 844 4305 qui
857 4234 920 4304 jam
937 4232 1087 4297 Lebbeeus,
1095 4233 1157 4314 jam
1171 4231 1334 4287 Thaddoeus
1349 4232 1573 4305 cognominatur
1589 4231 1697 4303 (Metti.

77 4311 174 4362 anctus
191 4307 283 4362 Lucas
300 4308 382 4360 vocat
397 4304 474 4359 hunc
490 4305 596 4360 ludam
610 4304 710 4360 iacobi
725 4306 801 4373 (Luc.
817 4308 866 4372 ιιι),
882 4303 991 4360 ludam
1006 4303 1106 4358 lacobr
1122 4304 1240 4358 tratrem
1256 4304 1324 4371 (det.
1341 4300 1371 4372 1),
1388 4320 1535 4387 exponens
1556 4298 1698 4360 nimirum

93 4384 160 4433 anto
175 4378 297 4442 dixerat,
313 4376 406 4432 ludas
421 4376 532 4431 iacobi.
546 4374 691 4430 haetenus
702 4376 737 4431 dc
748 4375 917 4431 nominibus
928 4372 1136 4447 apostolorum.
1150 4373 1292 4430 Ceterum
1303 4374 1476 4432 nonnullrex
1485 4373 1626 4448 apostolis
1635 4378 1700 4429 bau-

77 4465 134 4505 eac
148 4447 362 4504 necessitudine
377 4446 524 4518 conjuncti
540 4447 668 4501 luerunt.
686 4446 786 4502 Sirnou
803 4447 881 4502 onim
896 4444 1010 4518 Cephas
1025 4461 1077 4500 seu
1093 4445 1194 4501 Petrus
1209 4451 1237 4502 et
1250 4446 1380 4503 Andreas
1391 4448 1495 4503 iratres
1510 4449 1595 4502 eraut
1602 4445 1701 4501 estla-

77 4520 136 4576 trti.
152 4520 279 4575 lacobus
296 4519 389 4589 MeJor
403 4523 430 4573 et
445 4519 572 4574 loannes
588 4518 701 4585 iratres,
719 4522 746 4573 et
761 4517 816 4589 ipsi
830 4522 923 4578 erant.
940 4533 1066 4589 quorum
1081 4521 1164 4589 pater
1188 4518 1352 4585 Zebodeous,
1379 4522 1471 4575 mater
1485 4514 1612 4575 Salome.
1634 4515 1698 4585 Duc

77 4592 140 4664 tpud
159 4591 288 4646 Marcum
305 4589 590 4663 cognominationem
606 4589 716 4644 hubent
729 4588 925 4661 Benoregesch
942 4604 993 4644 seu
1008 4586 1218 4661 Boniarogescb
1231 4588 1322 4658 (Marc.
1339 4593 1391 4657 ιιι),
1409 4590 1438 4645 id
1454 4589 1563 4660 estfiiii
1572 4587 1699 4656 tonitrui,

77 4661 169 4717 nitate
182 4668 210 4717 et
227 4660 427 4734 magnitudino
444 4661 521 4726 lidei,
537 4664 610 4715 teste
626 4660 811 4732 Hieronymo.
828 4660 902 4726 Quin
918 4660 1022 4716 iratres
1036 4659 1124 4716 etiam
1139 4666 1222 4715 erant
1238 4659 1280 4714 illi
1295 4661 1421 4716 lacobus
1437 4660 1541 4728 Minor,
1558 4657 1659 4719 Simon
1670 4662 1699 4714 et

78 4750 110 4800 s;
123 4732 228 4787 borum
266 4739 326 4788 ater
340 4731 492 4813 Cleophas,
510 4734 538 4785 et
553 4735 646 4786 nsoter
666 4730 767 4797 Maria,
784 4747 848 4803 que
870 4731 1022 4787 dicebatur
1035 4748 1117 4787 soror
1141 4730 1237 4786 lilariee
1253 4731 1377 4803 deiparae
1392 4731 1480 4803 (ioca.
1505 4730 1573 4801 xix).
1590 4728 1699 4786 Veram

77 4803 209 4875 lleophas
221 4751 269 4859 nie
284 4806 507 4875 cognominatus
521 4801 575 4856 luit
588 4801 734 4875 Alpheus,
751 4808 804 4857 aut
818 4801 957 4874 Alpheus
968 4803 1117 4858 sccundus
1128 4801 1252 4858 maritus
1263 4802 1359 4858 Mariae
1373 4801 1463 4874 hujus
1475 4802 1560 4858 luerit
1574 4802 1698 4875 oporiet.

77 4879 164 4931 ivero
180 4875 233 4930 hos
248 4875 322 4930 duos
337 4874 471 4930 Simones
484 4873 621 4944 epithetis
635 4872 810 4938 discernere,
827 4874 903 4930 sicut
913 4875 988 4930 duos
1002 4872 1050 4929 ille
1062 4874 1197 4940 Jocohos,
1208 4873 1249 4929 ita
1264 4871 1427 4929 utalterum
1436 4872 1700 4944 Maiorem,nempe

77 4961 149 5002 inem
166 4947 282 5001 Petrum
298 4946 415 5013 vocitas,
432 4944 557 5000 alterurn
574 4945 726 5013 Minorem,
744 4944 878 5002 videlieet
892 4945 1041 5001 Simonem
1059 4944 1196 5000 Zelotem.
1214 4942 1522 5001 Discernunturctiam
1533 4944 1591 5001 duo
1605 4942 1699 5010 lude,

88 5016 161 5073 alter
185 5017 321 5073 Lobbaeas
338 5017 464 5084 acorde,
491 5014 565 5071 alter
591 5016 729 5071 iscariote
744 5034 761 5072 a
776 5017 909 5073 mercede
934 5014 1107 5089 appellatur.
1133 5016 1163 5071 ln
1180 5017 1265 5088 cujus
1279 5014 1376 5071 locum
1402 5015 1544 5072 sulleotus¹
1563 5010 1699 5084 Mathl'os,

77 5086 276 5144 il'ronciacus
293 5088 378 5144 Picus
391 5087 419 5142 iu
437 5087 566 5142 carmine
583 5091 727 5143 Donatum
741 5093 835 5154 vocat,
852 5089 1047 5169 interpretans
1063 5086 1202 5141 nimirum
1228 5087 1339 5156 Latine,
1362 5087 1440 5158 quod
1464 5084 1703 5144 Hebraeis-Mottbi

77 5160 237 5232 ur(rlct.1).
255 5160 334 5215 Idem
350 5176 456 5215 nomen
474 5157 629 5214 Mattheus
654 5158 734 5225 habt,
760 5159 818 5215 nisi
833 5159 911 5231 quod
929 5176 957 5213 in
974 5158 1031 5214 fine
1055 5156 1175 5231 syllabis
1199 5157 1423 5230 distinguuntur
1445 5157 1572 5215 Mathias
1585 5157 1615 5215 ei
1628 5157 1701 5214 trac

77 5247 108 5288 rs.
1565 5268 1567 5272 ,

136 5354 316 5412 COMMUND
335 5355 385 5411 SS.
412 5352 691 5410 APOSTOLORUM.
842 5356 863 5423 G
885 5353 1016 5427 loquitur
1031 5352 1182 5426 apostolus
1197 5353 1304 5410 Paulus
1319 5354 1453 5428 Ephesiis
1468 5353 1621 5430 discipulis
1631 5352 1705 5424 suis;

404 5442 425 5497 l.
885 5443 935 5499 sed
951 5446 979 5499 et
993 5443 1094 5499 codam
1110 5442 1240 5516 loquitur
1254 5444 1351 5514 nobis,
1367 5445 1473 5504 fratres
1486 5432 1664 5511 charissimi,
1681 5442 1707 5501 si

77 5548 166 5589 anon
188 5535 256 5589 estis
281 5533 397 5602 hospites
411 5540 436 5587 ct
459 5532 578 5599 cedreno,
606 5531 652 5586 sel
671 5533 736 5586 estis
759 5533 829 5588 eires
885 5537 984 5587 tamen
994 5532 1081 5604 juxta
1091 5531 1141 5587 Dei
1156 5533 1534 5608 praecepteetapostolicam
1542 5532 1706 5589 doctrinam

77 5628 160 5706 oraim
181 5630 208 5679 et
236 5621 377 5678 dcemstici
400 5620 450 5676 Dei
473 5621 579 5692 (Epioe.
607 5623 648 5691 n),
676 5624 735 5677 otc·
765 5621 829 5678 llaec
885 5619 992 5677 vivitis.
1008 5617 1087 5676 Dicit
1101 5619 1200 5693 itaque
1214 5621 1282 5679 tria.
1298 5622 1395 5681 Primo
1404 5622 1476 5681 dicit
1486 5623 1544 5680 noa
1554 5634 1619 5681 esse
1629 5618 1706 5678 cives
