3816 6006
354 265 407 327 All
430 263 688 328 aeeuualuau
710 262 879 325 APPllND.
902 260 1233 326 11.-tt0NUM.uu
1253 260 1379 323 Butae
1400 258 1536 321 SACRO.

1740 229 1801 316 ssi

738 608 899 708 LIBER
930 604 1160 716 PRIMUS.

413 788 570 852 ruxrus
594 786 808 851 ausraauu
829 784 1104 849 uuuemunua
1126 783 1486 848 cuarsrrcomauu.

135 974 187 1034 uu
201 989 255 1049 ope
269 973 369 1032 divina
382 976 545 1033 ‘lurcorum
560 975 638 1032 iacta
652 975 747 1042 ruina,

100 1063 159 1129 lloc
174 1078 226 1136 pro
241 1061 327 1120 laude
341 1061 403 1135 Dei,
419 1062 487 1120 lieet
501 1062 596 1137 impar
611 1062 752 1131 materiei,

101 1149 237 1215 Carmina
252 1148 419 1227 prestringo
435 1151 523 1221 facili,
541 1170 594 1210 nee
608 1153 723 1210 ludicra
736 1154 825 1226 fingo.

101 1238 226 1311 Christe,
243 1257 314 1298 meae
329 1241 421 1303 manti
436 1245 487 1298 tua
501 1241 578 1299 bella
593 1243 698 1299 reterre
712 1241 820 1298 volenti

100 1329 197 1401 Adsis,
208 1328 274 1386 laus
289 1331 375 1404 cujus
391 1330 481 1387 series
496 1335 541 1388 est
556 1331 694 1389 carminis
709 1332 809 1405 hujus,

102 1418 139 1476 Ut
152 1419 227 1476 bene
241 1421 422 1493 provenient,
434 1424 463 1477 ot
477 1424 505 1477 te
521 1422 594 1478 duee
609 1420 740 1478 earmina
755 1421 836 1478 fiant.

235 1509 378 1566 Exercitus
392 1509 566 1567 Christianus
577 1514 648 1584 petit
658 1517 684 1570 N
686 1513 793 1570 icaeem.

138 1597 317 1656 Christicolae
332 1602 444 1672 gentes,
456 1599 610 1674 gladioque
624 1601 740 1675 fideque
755 1600 891 1670 nitentes,

103 1687 141 1744 Ut
155 1704 239 1745 sacra
253 1691 413 1761 purgarent
427 1705 445 1745 a
459 1689 606 1758 sordibus,
622 1693 651 1747 et
668 1695 840 1764 superarent

103 1776 214 1834 Turcos
227 1775 358 1846 insanos,
375 1776 517 1834 laedentes
532 1778 609 1846 iana,
624 1778 773 1852 profanos,

103 1867 343 1938 conjuraverunt,
360 1870 389 1922 et
402 1866 567 1927 ierusalem
581 1866 737 1940 petierunt.

103 1955 157 2012 ast
171 1954 221 2011 uhi
232 1955 296 2027 jam
311 1954 418 2024 lessus,
430 1957 495 2029 jam
510 1955 605 2014 multa
619 1956 749 2030 pericula
763 1973 878 2030 passus,

104 2044 282 2116 AEquoreum
297 2041 381 2099 littus
397 2045 492 2119 tetigit
506 2044 614 2102 chorus
628 2045 677 2102 illc
691 2047 805 2118 heatus,

105 2130 225 2188 Transit
238 2147 403 2204 aequoream
419 2132 541 2201 rabiem,
553 2132 694 2206 petiitque
709 2134 845 2207 Nicaeam,

39 2260 48 2278 .
106 2218 140 2277 ln
159 2236 218 2292 qua
239 2223 285 2277 ter
308 2223 426 2277 centum
440 2226 485 2278 ter
500 2223 631 2295 quinque
653 2223 803 2297 triumque
826 2239 931 2297 paren-

782 2311 857 2387 [tupi
873 2312 910 2386 (Ι)
946 2348 971 2414 Β
987 2314 1114 2370 Orarunt
1128 2329 1240 2386 pacem,
1253 2310 1418 2367 clamarunt
1433 2309 1622 2376 deditionem,

107 2397 282 2465 Conventus,
291 2413 388 2455 mores
403 2399 520 2468 struxit,
533 2399 841 2474 docuitque2minores.

107 2486 164 2544 Sed
180 2485 256 2542 male
271 2491 394 2551 mutata,
406 2487 573 2561 Christique
588 2490 646 2545 fida
659 2495 791 2557 vacuata,

107 2574 257 2632 Christum
273 2577 439 2649 spernebat,
451 2575 572 2651 gentilia
586 2583 718 2635 monstra
734 2579 856 2635 colebat.

108 2665 143 2720 ut
157 2665 295 2738 quoniam
310 2664 459 2722 Christum
471 2667 553 2741 prius
567 2666 627 2724 haee
644 2667 769 2725 coluisse
784 2672 914 2742 putatur,

107 2753 151 2811 Ad
166 2753 315 2811 Christum
331 2759 467 2828 corrupta
484 2755 565 2828 prius
582 2757 685 2813 merito
700 2763 860 2814 revocatur.

301 2844 427 2914 Nicaeum
441 2844 596 2919 Christiani
609 2846 741 2905 obsideat.

144 2932 219 3007 hlrgo
235 2932 396 3006 disponunt
410 2931 498 3004 acies,
513 2933 639 2991 tentoria
653 2940 777 3008 ponunt.

49 3060 51 3065 ι
110 3019 245 3094 Undique
259 3020 443 3091 conveniunt,
460 3026 488 3078 et
503 3021 577 3079 hello
591 3040 721 3099 congrua
735 3026 819 3081 liunt.

939 976 967 1042 Α
981 974 1016 1030 Et
1031 973 1100 1030 dum
1117 973 1269 1041 successit,
1283 987 1336 1045 per
1349 970 1447 1044 turpia
1461 969 1550 1026 verba
1564 967 1682 1025 lacessit

979 1062 1086 1121 Christi
1102 1063 1240 1132 cultores,
1256 1079 1333 1130 cave,
1352 1060 1462 1127 dicens,
1477 1059 1645 1115 deteriores.

979 1152 1108 1210 Vocibus
1121 1152 1245 1227 ingratis
1262 1150 1371 1207 nostris
1387 1149 1460 1206 satis
1475 1148 1641 1222 exagitatio,

979 1242 1072 1298 Altior
1086 1242 1121 1297 ad
1138 1243 1228 1298 duros
1243 1245 1376 1314 portatur
1391 1238 1527 1295 machina
1542 1253 1653 1293 muros.

981 1331 1110 1389 Gentiles
1125 1331 1224 1387 miseri
1241 1330 1360 1386 tandem
1375 1345 1487 1401 coepere
1502 1326 1603 1384 vereri.

981 1420 1078 1477 Nostri
1094 1438 1152 1476 non
1168 1437 1272 1493 segnes
1287 1418 1399 1493 lapides
1410 1416 1580 1490 jaculantur
1595 1420 1624 1472 et
1642 1414 1738 1488 ignea,

982 1512 1090 1566 Turres
1107 1509 1271 1583 impellunt,
1288 1509 1433 1579 affixaque
1448 1505 1506 1562 tela
1521 1503 1664 1561 revellunt

983 1601 1003 1656 d
1019 1598 1138 1673 clypeis,
1155 1599 1254 1655 hostes
1270 1597 1327 1653 telo
1344 1597 1460 1670 proprio
1476 1594 1623 1651 lerientes.

983 1690 1077 1762 thue
1093 1688 1171 1744 cadit
1186 1688 1301 1761 spissus
1317 1686 1412 1741 imber
1422 1701 1488 1740 cum
1505 1683 1647 1757 grandine
1663 1683 1784 1751 missus,

984 1779 1031 1835 Sic
1046 1795 1104 1833 non
1119 1777 1214 1833 vitata
1230 1776 1389 1831 mittuntur
1404 1775 1514 1846 ubique
1530 1773 1653 1847 sagitta.

983 1866 1052 1923 Tela
1067 1865 1360 1939 cadunt,gmiserique
1380 1867 1510 1938 gemunt,
1529 1862 1695 1918 moriuntur
1715 1862 1807 1918 utrin-

1696 1952 1774 2023 leue,

984 2047 1018 2103 Hi
1034 2045 1151 2120 gladiis,
1164 2044 1212 2101 alii
1229 2043 1342 2100 baculis
1358 2045 1501 2115 pugnant,
1519 2040 1712 2112 sudibusque,
1736 2059 1741 2070 ·

985 2136 1111 2210 Magnus
1125 2138 1188 2192 erat
1204 2134 1295 2190 turba
1309 2131 1420 2188 clamor
1434 2130 1608 2203 trepidantis
1622 2129 1653 2184 in
1669 2129 1741 2185 urbe

1021 2225 1060 2298 (6)
1071 2225 1144 2298 hingo
1159 2224 1307 2296 plorantes
1323 2221 1460 2277 manibus
1476 2236 1591 2292 quoquc
1609 2216 1808 2292 significantes

986 2403 1150 2477 Expediunt
1164 2403 1280 2457 dextras
1296 2401 1464 2471 vaduntque
1480 2397 1630 2453 recludere
1644 2399 1754 2470 portas,

986 2492 1139 2550 Exsultant
1155 2490 1256 2560 nostri,
1268 2488 1389 2545 laudant
1404 2486 1553 2561 magnalia
1564 2486 1682 2542 Christi.

987 2582 1119 2639 Primum
1134 2579 1252 2654 purgari
1270 2582 1391 2634 censent
1406 2594 1423 2633 a
1437 2576 1574 2632 sordibus
1590 2576 1705 2643 urbem,

971 2664 1022 2728 'Et
1037 2669 1203 2744 consignari
1219 2685 1270 2741 per
1285 2683 1392 2740 aquam
1408 2682 1492 2739 prece
1509 2665 1732 2732 sanctificatam,

988 2762 1120 2832 Cumque
1130 2758 1247 2831 hymnis
1258 2756 1452 2828 crucibusque
1464 2755 1574 2810 intrant
1585 2752 1811 2810 reconciliatam.

989 2850 1144 2907 Mittuntur
1158 2847 1233 2903 sacri
1249 2849 1401 2919 portantes
1417 2861 1501 2900 sacra
1517 2843 1659 2909 ministri,

989 2940 1129 2995 Lustrant
1143 2952 1262 2992 securos
1277 2934 1429 2991 benedicta
1449 2933 1603 3005 aspergine
1618 2949 1731 3000 muros,

989 3030 1146 3085 Cantantes
1161 3024 1296 3080 modulos
1311 3023 1419 3079 divinis
1437 3022 1544 3078 ritibus
1560 3025 1655 3094 aptes.

110 3113 335 3183 Pertem‚quam
351 3111 935 3183 mundusvocatoccasum,Boimundus
989 3116 1072 3174 Talia
1086 3116 1157 3172 dum
1173 3114 1250 3170 cives
1264 3113 1330 3169 visu
1345 3111 1508 3182 audituque
1524 3114 1693 3183 capescunt,
1770 3124 1774 3132 ·

111 3197 251 3272 Occupat,
263 3202 291 3256 et
304 3203 406 3257 contra
420 3216 521 3257 muros
536 3201 640 3257 statuit
654 3219 707 3259 sua
721 3207 826 3259 castra.

112 3287 167 3355 Qui
182 3287 263 3345 locus
277 3306 294 3346 e
308 3287 438 3362 plaustro
454 3290 492 3362 (2)
501 3290 625 3362 junctus
645 3292 809 3347 contrarius
825 3296 934 3360 austro,

111 3376 163 3435 ille
178 3381 236 3433 tua
251 3377 329 3445 lorti,
342 3378 429 3434 datus
444 3382 498 3447 est,
508 3379 671 3448 Gedetride,
689 3380 810 3437 cohorti.

112 3466 145 3522 ln
160 3464 224 3521 loca
237 3466 399 3522 succedunt
414 3466 473 3533 alii,
485 3483 548 3539 quae
566 3468 842 3542 congruasscredunt,

64 3602 70 3611 ,
111 3557 289 3611 Cunctorum
304 3558 416 3626 portus,
429 3559 584 3611 vertuntur
599 3557 669 3613 solis
685 3558 721 3613 ad
736 3563 828 3614 ortas.

112 3641 257 3700 Militibus
269 3642 353 3699 densi
369 3643 561 3715 Raymundus
575 3662 642 3701 cum
658 3645 804 3714 Podiensi‚

990 3206 1124 3262 Protinus
1142 3203 1207 3259 irati
1223 3203 1252 3258 in
1268 3201 1389 3276 gentilia
1406 3204 1537 3257 monstra
1551 3203 1719 3266 recurrunt,

990 3295 1100 3352 Cuncta
1113 3292 1260 3366 profanari
1276 3291 1392 3365 magica
1408 3289 1548 3362 vertigine
1563 3288 1675 3354 dicunt,

990 3386 1025 3441 Et
1039 3383 1247 3457 proturbantes
1261 3384 1342 3437 entra
1357 3396 1440 3435 sacra
1455 3379 1573 3452 agmina
1586 3378 1721 3433 trudunt.

991 3474 1038 3530 Sic
1054 3471 1208 3528 irritantur
1221 3469 1352 3542 legiones
1367 3467 1620 3534 Christicolarum,

991 3563 1026 3618 Et
1041 3561 1143 3618 delusa
1158 3559 1257 3617 dolent
1272 3558 1410 3631 mysteria
1425 3556 1631 3613 coelicolarum.

991 3650 1094 3708 Acrius
1110 3650 1268 3721 insurgunt
1283 3648 1392 3703 celeres
1407 3652 1436 3702 et
1450 3647 1479 3700 iu
1495 3662 1578 3701 arma
1593 3647 1749 3701 recurrunt

112 3732 196 3813 liuga
205 3723 304 3815 eomes
315 3746 450 3805 magnus,
463 3731 508 3802 leo
519 3734 612 3800 sevis,
625 3734 769 3791 militibus
779 3736 819 3808 (3(
832 3753 935 3810 agnus,
951 3717 973 3785 C
992 3741 1089 3813 Deque
1102 3737 1263 3813 profanatis
1279 3753 1381 3810 poenas
1396 3752 1463 3791 cum
1479 3734 1623 3808 sanguine
1639 3738 1776 3805 poscunt.

111 3821 147 3887 tat
161 3818 233 3895 satis
248 3823 384 3894 expertus
397 3836 450 3893 per
468 3821 566 3894 praelia
580 3821 643 3878 dira
657 3824 694 3896 (l)
711 3824 864 3894 RehertuS,

111 3908 177 3986 lips
191 3926 307 3995 queque
319 3908 515 3993 Flandrensis,
529 3911 614 3982 cujus
626 3928 684 3968 non
696 3911 808 3969 fallitur
822 3914 911 3984 ensis,

111 3999 151 4067 Et
162 3998 330 4073 Stephanus
344 4014 445 4057 muros
461 4000 667 4074 expugnabant
681 4002 819 4059 ruituros.

112 4087 189 4155 Tuta
202 4088 253 4156 sed
269 4087 396 4144 siurbis
411 4104 479 4160 pars
495 4105 554 4145 una
568 4095 749 4147 remanserat
764 4092 855 4161 urhis,

113 4177 172 4253 Nee
185 4174 270 4253 timet
284 4175 415 4233 assultus
430 4193 498 4250 pars
513 4195 602 4252 quarn
617 4179 660 4236 sol
676 4181 793 4253 respicit
805 4181 892 4238 altus.

113 4256 234 4342 Frustra
248 4282 368 4323 securos
382 4265 525 4339 petierant
540 4267 665 4341 denique
684 4287 794 4327 muros.

114 4353 190 4419 Nam
202 4353 284 4413 lacus
296 4355 470 4427 immensus,
483 4356 634 4430 multaque
647 4357 759 4432 uligine
775 4360 884 4417 densus

113 4436 175 4503 iles
187 4434 368 4516 defensabat,
385 4448 501 4503 nostres
520 4445 644 4503 transire
659 4448 794 4522 negabat.

114 4533 172 4593 Sed
186 4536 284 4598 tamen
298 4533 375 4590 hanc
391 4538 504 4606 purtem
519 4535 613 4591 nestri
631 4537 751 4610 tetigere
766 4555 817 4610 per
833 4544 936 4609 artem,

8 4667 12 4673 .
113 4622 246 4696 Namque
260 4622 432 4696 superjectis
453 4623 575 4693 ratibus,
588 4624 690 4682 multis
711 4644 828 4700 quoque
842 4630 937 4699 tectis,

148 4712 187 4783 (5)
203 4714 281 4781 Quas
295 4713 391 4770 Cesar
406 4713 513 4783 dictus,
524 4711 629 4771 vinctis
645 4731 697 4790 per
711 4720 806 4774 terrea
820 4718 914 4776 hobus

115 4801 231 4859 Fecerat
246 4800 352 4859 adduci
367 4806 433 4861 voto
448 4806 519 4860 tunc
534 4803 705 4876 auxiliandi,

114 4888 162 4965 sia
178 4889 262 4963 quasi
278 4908 331 4963 per
344 4895 447 4965 pontes
463 4895 623 4966 potuerunt
636 4896 757 4967 tangere
771 4895 877 4967 tontes,

114 4980 228 5034 Acriter
241 4979 383 5035 insistunt
397 4980 500 5049 nostri,
512 4981 657 5055 'turcique
670 4983 821 5042 resistunt.

112 5067 226 5124 Acriter
239 5066 394 5140 impellunt
408 5067 485 5136 illos,
501 5069 603 5144 illique
618 5071 773 5145 repellunt.

115 5154 196 5212 Sava
208 5159 366 5212 venenatas
380 5172 454 5229 gens
469 5159 561 5214 mittit
578 5161 613 5216 ab
630 5161 702 5217 urbe
717 5162 849 5237 sagittas,

114 5241 224 5320 Cuique
239 5244 348 5319 sagitta
361 5244 450 5301 dabat
464 5245 525 5304 leve
541 5248 657 5321 vulnus,
674 5267 740 5307 eum
756 5252 938 5326 perimebat:

149 5403 172 5475 (l
203 5405 291 5476 aare,
305 5411 456 5481 pomum.

149 5407 448 5626 alaeveaar

991 3829 1094 3886 Acrius
1109 3827 1295 3894 incumbunt,
1311 3825 1433 3881 balistas
1449 3822 1602 3879 fundibulo
1616 3827 1730 3895 aptant,

992 3918 1161 3976 Periodiunt
1176 3919 1285 3990 portas,
1299 3914 1422 3971 miseros
1434 3913 1518 3986 quusi
1533 3928 1647 3969 carcere
1662 3910 1784 3982 vallant,

992 4007 1137 4065 Excubias
1153 4009 1286 4062 statuunt
1301 4008 1447 4075 noctuque
1462 4002 1567 4074 dicque
1582 4004 1717 4057 caventes

992 4098 1033 4153 Ne
1048 4096 1114 4169 quis
1130 4093 1275 4166 colloquio
1291 4095 1428 4149 externus
1439 4092 1523 4164 juvet
1538 4089 1702 4145 interiores.

992 4187 1126 4259 Dumque
1141 4185 1252 4240 instant
1266 4181 1370 4255 vigiles
1386 4181 1441 4237 sihi
1457 4179 1639 4237 succedendo
1656 4195 1708 4250 per
1719 4178 1824 4245 horas,

992 4274 1172 4348 Repperiunt
1185 4272 1344 4345 quemdam
1361 4286 1413 4342 per
1426 4269 1526 4342 nigras
1542 4268 1583 4323 ire
1599 4267 1735 4324 tenebras

992 4367 1173 4432 Quarentem
1177 4402 1231 4417 .....
1248 4359 1291 4416 vol
1308 4364 1407 4432 portas
1421 4355 1604 4432 ingrediendi

991 4454 1042 4510 Vel
1058 4471 1110 4526 per
1112 4494 1166 4508 .....
1182 4467 1249 4506 cum
1265 4448 1374 4505 clausis
1390 4445 1604 4504 sermocinandi

992 4543 1037 4598 lili
1052 4546 1219 4614 correptum
1234 4539 1361 4612 graviter
1376 4536 1558 4609 manicisque
1573 4533 1699 4608 ligatum

992 4633 1115 4706 Cogunt,
1127 4635 1177 4685 aut
1187 4629 1275 4684 citius
1286 4645 1351 4701 qua
1367 4629 1467 4683 nosset
1482 4629 1587 4681 cuncta
1603 4623 1724 4696 profari,

991 4725 1049 4778 Aut
1064 4721 1143 4776 durae
1159 4717 1261 4774 mortis
1274 4717 1373 4790 gravia
1389 4715 1586 4788 experimenta
1601 4711 1721 4768 lucrari.

994 4810 1043 4867 Ille
1059 4812 1139 4866 metu
1153 4807 1248 4863 victus
1263 4805 1366 4873 nimio,
1382 4821 1435 4861 nee
1450 4804 1539 4878 longa
1554 4807 1687 4859 moratus

992 4899 1092 4956 Dicere
1106 4901 1220 4955 servata
1236 4912 1267 4952 se
1282 4896 1399 4952 devovet
1415 4893 1514 4949 omnia
1528 4893 1597 4948 vita.

993 4990 1066 5046 Hinc
1081 4987 1131 5044 uhi
1146 4986 1213 5042 iecit
1227 5000 1295 5040 aum
1311 4984 1360 5057 pia
1374 4982 1577 5039 convenientia
1592 4980 1697 5049 fidum,

952 5088 977 5154 Ι)
992 5077 1115 5150 Exponit
1129 5074 1255 5131 missum
1270 5089 1301 5129 se
1317 5072 1429 5129 civibus
1444 5072 1640 5137 insinuatum,

993 5168 1034 5224 Ne
1049 5166 1247 5238 desperarent,
1264 5163 1314 5219 sed
1331 5178 1391 5218 rem
1407 5159 1513 5216 virtute
1527 5162 1673 5225 tenerent,

992 5256 1126 5328 Namque
1140 5255 1281 5325 sequente
1295 5250 1341 5307 die
1356 5250 1475 5324 plenum
1491 5248 1622 5306 solamen
1638 5246 1783 5303 haherent

1029 5417 1066 5492 (d)
1081 5415 1170 5482 Edit,
1186 5428 1270 5472 saeeo.

1028 5491 1057 5559 (5
1082 5486 1118 5547 lli
1132 5487 1190 5545 duo
1204 5500 1306 5541 versus
1323 5483 1430 5540 desunt
1443 5484 1471 5538 in
1489 5499 1545 5538 ms.

1029 5561 1058 5634 (a
1083 5558 1172 5616 Uneis
1186 5556 1300 5612 inclusa
1314 5555 1345 5612 in
1360 5571 1418 5611 ms.
1434 5553 1650 5612 desiderantur.
