3816 6006
344 264 556 350 runennmr
577 286 745 348 aaaron
768 259 870 345 nrs'r.
893 283 1101 346 nrnaoson.
1117 317 1157 329 -
1171 283 1246 345 ars.
1268 283 1322 345 ιιι.
1624 262 1684 348 aas

77 436 108 479 as
121 419 152 477 in
166 437 268 476 omnes
283 437 358 492 quos
368 437 570 494 preoccupare
586 422 729 494 poterant.
750 419 801 474 sod
816 420 844 486 Α
858 415 920 473 Nisi
935 417 1045 474 videret
1060 416 1224 491 ungclicam
1239 416 1381 473 visionem
1406 416 1436 470 in
1460 416 1598 473 extremis
1617 418 1680 474 vite

77 508 171 579 retias,
188 508 259 564 nihil
275 508 322 564 hic
338 508 393 564 sibi
409 510 645 580 vendicaverunt,
661 508 801 581 quoniam
856 505 1087 575 consolatricem,
1100 507 1164 579 jam
1180 505 1297 562 subibat
1311 505 1375 561 vitae
1391 505 1633 578 desperationem.

77 598 128 655 ites
139 596 802 671 nostrieumlanceis,etarcuariicumsagittis
1166 595 1280 652 CAPUT
1301 595 1370 651 LIX.

77 703 120 745 rm
135 687 317 744 inculcantes
333 687 552 760 inopinabiliter
567 686 800 762 fugaveruntllli
1148 686 1184 741 lle
1196 685 1271 740 mari
1284 701 1393 756 magno.

92 778 231 835 continuo
252 778 383 834 carbasis
401 776 503 834 levatis
524 795 576 850 per
592 795 673 834 utare
696 776 801 833 velivo·
855 773 938 831 Circa
951 775 1098 849 gurgitem
1123 774 1211 831 ltaliae
1236 772 1386 831 multoties
1411 790 1497 829 naves
1517 772 1681 829 assuefiunt

77 883 156 924 ersus
178 866 319 940 Tripolim
344 884 374 923 se
399 868 575 935 direxerunt,
601 871 630 923 et
653 866 721 922 binc
746 867 801 940 Cy·
855 862 1025 936 periclitari,
1042 867 1071 920 et
1086 863 1215 936 undique
1245 863 1338 920 flabra
1361 862 1548 931 commoveri,
1565 862 1680 936 quaeda

856 953 1005 1010 montanis
1022 968 1074 1025 per
1086 952 1223 1009 valestria
1237 951 1450 1025 praecipitanter
1465 969 1517 1026 per
1531 951 1680 1007 anfractus

279 1045 395 1103 CAPUT
412 1046 495 1101 LVII.
855 1043 1062 1099 subterraneos
1073 1042 1128 1099 rite
1136 1046 1311 1099 assuescunt
1325 1041 1498 1114 intorqueri,
1511 1044 1540 1096 et
1554 1040 1583 1096 in
1598 1038 1682 1096 verti·

90 1136 128 1192 fle
141 1137 316 1207 nauigatione
334 1135 509 1192 adolescentis
531 1135 685 1191 Boumandi
856 1132 953 1205 ginem
962 1131 1108 1206 voraginis
1119 1131 1293 1188 mirabiliter
1302 1128 1531 1197 convolvi.Quod
1543 1129 1567 1186 si
1577 1128 1680 1202 paroni

77 1223 130 1281 ties
145 1229 243 1281 autem
254 1224 341 1298 legati
352 1225 407 1280 hoc
418 1223 556 1290 anno,vel
569 1224 800 1299 peregrini,Bon-
856 1219 1014 1294 aliquando
1027 1225 1122 1277 nauta
1136 1220 1325 1289 obviaverint,
1336 1225 1365 1276 et
1379 1218 1568 1293 diripiuntur,
1580 1222 1609 1275 et
1623 1218 1681 1274 im·

77 1311 279 1370 adolescentis
290 1314 447 1370 adventum
459 1314 802 1370 nobisannuntiaverunt
855 1311 902 1383 pie
918 1310 1150 1368 confunduntur.
1163 1311 1230 1378 Sed,
1247 1309 1296 1384 qui
1315 1328 1367 1382 pro
1383 1309 1432 1365 Dei
1445 1326 1544 1365 amore
1563 1307 1619 1364 hoc
1633 1324 1685 1385 pa3

77 1402 234 1476 geverunt?
245 1403 297 1459 sed
309 1402 802 1475 multiplicatisrumoribusfefells·
856 1396 1681 1472 tiuntur,denativissuisnunquidimpicfrustrubunturf

77 1489 257 1548 beticulcsus
271 1492 350 1548 anim
366 1496 428 1548 erat
443 1498 562 1566 prepter
576 1492 701 1548 classem
712 1493 802 1566 Baby·
857 1490 895 1545 De
910 1489 1052 1547 boemani
1069 1493 1168 1546 nostro
1181 1489 1330 1545 tantillum
1346 1489 1387 1544 sic
1402 1487 1557 1544 habemus.
1569 1487 1609 1543 De
1625 1487 1681 1543 lle·

77 1595 103 1637 m
115 1580 161 1638 vel
174 1579 339 1653 piraticam,
356 1583 486 1654 quamin
499 1586 586 1655 ponto
597 1581 735 1638 audiebat
745 1580 801 1637 late
855 1577 1127 1634 diterraneoautem
1144 1594 1201 1633 non
1218 1581 1262 1634 est
1276 1577 1482 1646 omittendum,
1499 1577 1577 1633 unde
1594 1579 1683 1648 caput
1747 1578 1750 1583 ⁴

77 1684 125 1726 tm.
142 1673 265 1742 Insuper
280 1670 407 1726 deterre
422 1687 476 1725 sua
486 1669 631 1726 sollicitus
641 1669 801 1724 admodum
855 1666 984 1723 extollat.
1000 1666 1264 1723 ExistImanlenim
1276 1667 1396 1741 quidam
1407 1666 1491 1722 sinus
1504 1667 1576 1722 istos
1591 1683 1608 1721 a
1623 1664 1681 1720 Ga-

77 1772 153 1828 [uam
169 1755 225 1812 nisi
242 1757 496 1814 beneetfrdelibus
508 1757 570 1814 suis
581 1756 699 1825 locaret,
712 1774 801 1812 ama·
855 1755 956 1812 ditsno
972 1757 1045 1812 freto
1057 1755 1148 1828 nasci,
1166 1773 1218 1812 nec
1233 1755 1321 1812 aliam
1345 1773 1409 1812 esse
1433 1754 1575 1830 originem
1592 1770 1680 1827 quam

81 1843 596 1903 auisinsidiatoribuscircumventus
604 1846 804 1903 fraudulenter
857 1844 967 1918 eliquia
974 1845 1155 1918 erumpentis
1167 1845 1283 1902 Oceani.
1294 1844 1347 1910 Qui
1360 1843 1538 1901 eontrarium
1549 1844 1682 1900 sentiunt

79 1937 133 1990 ret.
150 1933 298 2006 Scriptum
318 1939 362 1990 est
387 1935 417 1990 in
441 1936 602 2007 proverbiis
623 1934 801 1991 rusticanis:
857 1950 973 1990 omnem
986 1934 1106 1991 fluorem
1118 1934 1201 1990 aiunt
1211 1952 1226 1991 e
1237 1933 1364 2007 ponticis
1379 1933 1513 1989 faucibus
1527 1933 1680 2002 inundare,

78 2020 168 2078 habet
182 2023 293 2079 malum
308 2023 437 2079 vicinum
450 2024 538 2080 habet
553 2023 663 2079 malum
680 2022 803 2079 matuti-
855 2022 945 2096 idque
960 2023 1086 2080 fulciunt
1100 2027 1274 2097 argumento
1289 2039 1347 2079 non
1364 2022 1455 2091 inani,
1470 2023 1548 2095 quod
1563 2025 1652 2078 estus
1667 2037 1683 2077 e

77 2110 238 2183 »Denique
254 2129 321 2168 eum
337 2113 393 2168 iter
407 2129 495 2169 suum
511 2113 619 2186 saepius
641 2129 803 2186 preparas·
857 2117 946 2185 ponto
962 2113 1094 2186 profluus
1110 2129 1261 2186 nunquam
1278 2112 1483 2186 reciprocetur.
1501 2111 1578 2168 Laus
1594 2111 1683 2185 igitur

77 2199 124 2256 tud
149 2197 333 2273 Hydruntum
357 2201 467 2274 Apulia
492 2202 649 2270 civitatem,
675 2201 804 2258 collectis
857 2202 995 2258 ethonor
1015 2202 1148 2258 omnium
1173 2203 1212 2258 sit
1234 2201 1393 2270 Conditori,
1412 2201 1461 2275 qui
1486 2199 1586 2273 posuit
1609 2200 1683 2255 lines

77 2288 161 2346 tatuit
175 2290 298 2346 navibus
312 2289 496 2357 videlicet22,
509 2308 635 2363 quarum
650 2292 684 2347 to
698 2291 803 2364 longe,
858 2292 943 2359 mari,
959 2308 1109 2365 apponens
1124 2291 1252 2348 claustra
1272 2296 1300 2346 et
1315 2279 1424 2364 portas.
1441 2289 1519 2346 Dixit
1533 2289 1612 2345 enim
1631 2287 1657 2344 ei
1674 2304 1681 2344 :

77 2377 116 2436 nis
130 2378 249 2434 mnnitae
269 2383 361 2446 erant,
385 2380 440 2435 iter
455 2380 541 2452 coepit
555 2381 690 2453 expedire
714 2379 803 2436 mari·
860 2401 874 2431 «
890 2380 951 2436 Huc
966 2397 1060 2453 usque
1070 2380 1178 2449 venies,
1190 2384 1218 2436 et
1228 2381 1257 2436 in
1273 2384 1300 2436 te
1315 2383 1504 2436 conterentur
1518 2378 1625 2434 fluetus
1639 2376 1682 2433 tui

77 2467 234 2539 Postquam
249 2473 358 2523 terrem
374 2485 458 2524 suam
473 2468 582 2541 Apulia
598 2468 665 2524 duci
681 2470 802 2524 commi·
859 2470 924 2540 (Job
935 2487 1050 2539 xxxvru,
1060 2471 1132 2544 lli.»
1144 2470 1225 2536 Quod
1238 2469 1286 2525 ubi
1298 2469 1441 2542 impetum
1453 2485 1540 2524 suum
1552 2467 1587 2523 ad
1598 2465 1682 2522 littus

77 2571 180 2629 ,quem
193 2557 334 2614 heredem
347 2562 430 2613 terrae
442 2575 501 2613 snae
517 2558 641 2626 sutfecit,
655 2563 684 2613 et
697 2558 804 2614 substi·
857 2558 984 2627 illiserit,
999 2560 1031 2614 in
1047 2576 1168 2631 spumas
1184 2557 1346 2627 resolvitur,
1362 2563 1391 2615 et
1405 2557 1552 2632 repagulis
1563 2555 1681 2629 quibus-

78 2643 89 2698 i
103 2644 183 2718 prior
198 2646 288 2701 avita
303 2646 473 2714 discederet,
483 2646 640 2703 identidem
653 2647 805 2703 confirma·
858 2649 927 2704 dam
942 2664 1035 2705 arene
1051 2648 1172 2704 humilis
1187 2648 1391 2720 repercutitur.
1403 2650 1553 2714 Caeterum,
1565 2645 1622 2703 nisi
1629 2645 1681 2718 jus

78 2733 148 2801 dux,
162 2737 191 2790 et
205 2737 354 2806 gratanter
369 2735 522 2808 concessit,
539 2736 564 2791 si
580 2736 717 2808 primitus
741 2736 804 2808 ipse
859 2736 960 2794 statuti
990 2737 1114 2793 coelestis
1137 2736 1291 2802 inhiberet,
1308 2735 1378 2808 quid
1394 2737 1523 2792 obstaret
1538 2735 1609 2808 quin
1630 2751 1683 2808 per

77 2822 272 2889 ‚meantibus
283 2823 473 2895 optimatibus
482 2841 583 2881 eorum
595 2826 751 2896 utrobique
761 2842 805 2880 us·
859 2827 946 2900 plana
956 2826 1135 2900 Egyptiqure
1146 2825 1271 2881 maxime
1280 2823 1489 2880 humilioribus
1495 2826 1594 2897 jacent
1603 2821 1684 2879 valli·

77 2909 268 2984 arbustaque
280 2913 467 2969 Boamundus
479 2914 625 2970 mediante
639 2914 804 2986 Septembri
858 2915 925 2984 bus,
938 2933 1017 2972 mare
1032 2915 1167 2971 Rubrum
1178 2913 1299 2988 Egyptio
1315 2913 1416 2986 pelago
1430 2913 1620 2969 misceretur?
1631 2913 1683 2968 De·

77 2999 310 3071 amaresuloans,
321 3001 453 3057 transitis
462 3001 635 3072 Cycladibus
645 3021 697 3075 per
706 3020 806 3077 equor
859 3005 947 3078 nique
958 3005 1062 3060 docent
1071 3003 1135 3070 boe,
1146 3003 1196 3075 qui
1206 3001 1362 3060 voluerunt
1379 3002 1440 3057 hac
1452 3003 1509 3059 due
1519 3001 1575 3058 sibi
1590 3001 1685 3057 maria

77 3088 803 3159 s,venitltlolhonem.P0stmodumveroltbodum
860 3097 1040 3162 connectere,
1069 3096 1156 3165 atque
1184 3091 1214 3147 in
1242 3108 1273 3147 se
1302 3091 1517 3148 transfundere.
1543 3089 1684 3147 Sesostris

77 3174 188 3245 biliam,
204 3178 349 3234 ethiciam
366 3184 496 3251 permeat
511 3186 540 3236 et
556 3180 643 3236 ltalia
660 3182 805 3254 gurgitem
821 3170 842 3237 G
862 3181 1011 3257 Egyptius,
1028 3181 1078 3254 qui
1094 3179 1243 3253 antiquior
1257 3180 1322 3250 fuit,
1339 3183 1367 3235 et
1381 3178 1487 3236 Darius
1502 3179 1616 3247 Medus,
1632 3178 1683 3251 qui

77 3265 248 3340 navigantes
263 3269 427 3332 conturbat.
453 3269 522 3324 lndc
546 3270 691 3326 transiens
708 3270 806 3353 Aptio-
861 3271 981 3344 majoris
996 3269 1128 3326 contuitu
1144 3269 1278 3343 potentiae
1293 3269 1470 3325 ineffectum
1485 3268 1576 3325 voluit
1591 3268 1684 3324 addu-

77 3370 220 3428 sparvam,
233 3356 311 3411 venit
322 3355 358 3412 ud
371 3374 519 3430 magnam,
535 3360 713 3415 transeundo
726 3360 807 3415 lsau-
861 3377 935 3428 cere,
952 3361 1029 3433 quod
1046 3361 1082 3416 ab
1096 3358 1234 3433 indigena
1249 3359 1344 3414 fuerat
1363 3361 1429 3414 ante
1444 3361 1600 3414 tentatum.
1617 3359 1697 3423 Quae·

81 3446 223 3501 sturbem
237 3443 409 3502 Seleuciam.
423 3447 554 3512 Quicum
566 3448 692 3521 Cyprum
704 3447 806 3521 liquis·
862 3465 908 3504 res
918 3447 1026 3504 indicio
1043 3448 1174 3521 estquod
1191 3446 1328 3518 superius
1343 3451 1388 3503 est
1403 3464 1483 3504 mare
1498 3446 1642 3518 Indicum,
1654 3445 1684 3502 in

77 3532 248 3602 ‚dexteram
265 3534 411 3590 Tharsum
426 3536 450 3590 si
465 3536 582 3608 quidem
595 3538 708 3593 dimisit
718 3538 754 3593 ad
765 3537 807 3593 si·
862 3554 919 3612 quo
930 3554 1011 3594 mare
1026 3535 1243 3608 Rubrumquia
1259 3552 1358 3608 aequor
1370 3536 1622 3610 Egyptium,quod
1638 3536 1686 3591 in-

77 3632 119 3692 m,
133 3626 163 3678 et
177 3623 311 3678 Melotem
328 3623 431 3680 urbem
445 3623 679 3697 opinatissimam
691 3626 808 3697 jamdiu
863 3627 952 3684 ferius
968 3625 1060 3682 alluit.
1075 3627 1109 3681 at
1126 3624 1258 3681 fortassis
1272 3642 1307 3680 ne
1323 3625 1411 3681 latius
1424 3642 1455 3682 se
1469 3625 1687 3682 marselfunde-

77 3711 808 3785 ambotunotemporepluresbifariiethelluones
862 3720 917 3782 ret,
932 3716 967 3771 de
982 3715 1182 3787 superioribus
1198 3714 1234 3770 ad
1250 3714 1387 3771 inferiora
1409 3715 1605 3788 praecipitans,
1621 3714 1685 3770 ideo

77 3798 114 3857 ιιι
129 3804 258 3857 recenter
273 3804 412 3858 exeuntes
427 3802 586 3875 vulgabant
601 3803 702 3877 procul
718 3804 808 3860 dubio
862 3803 1016 3860 molimina
1031 3821 1085 3860 sua
1100 3821 1149 3859 rex
1163 3807 1285 3878 uterque
1300 3803 1452 3859 revocavit.
1471 3804 1529 3860 Hac
1545 3803 1574 3859 in
1592 3804 1686 3859 Hexa-

84 3887 115 3945 in
131 3888 348 3961 Hierosolymis,
364 3909 431 3947 eum
444 3892 544 3964 procul
556 3893 645 3949 dubio
656 3893 734 3966 apud
751 3899 809 3949 An·
864 3910 964 3949 meren
979 3892 1123 3949 Ambrosii
1136 3892 1178 3947 sic
1193 3892 1329 3948 habetur.
1344 3892 1431 3948 Aliud
1446 3910 1513 3949 vero
1533 3892 1564 3949 in
1588 3892 1687 3949 Solino

77 3992 113 4034 un
123 3977 310 4051 applicuisse,
323 3985 351 4036 et
362 3981 589 4050 mentiebantur,
599 3983 810 4041 Verumtamen
864 3981 1019 4040 invenitur.
1037 3980 1183 4037 ltlirabilia
1198 3981 1287 4054 igitur
1300 3999 1389 4055 opera
1403 3982 1466 4052 Dei,
1480 3981 1573 4039 multe
1589 3986 1688 4039 autem

77 4075 129 4125 va‘c
143 4066 298 4141 putabunt,
315 4069 383 4142 quia
397 4086 464 4126 cum
476 4071 574 4144 aliqua
589 4077 670 4144 parte
681 4073 810 4128 militum
865 4070 1026 4127 mirabilior
1039 4070 1089 4143 qui
1110 4069 1177 4125 facit
1192 4074 1220 4125 et
1237 4070 1369 4142 disponit
1384 4087 1427 4126 ea.
1444 4072 1526 4136 Quod
1551 4071 1576 4127 si
1589 4071 1688 4143 aliqua

78 4161 109 4211 tn
125 4172 219 4230 usque
234 4157 368 4215 Pataram
384 4176 443 4214 una
458 4165 605 4231 venerant,
618 4165 646 4216 et
660 4179 727 4217 cunr
738 4161 812 4217 acci·
866 4159 974 4215 nastris
988 4160 1155 4230 aspectibus
1169 4157 1306 4214 videntur
1327 4159 1479 4228 deformia,
1496 4159 1689 4216 nihilominus

77 4251 125 4315 us',
138 4247 312 4318 etcupris,et
322 4249 496 4321 aucupibus
507 4251 812 4323 atqueoanibus,quos
865 4253 964 4305 tamen
979 4252 1049 4303 sunt
1065 4246 1222 4315 laudanda,
1237 4247 1306 4319 quia
1321 4247 1461 4303 Conditor
1474 4249 1608 4305 omnium
1622 4248 1692 4305 facit

77 4329 273 4408 premittebat.
867 4354 910 4408 ea,
928 4337 987 4394 imo
1004 4353 1057 4393 nco
1072 4334 1170 4392 minus
1186 4340 1256 4393 sunt
1272 4335 1364 4392 utilia.
1374 4337 1468 4393 Etiam
1484 4336 1513 4392 in
1530 4337 1692 4393 oimiocdut

285 4426 398 4483 CAPUT
422 4427 515 4484 LVlll.
867 4428 945 4483 Deus
957 4425 1142 4495 medelam,et
1151 4425 1181 4480 in
1192 4425 1297 4498 polypo
1308 4425 1387 4497 pisce
1400 4425 1532 4481 immittit
1540 4426 1690 4494 astutiam,

139 4515 316 4588 Depericatis
331 4519 361 4571 in
375 4518 449 4573 mori
461 4518 655 4573 evenientibus.
828 4542 852 4607 D
867 4516 912 4573 vel
928 4514 1041 4572 echino.
1064 4514 1255 4586 Serpentibus
1280 4531 1395 4587 quoque
1419 4515 1470 4570 dat
1484 4513 1690 4586 prudentiam

77 4600 119 4659 lta
133 4604 398 4676 sepeturbulenta,
427 4607 471 4662 vel
487 4607 545 4662 Deo
559 4606 736 4679 volente,vel
752 4623 814 4679 per·
868 4605 1025 4677 aliquando
1049 4604 1179 4675 prebent
1203 4603 1358 4669 medelam,
1375 4603 1532 4675 aliquando
1562 4603 1693 4661 inferunt

77 4691 168 4761 nte,in
183 4693 257 4748 mari
273 4694 481 4766 navigantibus
496 4701 663 4766 occurrunt;
680 4701 743 4751 tum
759 4695 815 4751 sol·
867 4697 990 4768 pestem,
1005 4691 1049 4748 vel
1065 4692 1153 4748 etiam
1179 4696 1313 4748 mertem.
1327 4692 1477 4748 Interdum
1500 4709 1566 4748 vero
1588 4696 1692 4770 parant

81 4780 286 4850 uerberatum
301 4782 448 4856 frangitur
462 4788 599 4849 antenna,
609 4784 654 4840 vel
669 4784 812 4857 aplustra,
867 4781 1052 4856 obsequium,
1067 4780 1216 4837 lnterdum
1230 4796 1297 4836 vero
1317 4784 1538 4836 nocumentum.
1553 4781 1691 4846 Quando-

76 4868 187 4927 rdentes
201 4876 391 4945 rumpuntur.
413 4873 544 4946 Cumque
559 4873 636 4929 venti
651 4877 813 4941 mutantur,
868 4871 988 4944 quidem
1005 4870 1169 4927 antidotum
1195 4869 1338 4943 tyriacum
1361 4869 1396 4925 de
1416 4886 1536 4943 corpore
1548 4869 1692 4944 serpentis

77 4958 113 5015 ed
128 4959 305 5017 cherucham
321 4967 510 5035 respectatur,
527 4968 560 5018 ut
575 4963 599 5018 si
616 4979 753 5035 prospere
769 4964 813 5018 in·
869 4958 971 5018 confici
984 4959 1077 5017 solere
1091 4959 1298 5032 dicatur,quod
1314 4958 1417 5032 utique
1428 4958 1692 5033 virtuseorpusque

77 5049 109 5120 tt,
124 5047 262 5107 distincte
276 5055 305 5107 et
321 5050 442 5106 solerter
456 5052 631 5124 experiatur.
649 5052 813 5108 Cavendum
869 5049 1013 5123 serpentis
1037 5065 1105 5104 cum
1130 5048 1226 5105 solum
1248 5050 1376 5106 sumitur
1400 5053 1495 5118 nocet,
1511 5066 1579 5106 oum
1595 5053 1692 5106 autem

77 5139 343 5212 etaunaperdatur.
353 5144 425 5196 Cum
439 5140 518 5196 enim
531 5139 814 5209 stellaeobnubilant,
847 5153 852 5170 ¹
871 5137 1050 5197 admiscetur
1063 5137 1130 5196 aliis
1145 5137 1263 5195 sanitati
1278 5142 1323 5196 est
1336 5143 1365 5194 et
1380 5139 1479 5208 saluti,

77 5225 128 5282 bns
142 5225 213 5284 ratis
233 5227 374 5297 alliditur,
391 5233 514 5285 mortem
539 5228 616 5286 illico
630 5229 674 5286 vel
699 5231 816 5287 naufra-
1190 5227 1306 5283 CAPUT
1326 5226 1380 5282 LX.

80 5315 173 5388 pestis
183 5315 342 5375 imminens
357 5317 520 5374 minitatur.
533 5318 614 5375 Sicut
627 5318 655 5375 in
672 5323 760 5388 terra,
775 5321 817 5377 sic
1093 5318 1130 5373 lle
1141 5317 1288 5389 generibus
1301 5317 1478 5388 serpentium.

77 5402 145 5461 nari
159 5404 299 5477 pericula,
310 5406 384 5473 Quid
394 5407 429 5462 de
439 5407 523 5463 nobis
538 5408 692 5475 miramur,
700 5408 724 5464 si
737 5408 818 5464 Pauli
908 5407 1051 5464 Basilicus
1064 5410 1162 5462 autem
1178 5409 1223 5462 est
1237 5406 1273 5461 ad
1289 5405 1468 5478 semipedem
1491 5404 1698 5483 longitudinis,

77 5488 119 5550 oli
147 5493 335 5567 naufragium
360 5495 558 5552 recordamur.
581 5497 625 5551 Ad
648 5498 817 5554 tentandam
871 5497 957 5555 albus
973 5495 1057 5570 quasi
1081 5494 1210 5564 mitrula,
1227 5493 1353 5552 lineatus
1377 5499 1475 5570 eaput,
1493 5513 1545 5553 neo
1569 5497 1699 5555 bominis

77 5577 339 5659 sprofunditatem
351 5584 527 5645 dimiserunt
539 5584 667 5644 naucleri
679 5584 817 5648 bolidem.
871 5589 992 5650 tuntum
1005 5584 1050 5646 vel
1066 5582 1190 5645 aliorum
1205 5583 1401 5644 animantium
1420 5583 1517 5644 exitiis
1531 5585 1621 5645 datus
1646 5583 1698 5644 sed

154 5711 287 5780 Parnon.
310 5713 394 5782 unt.
1357 5788 1369 5801 ,
1497 5715 1540 5781 ³0
