3816 6006
158 214 217 278 ⁶83
415 208 466 278 ΑῙ)
489 214 745 281 conuenienti
767 217 935 280 hl‘PEND.
959 216 997 277 ll.
1015 249 1053 259 -
1070 215 1225 278 lthNUhl.
1250 215 1300 276 DE
1322 214 1447 275 aucto
1469 212 1606 274 sacac.
1802 211 1860 271 eat
1900 251 1907 268 .

158 348 266 406 iterum
281 350 409 406 secundo
425 351 585 422 regenerati
603 352 684 412 estis,
702 368 752 422 per
767 351 980 404 coritirssicnem
999 351 1023 414 ,t
1042 370 1054 395 ιι
1073 348 1170 401 ati-rb
1200 345 1366 418 imperatori
1388 348 1466 415 juro,
1485 346 1560 417 ‹ptod
1584 362 1732 416 utinquam
1750 361 1802 415 prr
1816 363 1861 399 mc

158 437 271 495 scilicet
284 441 313 493 et
326 439 540 510 poenitentiam,
557 457 645 513 quam
663 439 793 512 quotidie
809 439 891 494 duris
907 438 985 493 labo·
1040 442 1090 492 aut
1101 454 1151 508 per
1162 453 1242 491 ureris
1254 437 1340 490 vitam
1353 441 1403 489 aut
1413 435 1554 490 honoram
1571 433 1697 499 amittet,
1710 438 1762 488 aut
1777 434 1862 505 quid·

159 525 241 582 ribus
256 526 408 583 exhibetis.
421 527 442 583 0
454 528 552 584 felices
564 528 612 600 qui
624 529 653 582 iu
669 528 718 583 tali
736 544 822 598 opere
833 528 983 595 delicieut;
1040 527 1109 599 qaid
1137 526 1222 581 hodie
1243 526 1324 596 juste
1345 529 1396 579 aut
1411 524 1520 594 injuste
1537 523 1676 595 possidet.
1694 544 1707 571 a
1725 522 1804 577 llanc
1821 522 1862 577 illi

159 615 208 688 qui
238 619 304 670 ante
327 615 416 672 visuri
442 620 512 671 sunt
540 617 708 689 paradisum
740 632 829 688 uriam
859 617 983 687 patriam
1039 615 1176 670 fiduciam
1185 611 1864 686 juraritetimpcraturacquierit;juravitdein·

159 719 243 760 suam
256 703 355 776 (18).0
372 704 442 760 ordo
459 704 596 771 militum,
615 723 691 760 uuae
708 710 807 777 terque
823 709 985 777 quaterque
1039 703 1509 775 dcidemimperatordicenstt‘llt
1520 700 1723 772 «llgodlexius
1735 701 1864 773 impera-

160 793 273 857 beatus,
285 793 334 864 qui
347 792 404 848 huc
421 810 515 865 usquc
526 793 606 849 suisti
622 795 771 849 homicidii
785 795 985 867 sauguinede·
1038 797 1085 849 tor
1096 795 1164 864 juro
1184 791 1297 865 llugoni
1324 792 1428 864 hlagno
1444 793 1471 845 et
1487 790 1642 844 Godclrido
1658 789 1736 856 duci,
1753 789 1864 845 catoris

159 883 394 953 turpatus,nunc
405 887 572 937 sanctorum
584 881 742 938 sudoribus
752 887 986 955 eomparmorty-
1040 883 1088 954 qui
1105 882 1153 937 hic
1168 887 1265 935 astant
1289 882 1467 936 Francorum
1484 878 1676 952 principibus,
1694 879 1772 951 qirod
1790 897 1862 934 nun·

161 986 227 1027 rum
243 968 352 1027 coelesti
367 987 398 1026 es
414 969 577 1027 diademate
592 970 751 1027 laureatus.
764 972 920 1044 Hucusque
936 990 986 1027 ex·
1040 967 1864 1044 quamiuritameainjuriaborallumperegrinumsancti

160 1056 262 1114 stitisti
278 1058 499 1115 incitamentum
511 1060 560 1115 ira
571 1060 632 1115 Dei.
645 1060 726 1116 Nunc
737 1078 803 1116 vero
820 1061 985 1117 reconcilia·
1040 1058 1177 1132 sepulcri,
1195 1064 1243 1114 aut
1260 1059 1427 1131 permittam
1444 1057 1624 1128 injuriari,et
1636 1058 1711 1129 quod
1730 1062 1797 1112 cum
1808 1057 1865 1112 illis

159 1147 201 1204 tic
212 1147 310 1221 gratie
330 1147 434 1220 ipsius,
446 1154 475 1204 et
486 1149 738 1222 propugnaculum
750 1150 814 1206 fidei
828 1168 897 1206 sua.
910 1153 985 1217 Qua·
1040 1165 1158 1222 pergam
1176 1149 1203 1203 in
1222 1148 1334 1204 bellicis
1349 1147 1581 1220 negotiis,etpro
1591 1163 1675 1218 posse
1685 1163 1749 1200 meo
1759 1163 1866 1201 merra-

160 1240 288 1311 propter,
301 1236 400 1293 invicti
416 1236 535 1305 milites,
549 1237 618 1311 quia
633 1255 709 1292 nunc
726 1238 853 1310 primum
867 1239 984 1311 iucoepi·
1039 1243 1103 1292 tum
1119 1237 1313 1292 sultlcicntem
1329 1235 1389 1292 illis
1405 1237 1527 1291 conduci
1545 1235 1659 1291 luciam.
1677 1258 1691 1283 ιι
1709 1236 1798 1290 Nemo
1816 1236 1867 1290 rui-

161 1342 229 1382 mus
244 1325 302 1382 Deo
318 1325 456 1395 militare,
473 1344 529 1383 non
546 1326 706 1400 gloriemur
717 1327 745 1382 in
756 1327 869 1382 uiribus
880 1328 939 1383 sire
955 1329 985 1382 in
1040 1332 1122 1383 retur
1137 1327 1214 1399 quod
1231 1330 1270 1381 tot
1287 1331 1314 1380 et
1330 1330 1388 1380 tom
1415 1324 1528 1380 nobiles
1546 1324 1658 1389 Franci,
1675 1324 1759 1396 quasi
1772 1325 1863 1380 coacti

160 1413 449 1483 armisnostris,sed
470 1415 499 1470 in
522 1416 580 1471 Deo
609 1415 812 1487 potentissimo
841 1417 985 1484 omnium,
1041 1416 1205 1472 hominium
1223 1414 1550 1486 toceuincqmntamst
1568 1415 1867 1485 resexmticnepen-

161 1503 300 1577 quoniam
315 1502 410 1577 ipsius
423 1509 468 1560 est
482 1503 592 1560 bellum
607 1509 753 1575 nostrum,
769 1509 795 1560 ot
812 1504 876 1578 ipse
892 1506 986 1560 domi·
1042 1511 1134 1572 setur,
1149 1506 1219 1578 quia
1233 1521 1298 1560 vere
1315 1504 1406 1559 coacti
1423 1503 1531 1559 luerint
1543 1502 1714 1558 imenietur.
1728 1503 1865 1557 latraturi

162 1592 456 1666 nahiturgentihus.a
470 1594 658 1650 boamundus
674 1610 741 1648 cum
758 1594 818 1649 hoec
829 1599 856 1650 et
865 1593 948 1666 plura
957 1594 986 1650 id
1041 1595 1118 1650 enim
1136 1598 1220 1649 erant
1237 1598 1342 1649 terram
1363 1594 1509 1648 desertam
1526 1597 1554 1647 et
1569 1592 1688 1655 inviam,
1705 1595 1813 1647 terram
1830 1593 1866 1648 ah

161 1695 255 1755 genus
266 1682 466 1754 pretenderet,
478 1681 643 1737 conciliavit
657 1682 687 1738 in
703 1699 733 1737 se
744 1683 857 1739 animos
869 1684 987 1740 audien·
1002 1719 1026 1784 B
1042 1683 1180 1741 omnihus
1202 1682 1286 1738 bonis
1312 1699 1431 1754 prorsus
1461 1681 1596 1748 alienam,
1611 1684 1639 1735 et
1651 1681 1783 1736 sciebant
1799 1681 1867 1752 quia

162 1769 988 1845 tium,etmagnomgratiaminvenitincouspectuam-
1044 1771 1357 1828 «diurnumlaborcm
1388 1772 1461 1826 terre
1491 1787 1548 1825 non
1575 1770 1693 1836 sufficit,
1711 1770 1868 1825 cuirictus

163 1857 257 1914 nium.
274 1859 357 1914 Tunc
373 1874 474 1914 omnes
488 1875 555 1913 cum
571 1876 604 1915 eo
620 1860 655 1914 ad
671 1858 817 1915 civitatem
835 1867 987 1929 venerunt,
1042 1861 1231 1934 qrrotidiaaus
1247 1860 1373 1917 delicit.»
1392 1860 1444 1915 Pro
1460 1858 1629 1930 hujusmodi
1646 1859 1776 1931 angaria,
1792 1860 1869 1914 tacta

163 1947 244 2003 etad
259 1946 420 2018 hospitium
441 1963 539 2012 suum,
557 1947 633 2019 quod
649 1947 674 2002 ei
697 1946 854 2019 imperator
876 1967 987 2022 prapa·
1043 1950 1097 2006 luit
1113 1950 1172 2005 hac
1188 1949 1311 2005 hominii
1328 1950 1441 2021 pactio;
1459 1949 1552 2005 sedin
1569 1952 1664 2002 monto
1679 1947 1869 2019 imperatoris

164 2035 222 2091 rari
234 2037 365 2107 jusserat
391 2040 472 2090 extra
500 2036 614 2105 urbem,
631 2036 823 2091 deduxerunt.
840 2039 987 2094 Subdolus
1043 2056 1158 2111 semper
1169 2039 1275 2094 mansit
1290 2039 1474 2093 t'raudulento
1487 2038 1582 2091 tactio.
1595 2038 1630 2091 tu.
1641 2038 1713 2091 bene
1725 2041 1869 2108 compete·

164 2123 264 2186 itaoue
279 2123 438 2195 imperator
452 2124 553 2180 videns
575 2140 705 2180 cresccre
720 2131 816 2181 costra
832 2127 892 2195 lici,
909 2133 938 2183 et
953 2128 988 2183 de
1043 2133 1087 2185 ret
1102 2127 1224 2184 hominii
1248 2132 1311 2183 ruta
1333 2127 1509 2190 conciliatio,
1526 2127 1549 2182 si
1567 2127 1643 2198 apud
1662 2127 1868 2197 imperatorem

165 2210 212 2267 die
228 2213 256 2266 in
273 2213 349 2269 diem
366 2214 560 2285 augmentari,
579 2213 663 2284 inops
688 2215 789 2280 animi,
803 2233 904 2288 expers
924 2235 988 2272 sen·
1044 2220 1116 2273 loret
1132 2218 1250 2290 integrao
1263 2217 1327 2272 tidei
1341 2217 1473 2271 assertio.
1486 2216 1541 2270 Sed
1554 2215 1694 2287 quidquid
1707 2214 1869 2286 stipulavit,

165 2316 227 2365 sus,
245 2317 355 2373 pauper
370 2301 493 2359 consilii.
510 2302 554 2356 ira
576 2302 738 2357 vehementi
762 2305 848 2376 capit
872 2305 988 2361 iollam·
1043 2311 1137 2363 totum
1167 2323 1233 2362 eum
1261 2307 1348 2361 serbo
1376 2304 1544 2369 exinanivit,
1563 2303 1724 2375 maluitque
1747 2303 1869 2374 perjurii

165 2389 250 2445 mari.
268 2389 419 2444 Nesciebat
436 2389 505 2462 quid
522 2395 630 2463 ageret,
649 2408 706 2462 quo
722 2409 753 2446 se
769 2400 989 2466 verteratquor-
1043 2413 1148 2452 noxam
1167 2396 1313 2451 incurrere
1338 2412 1426 2467 qaam
1449 2398 1564 2467 gentem
1583 2394 1759 2448 Francorum
1776 2409 1790 2445 a
1807 2392 1871 2446 suis

166 2494 244 2545 sum,
260 2477 284 2533 si
300 2494 366 2533 eura
392 2483 508 2550 urgeret
529 2479 697 2544 necessitas,
716 2483 837 2552 lugeret.
855 2483 989 2538 Timebat
1045 2485 1152 2540 tinibus
1168 2502 1224 2540 uon
1241 2483 1386 2556 elongare.

166 2566 244 2623 enim
260 2583 295 2622 ne
311 2571 411 2622 tantus
427 2572 455 2622 ct
469 2572 617 2623 tantorum
634 2570 777 2624 exercitus
792 2570 862 2627 inse
871 2589 990 2627 consur·
1363 2573 1479 2628 CAPUT
1499 2572 1547 2628 li'.

165 2659 255 2729 geret.
272 2677 287 2706 ιι
304 2656 385 2712 Mens
401 2656 479 2711 euim
496 2658 596 2712 fraude
613 2657 698 2728 [dena
712 2677 827 2732 semper
843 2661 987 2730 anxiatur,
1079 2666 1134 2720 Sed
1152 2681 1187 2718 ue
1204 2664 1324 2719 Omttlntt
1339 2663 1489 2717 videamur
1506 2666 1539 2717 ut
1558 2661 1690 2731 elingues
1706 2660 1870 2732 preterisse

126 2824 129 2830 ³
165 2747 249 2800 etesi
263 2742 442 2810 sollicita,et
456 2745 533 2816 qtrod
551 2747 737 2802 machinatur
751 2748 988 2821 alteri,portirue-
1044 2753 1459 2824 urbemrogiom,luquamur
1482 2751 1592 2823 aliquid
1618 2745 1869 2821 rleea,quoniam

166 2831 222 2889 ecit
236 2849 352 2904 semper
366 2833 422 2889 sihi
439 2833 612 2890 machinari.
628 2857 641 2884 ιι
656 2837 711 2891 Sed
728 2839 819 2893 nostri
838 2839 891 2893 hoc
906 2857 989 2912 pror·
1044 2843 1196 2898 dissonum
1210 2860 1265 2896 non
1279 2842 1392 2896 vitietur
1408 2841 1443 2895 ah
1459 2840 1591 2895 historia.
1604 2839 1742 2911 Legimus
1754 2838 1781 2891 in
1799 2855 1870 2909 qua·

165 2938 217 2979 sus
228 2938 285 2977 non
297 2923 554 2994 querebant,quia
566 2925 989 3000 eontraChristianospraliori
1044 2933 1111 2986 dam
1127 2930 1249 2987 historia
1266 2931 1342 3001 quod
1360 2928 1569 2984 Constantinus
1584 2928 1744 3000 imperator
1759 2927 1869 2981 ltoiuu-

76 3058 81 3067 .
165 3009 314 3066 nolebant.
322 3012 451 3066 Tandem
463 3012 600 3082 jussitad
617 3031 647 3069 se
662 3016 756 3070 vocari
773 3017 987 3084 Boamuudum,
1044 3037 1110 3087 nus,
1124 3036 1191 3074 curn
1203 3020 1329 3091 quadem
1348 3024 1430 3074 nocte
1444 3017 1471 3072 in
1489 3017 1605 3072 civitate
1617 3035 1680 3089 que
1698 3015 1867 3088 Byzantium

164 3102 270 3155 etcum
286 3099 335 3154 illc
345 3105 374 3155 et
385 3118 452 3155 curn
468 3101 576 3157 Graecis
591 3103 653 3158 suis
668 3103 872 3175 hujuscemodi
886 3108 988 3164 hahuit
1003 3089 1025 3155 C
1045 3114 1234 3174 mactaretur,
1255 3109 1461 3176 obdormisset,
1476 3106 1618 3161 visionem
1634 3105 1705 3159 vidit
1720 3106 1788 3172 (20),
1805 3121 1869 3176 qua

164 3188 329 3245 consilium.
350 3189 544 3261 acquisivisti
560 3192 677 3259 nostris,
695 3198 727 3247 ut
755 3194 812 3248 sibi
841 3197 987 3268 principes

163 3277 307 3333 exercitus
336 3277 464 3333 lacerent
490 3278 665 3346 hominium,
681 3281 709 3336 id
731 3288 786 3348 est,
801 3285 987 3341 securitatem

164 3365 255 3437 pacis,
270 3371 298 3420 et
314 3367 375 3436 ipse
394 3368 570 3423 conduceret
585 3368 627 3423 eis
642 3386 693 3440 per
708 3370 838 3426 desertas
853 3374 988 3445 regiones

163 3468 238 3525 quas
253 3453 415 3525 ingressuri
431 3460 514 3510 erant
528 3456 625 3511 lorum
642 3475 739 3514 rcruur
754 3460 910 3516 venialium
927 3480 988 3518 om-

164 3541 257 3609 niurn,
274 3549 302 3596 et
318 3542 347 3596 in
364 3544 501 3599 omnibus
518 3544 628 3600 bellicis
653 3547 777 3618 negotiis
798 3550 842 3603 sui
860 3567 987 3622 prasen-

163 3628 246 3697 tiam,
258 3634 287 3686 et
297 3647 356 3686 sure
371 3631 466 3704 gentis
482 3633 757 3706 auxilium3juraret
767 3636 853 3692 etiam
865 3657 986 3710 gencra-

164 3717 231 3774 liter
246 3719 384 3775 omnihus
394 3722 472 3792 quod
488 3722 588 3778 omnia
603 3723 711 3794 quibus
723 3725 893 3798 indigebunt
904 3729 932 3784 in
944 3747 988 3784 or-

165 3805 222 3863 mis
236 3811 266 3863 et
278 3808 471 3877 vestimentis,
485 3809 547 3882 ipse
562 3811 720 3884 suppleret,
734 3831 786 3869 uec·
797 3817 923 3888 amptius
935 3820 985 3875 ulli

164 3895 316 3968 peregrino
338 3897 431 3953 sancti
452 3899 577 3970 sepulcri
595 3907 720 3968 noceret,
737 3909 789 3959 aut
805 3906 900 3960 noceri
917 3925 985 3962 crin·

161 3984 293 4040 sentiret.
307 3986 365 4041 lloc
379 3987 533 4043 consilium
549 4005 615 4046 curu
632 3990 776 4047 deuotum
793 3994 905 4062 luisset,
924 3998 985 4068 pta-

160 4071 224 4129 cuit
238 4072 268 4128 in
283 4075 420 4130 cordibus
436 4076 494 4131 t'ere
515 4077 657 4143 omniurn,
675 4081 813 4152 quoniam
830 4083 985 4157 plerosque

161 4161 286 4235 augebat
306 4164 465 4220 necessitas
488 4182 587 4221 rerum
610 4170 827 4240 temporalium.
847 4174 986 4230 l'eceruut

160 4249 253 4324 igitur
266 4251 292 4307 ei
307 4268 374 4307 cum
390 4260 572 4310 sacramento
584 4255 637 4310 hoc
650 4257 813 4316 hominium
826 4262 876 4317 toti
887 4265 985 4318 cundi-

158 4338 248 4406 tione,
260 4343 294 4396 ut
304 4341 406 4397 tandiu
418 4342 682 4416 duraret,quandiu
695 4348 759 4418 ipse
773 4359 985 4421 perseverasset

1042 3198 1071 3254 in
1089 3198 1166 3253 huuc
1182 3197 1301 3252 modum
1319 3197 1342 3252 ei
1360 3197 1506 3268 apparuit.
1523 3197 1604 3250 Anus
1627 3194 1761 3266 quadem
1787 3198 1869 3248 veste

1042 3287 1184 3358 dissipata
1199 3290 1228 3341 ct
1242 3287 1324 3357 quasi
1343 3285 1524 3340 semicinctis
1549 3285 1754 3354 circumsepta,
1770 3282 1869 3337 reaia-

1042 3376 1093 3431 bat
1103 3376 1138 3430 ad
1150 3380 1256 3441 eum,et
1265 3393 1323 3429 suu
1335 3375 1400 3446 opis
1411 3373 1561 3445 tlegitahat
1571 3370 1867 3427 subsidium.Vestcm

1041 3465 1172 3537 exigebat
1185 3481 1242 3536 qua
1252 3463 1638 3534 inducretur‚cooperturarn
1647 3465 1867 3533 quategoretur,

1042 3552 1212 3610 alimoniam
1225 3570 1283 3624 qua
1294 3557 1481 3624 pastoratum
1494 3551 1688 3624 promisitque.
1699 3549 1724 3603 ci
1736 3566 1784 3604 rex
1797 3566 1867 3603 con-

1040 3643 1123 3698 tinuo
1139 3659 1169 3698 se
1186 3643 1409 3707 subventurum,
1426 3645 1455 3696 et
1483 3641 1688 3696 indubitanter
1716 3637 1865 3709 postulata

1041 3731 1226 3787 collaturum.
1246 3733 1280 3786 Et
1295 3731 1337 3785 sic
1353 3730 1425 3786 risio
1441 3729 1597 3802 disparuit,
1614 3729 1696 3783 Tuae
1711 3727 1755 3781 vir
1766 3731 1869 3798 poten-

1040 3820 1174 3874 tissimus
1190 3835 1293 3873 somno
1309 3819 1506 3885 excituscum
1522 3819 1549 3872 iu
1566 3817 1653 3872 cordo
1668 3832 1721 3871 suo
1732 3832 1868 3886 quanam

1040 3915 1117 3963 esset
1128 3909 1201 3962 visio
1213 3908 1272 3963 hac
1288 3913 1452 3963 versaretur
1467 3906 1564 3962 divino
1580 3911 1655 3960 nutu
1671 3903 1868 3963 intotlcxitci-

1040 3999 1160 4053 vitatem
1177 3998 1272 4069 ipsam
1289 3997 1318 4051 in
1335 4014 1394 4069 qua
1408 4002 1470 4052 erat
1485 3995 1627 4050 auxilium
1650 4009 1779 4066 quarere
1794 3999 1822 4047 ct
1838 4009 1869 4048 se

1041 4086 1070 4141 in
1083 4086 1188 4141 melius
1204 4085 1318 4141 restitui
1333 4091 1495 4157 peroptare.
1508 4085 1613 4156 Sicque
1629 4082 1868 4138 Corrstantinusa

1041 4174 1240 4230 fundamentis
1253 4174 1330 4229 illam
1344 4175 1442 4240 erexit,
1453 4174 1526 4228 etde
1537 4172 1717 4228 suonomiue
1728 4171 1868 4225 Constan-

1040 4262 1194 4336 tinopolim
1210 4264 1376 4335 apaprellavib
1392 4279 1481 4334 quam
1499 4263 1596 4317 Romae
1625 4260 1772 4314 mmaibue
1788 4258 1866 4329 aliie,

1040 4353 1229 4408 adiliciarunr
1242 4359 1389 4407 striutura
1409 4351 1498 4406 nobili
1512 4349 1671 4422 ceraquavit
1686 4353 1714 4402 et
1726 4347 1787 4419 pari
1804 4348 1866 4418 glo·

159 4427 190 4484 in
220 4435 405 4486 sacramento
434 4448 486 4488 suo
512 4438 541 4488 et
569 4437 772 4505 promissione.
789 4439 892 4496 Cernes
918 4437 1866 4519 vcro1)riaethouorcterrenosublimemreddidittquaeosieut

159 4516 257 4574 Sancti
269 4518 374 4590 AEgidii
386 4536 453 4576 cunr
465 4521 625 4593 requisitus
636 4524 739 4580 luisset
749 4528 783 4582 de
797 4527 937 4599 hominio,
953 4532 983 4588 id

159 4605 329 4664 nullatenus
354 4610 447 4665 lacere
468 4610 568 4678 voluit,
585 4613 634 4667 scd
652 4612 676 4667 si
691 4613 716 4669 ei
733 4617 909 4685 crederetur,
923 4626 984 4677 tcta

159 4693 262 4752 civitae
276 4711 343 4752 cam
369 4700 431 4753 suis
456 4699 669 4757 habitatoribus
682 4707 711 4758 et
725 4703 789 4777 ipso
809 4706 983 4778 imperatore

158 4783 366 4842 destrueretur.
383 4788 438 4843 Sed
454 4807 511 4845 noa
528 4797 590 4846 crat
606 4793 679 4846 ratic
694 4798 727 4848 ut
740 4799 800 4849 tam
818 4798 897 4868 regia
911 4798 982 4853 civi-

157 4875 213 4935 tas,
230 4878 376 4946 tantaque
391 4881 448 4931 Deo
464 4885 584 4934 sacrate
608 4880 830 4939 destruerentur
843 4886 981 4956 ecclesie,

157 4964 186 5016 et
201 4965 244 5016 tot
258 4968 426 5019 sanctorum
443 4982 563 5037 corpora
578 4968 704 5041 eutignc
716 4978 924 5044 cremarentur,
932 4984 983 5033 aut

157 5048 221 5104 suis
250 5051 369 5107 sedibus
399 5055 589 5110 virtuoroutur
616 5058 745 5114 ‘l'andcm
772 5077 869 5119 comes
888 5068 980 5121 saneti

157 5137 259 5209 AEgidii
276 5138 399 5195 oliorum
416 5143 604 5200 suasionibus
616 5147 736 5216 erictus,
745 5166 898 5209 assensum
908 5172 981 5227 prra-

157 5226 230 5293 buit,
242 5231 270 5283 et
280 5228 309 5282 in
324 5228 385 5283 hac
398 5232 483 5286 verba
493 5233 518 5286 ei
532 5233 701 5290 fidelitatem
715 5241 978 5307 promisitdiccns:

1041 4533 1134 4588 ltoma
1148 4537 1192 4586 est
1207 4535 1295 4602 caput
1310 4529 1480 4595 occidentis,
1497 4529 1538 4582 ita
1551 4534 1579 4583 et
1595 4526 1644 4581 illa
1660 4526 1762 4580 civitas
1780 4525 1866 4580 dehet

1040 4637 1104 4676 esse
1118 4619 1253 4675 Orientis.
1272 4641 1285 4667 n
1302 4620 1352 4673 Est
1371 4623 1469 4674 sutem
1497 4617 1555 4673 sita
1582 4617 1657 4670 inter
1684 4613 1864 4668 Adriaticum

1040 4727 1120 4764 marc
1135 4712 1163 4763 et
1178 4706 1249 4762 illud
1266 4707 1344 4778 quod
1360 4724 1439 4761 nunc
1456 4711 1575 4760 vocatur
1591 4702 1747 4759 Beuclriuru
1765 4699 1864 4756 Sancti

1039 4796 1164 4869 tteorgii,
1182 4813 1271 4868 supra
1285 4795 1363 4867 qriod
1381 4793 1487 4850 rrroenia
1507 4792 1632 4848 civitatis
1661 4791 1754 4846 locata
1783 4795 1862 4843 suut.

1039 4891 1105 4941 llaec
1121 4902 1177 4958 proe
1194 4884 1308 4940 cunetis
1323 4883 1389 4939 aliis
1405 4883 1529 4938 urbibus
1552 4880 1677 4937 t'ocunda
1701 4884 1746 4933 est
1760 4877 1862 4950 pingui

1039 4992 1109 5048 agro
1124 4978 1152 5029 et
1165 4972 1244 5029 oruni
1261 4972 1442 5028 marinarum
1467 4971 1635 5027 divitiarum
1662 4965 1862 5023 mercimonio.

1040 5065 1119 5120 Hauc
1134 5062 1234 5133 itaque
1249 5062 1347 5117 divine
1371 5065 1444 5116 nutu
1469 5060 1618 5116 conditam
1639 5072 1723 5112 uerno
1739 5055 1862 5120 dubitet,

1039 5151 1178 5225 quoniam
1194 5150 1327 5222 praevidit
1350 5151 1425 5206 Deus
1447 5150 1524 5221 quod
1549 5153 1612 5204 erat
1636 5146 1769 5201 sutorum
1785 5142 1863 5214 quod

1039 5259 1093 5298 nos
1109 5240 1195 5295 modo
1211 5239 1343 5294 ridemus
1359 5239 1524 5311 impletum.
1541 5237 1603 5293 Nisi
1619 5234 1697 5292 enirn
1714 5231 1782 5288 talis
1795 5249 1864 5287 con-

712 5343 866 5404 NOTULAE
885 5347 1123 5414 MARGINALES
1144 5346 1204 5402 MS.
1225 5345 1305 5401 COD.

155 5421 202 5496 (ta
231 5422 364 5483 Militiam
388 5443 424 5484 ue
432 5446 536 5502 parurn
547 5446 603 5485 noa
615 5428 715 5486 laudat
726 5434 977 5501 Christicolarum.

155 5494 202 5570 (19
231 5497 289 5558 ttoc
303 5443 385 5576 quoi

1106 5437 1191 5493 durat
1206 5438 1234 5490 ot
1249 5435 1374 5506 abjurat,
1392 5435 1441 5517 qui
1458 5434 1493 5490 de
1509 5451 1539 5490 sc
1555 5449 1613 5489 non
1628 5431 1701 5488 hene
1713 5431 1808 5485 curat.

397 5501 549 5578 rexjurat,
565 5518 624 5562 non
638 5501 725 5580 longo
737 5507 867 5584 tempore
878 5512 976 5591 durat,
1037 5509 1093 5588 (20)
1109 5506 1190 5566 visto
1205 5521 1257 5582 per
1269 5504 1358 5582 plana
1373 5505 1429 5565 tart
1443 5505 1505 5566 hec
1520 5500 1772 5565 Constantiniana.
