3816 6006
99 296 158 360 ste
539 299 654 365 PAULI
676 299 709 362 S.
731 299 849 362 rarat
870 295 1145 362 clauornnsis
1165 294 1357 361 Menaeni.
1745 299 1806 362 911

98 431 222 489 tideliter
244 429 426 490 inconbendo
449 432 589 490 invisibili
613 433 733 491 veritate
748 434 922 508 gaudemus,
938 432 966 501 Α
980 432 1095 488 cunctis
1111 431 1220 488 tinibus
1234 448 1332 488 rerum
1344 431 1374 486 in
1389 429 1533 489 universis
1549 430 1736 490 eomitatibus
1746 432 1808 490 sive

98 522 167 579 huic
183 521 343 578 inherendo
366 523 529 579 firmamur.
546 526 728 597 Quapropter
753 522 927 580 universalis
981 520 1130 578 beneficiis
1146 537 1213 594 sepe
1225 521 1377 577 memorati
1389 520 1483 577 tidelis
1494 521 1586 578 nostri
1597 521 1808 580 Odoniscomi·

99 612 150 669 Dei
165 611 300 668 aeclesia
316 612 448 668 omnium
465 613 596 669 bdelium
612 618 850 686 nostrorumque,
866 616 926 668 tam
980 610 1019 666 tis
1031 609 1086 666 sibi
1099 610 1309 682 adjacentium,
1321 609 1524 667 universaliter
1533 610 1569 666 ab
1582 610 1662 668 omni
1673 616 1808 685 respectu

33 693 50 704 ”
97 701 287 777 praesentium
308 718 397 773 quam
427 702 594 759 succedenti
617 702 723 758 saeculo
748 703 925 769 futurorum,
977 700 1124 771 judicum,
1142 699 1243 756 ordine
1258 699 1361 755 mundi
1377 699 1548 756 decurrente
1563 699 1721 757 inviolabili
1736 701 1808 758 soli-

99 791 211 847 001001
235 790 283 863 010
306 791 453 864 sagacitas
482 792 552 864 quia
582 791 682 848 fideles
711 792 804 848 nostri
833 792 925 863 regni,
981 789 1081 854 ditate,
1099 788 1228 845 solutum
1245 788 1433 846 etillibatum
1450 790 1810 864 permanere;easiqui-

98 880 160 937 Odo
175 880 286 936 scilicet
301 880 522 936 Carnutensium
540 880 656 953 presul,
680 885 767 953 atque
789 880 926 938 illustris·
982 878 1048 934 dem
1065 877 1176 934 ratione
1191 882 1233 945 ut,
1246 879 1282 934 ab
1293 877 1490 935 hodiernadie
1499 881 1529 934 et
1537 877 1684 952 deinceps,
1696 885 1810 937 remota

99 970 193 1026 simus
209 986 306 1026 comcs
322 969 417 1025 fidelis
432 974 530 1026 noster
545 986 578 1025 ao
594 972 669 1026 inter
684 971 757 1027 alios
773 971 867 1044 magis
883 971 927 1028 di·
981 967 1114 1024 omniurn
1131 971 1284 1040 potestate,
1301 966 1381 1023 nullo
1396 967 1489 1034 aditu,
1506 967 1587 1024 nullo
1602 972 1743 1041 tempore,
1755 969 1809 1026 ati·

98 1059 192 1115 lectus
203 1059 273 1126 Ode,
292 1076 358 1114 cum
370 1075 513 1131 suaeque
524 1061 648 1131 conjuge
661 1060 747 1116 Beria
758 1061 831 1131 (127)
842 1066 927 1134 nepte
982 1056 1048 1128 quis
1072 1055 1238 1130 principum
1263 1056 1533 1113 aeclesiasticorum
1557 1061 1608 1112 aut
1631 1057 1808 1115 secularium

100 1151 202 1222 utique
218 1152 318 1204 nostra
332 1147 515 1214 dulcissima,
528 1150 752 1223 magnificentia
764 1154 870 1207 nostra
881 1168 928 1223 ge·
982 1145 1165 1218 pontificum,
1182 1145 1301 1214 ducum,
1318 1146 1472 1214 comitum,
1486 1145 1661 1203 vicariorum
1675 1146 1720 1205 vel
1733 1164 1809 1221 quo-

99 1257 158 1295 nua
175 1236 345 1309 suppliciter
360 1236 504 1306 adierunt,
521 1239 676 1295 accedente
699 1257 816 1312 quoque
840 1239 928 1295 etiam
982 1234 1121 1290 numlibet
1144 1234 1250 1290 diversi
1273 1235 1389 1308 generis
1418 1234 1600 1304 officialium,
1626 1235 1656 1292 in
1680 1236 1808 1294 claustro

98 1329 129 1385 in
144 1329 199 1384 hoc
214 1324 307 1382 incliti
323 1325 408 1381 ducis
433 1325 526 1382 fidelis
543 1328 634 1383 nostri
651 1328 761 1401 Ugonis
778 1312 929 1385 favorabili
981 1323 1110 1397 predicti
1120 1324 1300 1393 monasterii,
1311 1328 1362 1381 aut
1374 1324 1402 1380 in
1413 1324 1809 1400 cunctisrehus,juxtaquod

99 1416 308 1483 obsecratione,
334 1419 367 1470 ut
394 1417 542 1488 quoddam
569 1418 780 1474 monasterium
806 1420 882 1492 quod
897 1419 927 1474 in
983 1412 1119 1485 superius
1141 1404 1290 1470 decretum
1315 1418 1369 1481 est,
1385 1412 1442 1487 ipsi
1468 1414 1680 1486 adjacentibus,
1695 1415 1811 1489 aliquas

99 1506 241 1565 suburbio
256 1509 421 1578 praenotatae
432 1505 565 1562 videlicet
579 1506 740 1563 Carnotinae
757 1508 883 1564 civitatis
898 1508 928 1564 10
982 1501 1121 1575 impetret
1134 1502 1310 1570 exettiffltsss,
1327 1502 1356 1558 id
1373 1507 1429 1570 esi,
1446 1520 1541 1576 11811116
1560 1503 1701 1571 bannum,
1714 1522 1811 1578 neque

99 1596 209 1653 honore
232 1592 469 1650 beatissimorum
493 1595 619 1651 duodeni
646 1596 738 1668 apicis
763 1596 927 1670 principum
983 1591 1160 1658 districtum,
1177 1591 1420 1665 autquinquidin
1436 1591 1535 1664 aliquo
1551 1593 1809 1665 tenenejuniiein

99 1686 175 1742 Petri
192 1689 221 1741 et
236 1683 328 1749 Pauli,
345 1683 403 1739 Deo
419 1683 560 1756 propicio,
576 1690 691 1741 constat
704 1685 841 1743 nobiliter
860 1686 928 1742 fun·
981 1680 1066 1736 titulo
1082 1679 1138 1736 dici
1155 1684 1271 1753 potest;
1286 1680 1440 1753 videatque
1455 1681 1503 1754 pia
1518 1698 1551 1738 ac
1566 1683 1686 1754 provida
1700 1680 1810 1740 sollici-

98 1777 210 1843 datum,
227 1791 285 1829 non
297 1773 420 1828 minimo
432 1790 519 1847 grege
530 1774 640 1830 ibidem
651 1775 838 1848 opinabiliter
848 1776 929 1832 redo·
981 1769 1083 1826 tudine
1098 1773 1162 1826 tum
1187 1769 1391 1826 ecclesiastica
1413 1773 1477 1826 tum
1502 1769 1644 1828 secularis
1667 1771 1809 1829 celsitudo

98 1864 175 1921 iente
185 1861 409 1929 monachorum,
424 1861 655 1936 contemplativa
666 1863 732 1919 vita
744 1864 928 1921 institutione
983 1859 1133 1932 presentis
1157 1876 1191 1915 ae
1207 1858 1310 1915 futuru
1334 1859 1542 1933 generationis,
1562 1864 1596 1916 ut
1609 1858 1640 1916 id
1664 1861 1741 1935 quod
1757 1878 1810 1934 pro

99 1951 290 2027 probabiliter
301 1951 532 2019 retractantium,
544 1951 927 2025 nostraeserenitatisaliquo
982 1947 1139 2004 Salvatoris
1162 1947 1318 2004 exobtabili
1333 1964 1443 2016 amore,
1460 1966 1512 2022 pro
1528 1948 1671 2006 scelerum
1683 1948 1810 2024 integer-

99 2057 219 2097 munere
234 2039 392 2095 sublimius
412 2039 603 2113 dignaremur
617 2041 764 2098 decorare.
781 2042 832 2098 llst
846 2042 926 2098 enim
981 2035 1058 2093 rima
1071 2036 1265 2110 ademptione,
1282 2054 1334 2109 pro
1349 2038 1440 2094 heatae
1456 2037 1518 2110 spei
1535 2038 1675 2110 perhenni
1690 2055 1810 2113 percep-

98 2127 248 2202 cgregium
264 2126 363 2195 decue,
388 2126 510 2199 eritque,
527 2127 643 2184 Christo
659 2130 781 2197 favente,
797 2130 827 2185 in
843 2147 926 2187 secu·
981 2126 1071 2193 tione,
1087 2125 1229 2199 apostolis
1244 2125 1352 2182 summi
1366 2126 1458 2199 apicis
1473 2127 1672 2200 concedimus,
1687 2133 1766 2185 casto
1780 2133 1811 2186 ct

96 2217 192 2274 lorum
202 2214 365 2289 progenies,
378 2215 471 2287 ipsius
482 2217 652 2272 monasterii
662 2217 928 2292 celsitudosemper
982 2214 1197 2285 inviolabiliter,
1224 2215 1388 2289 suggillatis
1412 2215 1531 2289 penitus
1551 2215 1707 2273 calumniis
1719 2217 1809 2276 totius

97 2306 127 2361 in
143 2304 283 2378 tripudio,
310 2303 403 2377 gloria
427 2305 639 2361 monachorum
664 2306 693 2361 in
721 2307 883 2381 triumpho,
899 2313 928 2365 ct
982 2305 1099 2378 pertidia
1123 2304 1331 2377 conceptionis,
1356 2309 1507 2361 conservet
1532 2305 1561 2360 in
1587 2309 1761 2380 perpetuum
1781 2312 1811 2365 et

96 2394 233 2452 exultatio
249 2393 343 2466 plebis
359 2393 483 2466 spiritali
496 2393 524 2449 in
537 2395 644 2466 jubilo,
661 2399 738 2469 quod
755 2400 830 2466 (128)
847 2399 915 2471 (praa
982 2393 1136 2449 roborante
1151 2392 1281 2449 bonitate
1296 2394 1432 2450 defendat
1445 2393 1475 2450 in
1487 2410 1582 2451 evum.
1594 2395 1736 2462 Quoniam
1747 2396 1810 2469 qni-

95 2483 165 2557 01011
191 2483 292 2539 fideles
317 2483 409 2538 nostri
434 2482 601 2540 serenitatis
625 2490 731 2541 nostra
754 2486 927 2543 fundamine
982 2482 1049 2538 dein
1063 2485 1133 2538 tunc
1149 2481 1222 2538 servi
1239 2482 1288 2538 Dei
1304 2483 1445 2540 attentius
1460 2487 1489 2539 et
1503 2482 1624 2541 liberius
1644 2486 1807 2542 vacabunt:

95 2571 303 2648 perpetualiter
327 2571 449 2644 cupiunt
474 2572 610 2628 stabiliri.
640 2575 752 2632 Nostra
781 2575 927 2651 siquidem
982 2571 1164 2628 orationihus
1188 2571 1213 2626 si
1238 2588 1296 2627 non
1319 2571 1563 2645 inquietabuntur
1590 2573 1677 2629 corda
1706 2591 1808 2631 eorum

98 2659 262 2718 altitudinis
287 2659 517 2716 exorabilitatem
547 2678 630 2734 prece
655 2666 684 2718 et
706 2668 773 2719 voto
802 2653 927 2738 supplici
981 2660 1174 2733 querimoniis
1201 2660 1376 2718 forensibus.
1402 2661 1438 2718 Ut
1455 2667 1552 2718 autem
1569 2661 1598 2717 in
1617 2662 1668 2718 Dei
1691 2664 1809 2721 nomine

98 2750 267 2814 adhierunt,
287 2748 488 2821 principaliter
512 2754 608 2806 tamen
625 2768 658 2807 ac
683 2753 827 2825 precipue
851 2754 928 2810 circa
981 2749 1036 2806 hoc
1052 2749 1180 2806 edictum
1197 2750 1380 2807 auctoritatis
1390 2754 1496 2807 nostra
1512 2751 1541 2806 in
1557 2751 1730 2809 seculorum
1746 2770 1812 2809 suc·

99 2841 233 2896 decorem
250 2838 417 2894 domusDei
429 2838 602 2895 mirabiliter
612 2841 818 2898 ardentissimo
829 2860 928 2901 amore
982 2838 1112 2894 cessione
1133 2838 1265 2895 validiori
1290 2839 1434 2895 innitetur
1457 2839 1565 2913 vigore,
1588 2858 1676 2897 menn
1692 2842 1810 2915 propria

101 2928 241 2986 divinitus
260 2927 403 3000 inspirati.
430 2928 581 2984 Menrornti
610 2929 705 2986 fidelis
724 2932 815 2987 nostri
831 2949 864 2988 ao
881 2934 927 2990 di·
981 2927 1078 3000 ipsum
1095 2927 1357 3001 substipulavimus
1374 2933 1402 2985 et
1416 2928 1498 2986 anuli
1514 2929 1606 2986 nostri
1632 2929 1810 3004 sigillatione

101 3017 167 3075 lccti
191 3015 306 3072 comitis
325 3016 444 3084 Odonis,
465 3016 494 3072 10
520 3018 606 3089 cujus
620 3019 727 3093 oppido
743 3021 926 3094 prelibatum
981 3016 1131 3073 informari
1154 3021 1240 3090 atque
1264 3016 1411 3074 nobilitari
1435 3017 1656 3092 imperavimus.
1671 3047 1707 3064 ·-
1724 3021 1809 3078 Anno

101 3106 280 3163 disnoscitur
294 3122 358 3161 esse
373 3106 547 3174 amachium,
565 3108 660 3181 ipsius
676 3126 792 3182 quoque
803 3112 865 3182 jam
882 3112 925 3167 di·
982 3106 1195 3183 iucarnationis
1218 3106 1375 3164 Dominicis
1399 3124 1600 3165 nccccnxxxvu
1624 3109 1709 3181 (129),
1731 3127 1808 3167 auno

100 3200 152 3252 cta
168 3194 302 3267 conjugis
324 3200 425 3263 horta,
449 3196 545 3268 neptis
569 3202 684 3265 nostrae,
701 3199 845 3272 supplicia
857 3205 924 3256 vota
940 3186 961 3253 G
979 3213 1044 3251 xxxi
1060 3199 1198 3268 regnante
1213 3196 1320 3252 domno
1341 3196 1478 3253 Lothario
1501 3196 1714 3270 gloriosissimo
1729 3215 1807 3272 rege.

100 3285 225 3357 henigne
240 3285 335 3339 favore
351 3282 517 3351 extiterunt,
543 3285 684 3357 quatinus
699 3288 734 3342 ob
750 3292 883 3345 nostrum
900 3293 929 3346 et
981 3285 1085 3340 Acium
1101 3285 1276 3357 COfflPfflldiO
1301 3284 1420 3357 1111110·
1436 3287 1496 3359 11110
1510 3285 1660 3354 1111011118,
1677 3287 1809 3345 notarim

100 3391 188 3430 suurn
204 3371 311 3428 ibidem
327 3372 495 3428 memoriale
507 3377 645 3429 aetornum
663 3375 801 3446 sepedicti
818 3377 928 3450 sepius·
982 3374 1017 3429 ad
1028 3373 1229 3429 vicemdomni
1239 3373 1431 3431 adalberonis
1441 3374 1652 3447 archiepiscopi
1662 3379 1690 3432 et
1698 3377 1809 3434 summi

100 3477 158 3534 que
173 3461 287 3516 dicendi
304 3460 465 3516 archisterii
481 3461 653 3532 claustrum,
672 3465 834 3521 cumomni
851 3466 927 3524 inte·
981 3461 1157 3530 cancellarii,
1183 3461 1345 3535 recognovi·
1365 3463 1395 3519 S·
1413 3463 1523 3521 Odonis
1548 3463 1673 3521 comitis.
1698 3465 1728 3522 S·
1746 3465 1809 3522 Gil-

100 3551 205 3623 gritate
216 3566 336 3605 suorum
349 3549 576 3622 apenditiorum,
588 3568 689 3607 eorum
701 3552 885 3627 acilicctqua
897 3556 926 3612 in
981 3551 1074 3607 duini.
1105 3552 1134 3607 S.
1151 3550 1305 3607 Fulcbcrii.
1331 3552 1361 3608 S.
1386 3551 1522 3609 Alcherii.
1549 3554 1579 3618 S,
1596 3553 1754 3611 leudonis.
1777 3556 1807 3614 S.

96 3640 164 3712 jure
179 3638 387 3696 beneficiorum
407 3642 457 3694 aut
481 3640 684 3713 comitatuum)
704 3643 816 3714 praelati
831 3644 927 3702 fidelis
982 3639 1102 3695 liuberti
1118 3644 1146 3696 et
1160 3640 1213 3695 filii
1228 3641 1292 3712 ejus
1303 3640 1433 3696 Huberti·
1449 3641 1478 3698 S·
1491 3641 1610 3699 Odonis.
1624 3643 1653 3698 S.
1666 3642 1807 3716 lingonis

101 3726 192 3784 nostri
217 3726 333 3783 comitis
357 3727 466 3784 Odonis
483 3728 541 3784 sive
568 3745 666 3802 propo,
692 3730 752 3786 sive
775 3732 870 3805 longe,
896 3733 925 3789 in
981 3730 1010 3785 S.
1028 3728 1173 3785 Rainaldi.
1200 3730 1229 3785 S.
1245 3728 1459 3786 linchembaldi.
1482 3730 1511 3787 S.
1528 3729 1696 3787 dilanias.
1714 3732 1807 3812 Guaq·

100 3818 231 3890 ejusdem
249 3817 416 3872 monasterii
434 3817 619 3888 possessione
633 3820 777 3891 pertinere
799 3838 850 3877 seu
866 3839 925 3878 res·
980 3817 1076 3873 celini.
1093 3818 1122 3874 S.
1138 3817 1267 3874 Adreldi·
1285 3819 1314 3875 S·
1327 3818 1438 3876 Helvei.
1456 3819 1485 3876 S·
1498 3818 1659 3876 Hannonis¹
1676 3820 1706 3877 S.
1723 3821 1808 3878 Nive·

99 3906 195 3978 picere
210 3905 355 3971 videntur,
372 3905 414 3960 rcl
427 3905 557 3961 lidelium
572 3907 722 3964 devotione
736 3910 836 3967 futuro
852 3916 926 3968 tem·
979 3905 1067 3963 lonis·
1083 3908 1113 3964 S·
1131 3906 1279 3963 Rodberti.
1299 3929 1312 3956 u

100 4011 169 4067 pore
183 3992 292 4048 ibidem
308 3994 482 4061 conseretur,
499 3999 603 4052 nostra
615 3996 771 4053 soliditatis
786 4015 925 4070 processu
1260 4013 1469 4071 CAP1TULUM
1490 4014 1524 4072 11,

99 4082 445 4156 quasimuroctquodam
456 4084 631 4141 antemurali
641 4086 677 4140 ah
689 4087 925 4146 omniexactione
979 4104 1016 4160 0,)
1029 4102 1177 4160 aamercort
1198 4111 1223 4159 es
1248 4104 1324 4160 goni,
1351 4104 1426 4160 pitia
1448 4103 1553 4162 daiga
1577 4105 1699 4173 viviano,
1722 4108 1808 4177 fram·

99 4188 187 4244 quam
213 4175 328 4227 terrena
354 4172 475 4242 justicia
503 4172 618 4229 videtur
645 4175 771 4251 exigere,
799 4175 924 4234 liberum
1315 4175 1466 4232 reinherii.

99 4261 268 4317 redderetur
289 4265 318 4316 et
332 4263 474 4317 immune.
502 4262 593 4334 Igitur
608 4264 643 4319 de
667 4263 717 4320 Dei
734 4281 823 4321 causa
838 4269 925 4339 atque
1299 4264 1394 4332 (Anno
1408 4263 1485 4333 988.)

98 4350 231 4421 ejusdem
247 4349 300 4406 loci
325 4351 484 4406 reverentia
500 4351 545 4423 pie
565 4355 785 4424 pertractantes,
802 4371 854 4427 per
874 4356 923 4412 de·
1017 4350 1208 4425 «Singularis
1224 4368 1331 4408 necnec
1355 4352 1501 4425 praecipua
1517 4356 1546 4408 et
1560 4353 1664 4409 divinae
1689 4353 1805 4410 miseri-

98 4438 293 4510 precationem
315 4441 500 4512 praelatorum
518 4440 647 4496 bdelium
663 4446 924 4511 0001100110,οα-
978 4441 1082 4498 cordia
1099 4457 1196 4508 causa,
1213 4439 1283 4513 quia
1307 4441 1482 4514 benignitati
1506 4441 1663 4498 Salvatoris
1687 4443 1804 4499 Domini

97 4526 175 4584 xime
191 4531 287 4584 tamen
311 4529 492 4602 supplicibus
507 4529 581 4586 votis
597 4547 741 4587 consensu
757 4532 924 4604 pariterque
938 4555 963 4620 D
979 4530 1029 4586 uei
1041 4529 1804 4606 nostri,eadignati0nisratione,humanairagilitati

97 4617 223 4690 benigno
239 4618 374 4689 superius
386 4617 528 4673 nominati
544 4619 638 4674 fidelis
649 4619 740 4674 nostri
752 4620 860 4677 Odonis
875 4639 922 4677 co·
979 4623 1088 4675 naturae
1104 4618 1214 4692 placuit
1224 4619 1400 4692 providendo
1416 4618 1567 4676 consulere
1581 4624 1609 4675 ct
1623 4619 1804 4679 consulendo

98 4706 178 4761 mitis
198 4723 287 4762 necne
311 4706 405 4779 ipsius
428 4709 552 4780 praelata
578 4707 721 4780 conjugis,
739 4725 874 4781 quorum,
891 4715 924 4767 ut
977 4708 1127 4781 providere
1142 4712 1175 4764 ut
1188 4707 1219 4763 ia
1240 4708 1348 4764 divinis
1363 4707 1563 4766 voluminibus
1577 4712 1605 4765 et
1619 4709 1700 4766 sanis
1716 4727 1803 4767 orna·

97 4794 208 4850 dictum
224 4796 454 4868 est,supplicitor
468 4795 630 4867 invigilanti
647 4796 780 4853 sollercia
794 4815 922 4870 praeseus
976 4801 1076 4854 menta
1098 4799 1127 4853 et
1148 4796 1256 4871 egrotis
1279 4813 1408 4870 congrua
1432 4797 1643 4870 dispensaverit
1661 4798 1802 4856 remedia.

97 4889 202 4939 nostrae
217 4885 398 4940 auctoritatis
409 4883 576 4956 supradicto
587 4886 763 4942 monasterio
775 4887 922 4944 confertur
975 4889 1047 4942 Cum
1069 4884 1147 4942 enim
1175 4903 1232 4941 non
1249 4886 1288 4942 sit
1302 4885 1441 4959 possibile
1466 4885 1624 4959 quemlibet
1647 4885 1803 4945 hominum

96 4973 233 5040 anchora,
260 4990 292 5028 ex
317 4990 396 5028 moro
420 4974 504 5045 regin
529 4973 711 5030 celsitudinis
740 4975 921 5032 decrevimus
976 4974 1805 5050 corruptionissurelabemellugere,immunemquepea·

96 5066 184 5133 atque
192 5061 398 5118 constituimus
408 5063 725 5133 prenotatnmorniurii
736 5062 843 5134 locum,
853 5081 921 5124 cnm
976 5063 1031 5120 cati
1046 5063 1076 5118 in
1092 5063 1146 5119 hac
1170 5063 1334 5136 corruptela
1356 5063 1461 5133 vivere,
1479 5065 1605 5138 providit
1619 5064 1686 5138 pius
1701 5069 1730 5122 et
1745 5065 1802 5123 mi-

132 5187 206 5255 (127)
230 5185 289 5241 Qdo
304 5186 325 5250 l,
351 5185 538 5242 carnotensis
562 5203 669 5251 comes,
692 5206 811 5246 uxorem
839 5190 921 5247 duxit
968 5189 1024 5261 101·
1040 5190 1153 5245 inserees
1176 5188 1245 5245 dona
1258 5205 1304 5245 ma
1319 5191 1395 5262 copie
1409 5189 1441 5245 de
1456 5188 1535 5257 1771,
1550 5198 1636 5262 ayant
1659 5188 1803 5259 l'originat

96 5257 222 5317 eertum.
239 5255 360 5311 Conradi
378 5257 454 5328 regis
471 5255 619 5313 Arelatum
637 5258 737 5327 tiliam,
763 5278 836 5333 quae,
853 5266 920 5333 0001
972 5259 1070 5316 deerunt
1085 5261 1123 5315 tea
1138 5277 1220 5332 year.
1237 5283 1251 5312 n
1269 5260 1380 5328 Quibus
1396 5260 1514 5317 omissis
1533 5261 1642 5333 pariter
1656 5261 1686 5317 in
1701 5261 1802 5319 codice

96 5331 219 5383 mortem
241 5326 360 5398 Odonis,
386 5345 462 5382 anno
477 5329 539 5396 995,
564 5331 665 5401 nupsit
691 5331 824 5401 Roberto,
847 5333 917 5406 regi,
973 5331 1004 5397 B,
1022 5336 1136 5387 constat
1151 5337 1195 5399 (ut
1210 5348 1285 5403 saepe
1301 5330 1382 5402 alibi)
1405 5332 1534 5388 codicem
1551 5331 1634 5388 illum
1649 5348 1684 5388 ex
1698 5333 1800 5391 codice

95 5397 226 5470 Hugonis
241 5399 389 5470 Capitonis
405 5398 473 5455 lilio.
972 5406 993 5455 Α
1013 5401 1103 5458 fuisse
1117 5403 1308 5474 descriptum.

131 5471 204 5535 (inq
229 5470 316 5526 lincis
341 5469 454 5526 inclusa
477 5472 659 5541 sumpsimus
688 5489 721 5527 cu
751 5474 917 5556 apographo
1008 5474 1081 5544 (129)
1097 5474 1318 5530 Emendandum
1342 5473 1405 5543 1185,
1421 5490 1488 5529 cum
1511 5475 1680 5533 auctoribus
1700 5475 1800 5534 Gallie

96 5537 196 5594 donini
213 5541 317 5614 ltluley.
335 5542 385 5614 qui
397 5541 509 5597 addidit
522 5542 609 5597 etiam
620 5542 650 5597 in
668 5542 760 5627 ipsius
776 5545 917 5602 codicisA
972 5543 1149 5614 Christiane,
1165 5550 1186 5602 t.
1202 5545 1278 5613 Vlll,
1295 5546 1392 5618 insta,
1408 5545 1463 5601 col.
1478 5546 1542 5603 295.
1705 5562 1708 5566 ·

96 5611 245 5684 margine:
266 5637 276 5663 n
294 5614 421 5670 t’cuteur
436 5616 547 5686 upcase
559 5615 597 5671 tei
608 5615 747 5687 ptuawars
763 5616 851 5685 tinne
865 5633 917 5690 que
