3816 6006
96 248 174 308 l093
593 194 783 309 ⁹ANONYhss
806 243 1007 328 NAltltA'llO
1028 242 1139 306 Bubul
1162 243 1286 306 SACRI.
1716 248 1795 308 1094

93 377 267 436 Ascalonem
283 394 350 433 cum
367 382 484 434 rentum
501 378 632 435 millibus
646 379 780 452 equitum
804 383 833 435 et
853 396 921 452 qua·
934 379 962 446 Α
978 377 1072 434 ferens
1080 393 1194 433 crucem
1208 375 1325 445 Christi,
1336 376 1427 433 abbas
1435 376 1505 434 olim
1513 377 1713 436 cluniacencis
1725 381 1796 437 Pon-

94 467 396 542 driugeutismillihus
407 468 738 540 peditum.Quibuscum
746 468 922 526 occurrisset
974 466 1033 522 tius
1049 467 1198 540 proterens
1213 465 1522 523 lanceamtranstrxam
1532 468 1561 522 in
1576 467 1665 525 latere
1678 467 1795 525 Christi.

95 557 238 614 exercitus
253 556 380 626 Domini,
397 558 424 612 iu
443 575 500 630 quo
517 576 574 613 uon
591 558 658 630 plus
681 575 769 631 quam
792 558 922 631 quinque
976 556 1138 628 Episcopus
1153 553 1356 612 bethleemites
1372 556 1466 612 serens
1481 556 1510 612 in
1526 556 1622 629 pixide
1635 556 1679 612 lac
1691 562 1798 613 sancte

95 646 188 702 millia
202 647 333 719 equiturn
350 653 378 703 et
392 647 561 717 quindecim
578 646 670 703 millia
680 647 813 719 peditum
828 652 920 714 eraut,
976 645 1072 701 Alariru
1083 645 1525 718 perpetuavirginis.Sarraceni
1535 663 1602 702 vero
1614 663 1799 719 quaquaver-

95 737 154 792 Deo
169 753 218 808 pro
234 735 325 792 servis
341 736 402 791 suis
418 737 452 792 ed
464 753 493 791 sc
512 734 709 791 clamantibus
726 740 885 809 pugnante,
894 739 923 791 et
976 751 1042 790 sum
1058 734 1141 790 eliusi
1159 752 1193 790 ex
1208 734 1288 789 omni
1302 734 1392 790 latare
1408 733 1436 788 iu
1453 734 1552 791 orbem
1564 736 1800 811 circumcingunt

96 825 173 882 nube
189 842 238 881 eos
252 826 288 881 ab
304 829 376 880 aestu
391 824 462 880 solis
485 825 666 893 defendente,
687 824 839 881 Sarraceni
861 823 923 880 solo
976 822 1169 888 Christianos,
1186 840 1221 879 ne
1236 823 1303 894 quis
1318 822 1411 895 possit
1427 823 1553 896 elingere
1580 824 1629 894 [ut.
1655 825 1798 898 evaderel.

95 912 924 986 Christianorumimpetuterriti,omnesprojectisarmis
978 917 1051 968 Dum
1074 911 1116 968 ita
1139 911 1168 967 in
1193 912 1343 984 procinctu
1374 912 1483 968 haerent
1506 913 1674 982 Christiani,
1701 914 1801 970 vident

96 1005 244 1076 sugerunt,
261 1002 330 1058 etin
347 1003 400 1058 hoc
410 1003 583 1071 sextoheilo,
595 1003 632 1058 lV
640 1002 785 1058 Kalendas
799 1001 923 1074 Augusti
977 1002 1035 1057 Deo
1051 1001 1105 1057 sihi
1122 1001 1240 1074 auspice
1256 1000 1441 1074 splendorem
1456 1001 1549 1059 scisso
1565 1019 1630 1059 aere
1645 1019 1735 1075 super
1746 1020 1801 1076 pa·

95 1093 182 1160 sacto,
200 1109 273 1148 cassa
284 1097 354 1147 suut
364 1094 481 1148 oenium
494 1092 585 1148 millia
594 1109 786 1165 paganorum.
797 1092 828 1146 lu
839 1095 924 1163 porta
977 1107 1068 1163 genos
1078 1090 1175 1146 subito
1183 1089 1333 1158 cecidisse,
1344 1091 1394 1146 sed
1406 1108 1463 1146 non
1474 1093 1717 1163 prosperum‚sed
1728 1091 1801 1150 satis

95 1199 161 1237 vero
176 1180 317 1237 Ascalone
333 1182 467 1237 suffocati
484 1187 554 1237 sunt
570 1182 628 1238 duo
644 1181 747 1247 millia,
770 1184 797 1237 et
822 1196 922 1236 eorum
978 1180 1123 1245 nocivum,
1140 1179 1273 1252 quamvis
1284 1178 1361 1235 huuc
1373 1179 1429 1252 ipsi
1441 1180 1657 1238 Sarraceniuou
1665 1180 1800 1238 viderint.

96 1269 146 1341 qui
162 1269 191 1325 in
208 1270 282 1325 mari
293 1270 452 1343 perierunt,
463 1275 492 1326 et
505 1271 554 1343 qui
567 1271 642 1326 inter
653 1270 770 1341 spineta
783 1269 924 1326 silvorum
978 1267 1057 1324 lllico
1078 1268 1157 1324 enim
1172 1267 1252 1323 omui
1280 1267 1386 1323 virium
1412 1269 1514 1326 robore
1536 1270 1674 1337 enervati,
1690 1269 1802 1344 passim

96 1359 263 1431 consumpti
280 1363 360 1427 sunt,
379 1376 521 1415 uumerus
537 1359 677 1415 nescitur.
979 1357 1123 1430 fugientes
1138 1357 1299 1424 creduntur,
1312 1374 1370 1413 uon
1387 1357 1482 1414 solum
1494 1358 1600 1426 aviris,
1616 1360 1666 1417 sed
1682 1359 1803 1416 etiams

133 1449 176 1503 ll.
197 1450 271 1504 Duce
287 1448 443 1504 Godeirido
458 1448 549 1504 electo
574 1449 609 1504 ad
632 1446 859 1521 principandum
882 1465 925 1503 re·
978 1447 1077 1519 pueris
1092 1450 1120 1500 et
1135 1443 1262 1501 seminis
1280 1446 1431 1503 Perierunt
1441 1446 1470 1502 in
1486 1446 1563 1504 bello
1575 1453 1686 1521 septem
1695 1446 1799 1517 millia,

97 1535 285 1591 manentibus
300 1536 329 1589 in
345 1535 520 1603 Jerusalem,
549 1536 644 1591 crateri
669 1535 822 1607 ppincipes
845 1553 926 1608 repa·
979 1535 1124 1591 submersi
1141 1534 1255 1592 suntin
1271 1535 1355 1607 aquis
1371 1535 1501 1609 quinque
1517 1536 1619 1593 millia.

97 1624 198 1679 trient.
215 1624 306 1698 Capta
317 1628 361 1680 est
376 1629 475 1680 autem
492 1624 655 1681 Jerusalem
671 1630 738 1696 post
754 1641 847 1681 annos
867 1624 925 1680 cir·
1016 1625 1049 1678 13
1066 1624 1096 1678 lu
1113 1623 1242 1680 secundo
1258 1629 1356 1680 autem
1372 1641 1449 1680 auno
1464 1629 1530 1697 post
1543 1625 1606 1682 hrec
1621 1626 1727 1699 Tyrus,
1747 1624 1803 1681 lle-

97 1713 171 1768 citer
186 1713 416 1787 quadringentos
431 1713 583 1786 sexaginta
598 1729 632 1768 cx
647 1730 704 1786 quo
723 1715 778 1769 suh
794 1712 924 1770 Heraclio
941 1712 1057 1812 Bhrea
1072 1711 1173 1785 lingua
1183 1712 1239 1767 Sur
1250 1711 1337 1780 dicta,
1350 1713 1421 1768 urhs
1436 1713 1584 1769 maritima
1609 1712 1763 1784 Phoenicis,
1775 1718 1804 1770 et

98 1801 276 1874 imperatore
292 1803 420 1858 secunda
444 1802 505 1858 vice
519 1807 604 1875 capta
620 1819 754 1875 possessa
768 1807 812 1858 est
827 1819 843 1858 a
859 1803 924 1858 Sar·
980 1802 1111 1872 antiqua.
1128 1799 1156 1854 in
1173 1801 1258 1856 corde
1273 1800 1364 1856 maris
1379 1801 1445 1866 sita,
1462 1801 1656 1875 Sydouiorum
1678 1800 1801 1871 colonia,

99 1890 223 1947 roconis.
248 1892 362 1964 sipost
392 1891 452 1946 hac
481 1891 585 1964 quinto
612 1909 689 1947 auno
716 1891 925 1963 ierosolymitae
980 1888 1137 1962 negotiatio
1153 1887 1252 1958 uraris,
1269 1889 1432 1961 emporium
1448 1890 1538 1947 totius
1562 1891 1651 1948 orbis.
1667 1890 1803 1948 vaticinio

96 1983 225 2035 Accaron
242 1980 343 2036 urbem
357 1981 487 2053 capiunt,
504 1985 533 2035 et
548 1980 575 2036 iu
592 1980 725 2052 sequenti
743 1997 818 2036 anno
834 1979 926 2035 inuu-
981 1978 1191 2051 Prophetarum
1202 1976 1356 2044 celebrata,
1367 1985 1395 2034 et
1403 1979 1583 2036 carminibus
1594 1985 1745 2053 poetarum
1761 1979 1805 2035 in·

99 2068 269 2126 morabilem
280 2086 459 2143 paganorum
473 2069 692 2124 multitudinem
702 2068 828 2142 glorioso
840 2068 927 2126 victo·
981 2066 1066 2140 clyto,
1084 2065 1153 2122 olim
1171 2066 1289 2139 quidem
1310 2066 1417 2135 insula,
1441 2068 1491 2124 sed
1507 2068 1805 2125 aNahuchodouosor

100 2159 144 2212 ria
158 2162 267 2214 terunt.
980 2156 1025 2211 vel
1049 2156 1084 2211 ab
1104 2153 1265 2211 Alexandro
1290 2157 1407 2229 propter
1431 2157 1675 2230 expugnationem
1699 2157 1804 2215 multis

140 2247 181 2302 le.
199 2248 234 2301 llt
249 2251 316 2318 post
330 2248 390 2301 har
407 2248 506 2302 omnia
521 2247 608 2302 Xi'lll
621 2264 696 2301 anuo
714 2246 872 2301 Baldoiuus
889 2249 927 2315 (2)
982 2245 1011 2298 io
1029 2243 1105 2299 brevi
1119 2243 1804 2317 lrctoaggerihuscomportatis,terracoutiueus

102 2335 351 2408 ierosolymorum
368 2353 449 2392 rcxa
469 2336 637 2392 sarracenis
662 2335 785 2407 capitur,
811 2352 868 2408 qua
892 2336 928 2390 de
983 2336 1068 2399 lactu,
1087 2332 1804 2409 pridemaNabuchodonosorexpugnate,etpar·

102 2440 133 2479 re
156 2429 254 2480 mento
277 2425 457 2492 excedentes,
475 2426 603 2497 undique
622 2441 739 2480 versum
756 2424 876 2495 evocati,
892 2423 928 2479 ad
982 2425 1035 2478 tim
1052 2423 1206 2494 captivata,
1218 2426 1246 2478 et
1255 2427 1357 2495 postea
1366 2423 1403 2479 ah
1415 2422 1574 2479 Alexandro
1583 2425 1699 2497 penitus
1710 2440 1805 2498 usquc
1837 2490 1840 2497 Ι

102 2514 255 2586 sexaginta
270 2512 362 2568 millia
385 2511 650 2586 conglomerantur,
677 2515 709 2566 ut
733 2511 929 2568 Chritiauosa
983 2501 1742 2586 adsolumdirutaetdestructa,sedjuxtaprophetas
1753 2531 1806 2587 per

103 2604 214 2659 finibus
230 2602 292 2658 suis
308 2603 509 2670 exterminent,
524 2606 553 2657 et
569 2602 646 2674 apud
663 2600 786 2657 Ascalon
803 2600 928 2673 impedi·
984 2600 1171 2673 septuaginta
1179 2616 1270 2655 annos
1278 2600 1804 2675 reedificata,etiuantiquumstatum
1892 2627 1898 2635 ·

105 2697 207 2749 menta
222 2709 275 2747 sua
288 2692 505 2758 commendant,
519 2691 629 2747 scilicet
644 2707 757 2757 uxores,
775 2689 888 2746 soboles
902 2694 930 2745 et
984 2689 1128 2755 restituta,
1145 2687 1252 2743 nostris
1265 2688 1352 2745 modo
1370 2689 1552 2761 temporibus
1564 2689 1593 2745 iu
1604 2691 1661 2747 line
1672 2691 1805 2748 muudia

102 2780 251 2837 victualia.
267 2780 423 2836 Christiani
440 2780 467 2834 iu
490 2784 570 2836 arcto
586 2779 686 2845 Positi,
699 2778 771 2834 nihil
787 2777 848 2852 spei
872 2777 929 2835 nisi
984 2774 1157 2833 Christianis
1173 2779 1250 2831 terra
1265 2775 1396 2848 marique
1411 2778 1516 2834 obessa
1531 2777 1654 2850 capitur,
1669 2783 1698 2836 et
1711 2779 1806 2836 Chris·

106 2871 136 2926 iu
155 2870 246 2925 Deum
267 2868 418 2934 habentes,
442 2866 572 2939 exemplo
596 2866 791 2921 Ninivitarum
815 2865 931 2938 utrique
985 2864 1022 2921 sti
1050 2864 1172 2936 imperio
1196 2864 1380 2936 subjugatur.
1400 2865 1430 2921 lu
1447 2865 1532 2921 tertio
1556 2884 1633 2924 anuo
1655 2872 1722 2941 post
1743 2867 1805 2926 haeo

106 2959 187 3016 sexui
200 2957 348 3030 jejunium
360 2956 503 3022 indicunt,
514 2955 612 3028 pueris
622 2953 709 3010 etiam
721 2953 883 3010 infantibus
893 2955 931 3010 la·
986 2953 1145 3009 halduinus
1161 2969 1210 3007 rex
1223 2952 1398 3022 Jerusalem,
1410 2955 1478 3010 data
1489 2956 1699 3028 redemptione,
1710 2973 1728 3012 a
1739 2958 1805 3014 Sar

109 3048 269 3115 rteutihus,
282 3046 416 3102 universo
430 3062 546 3117 quoque
558 3044 652 3117 pecori
663 3042 928 3116 pabulauegantur.
984 3043 1098 3098 racenis
1113 3042 1281 3097 dimittitur.
1298 3041 1332 3097 ut
1345 3041 1375 3097 in
1392 3046 1494 3114 quarto
1507 3059 1584 3099 anuo
1596 3049 1662 3117 post
1676 3044 1747 3111 hec,
1759 3063 1804 3101 uo·

107 3137 177 3192 Dies
188 3152 293 3208 puguae
310 3133 623 3205 indicitur,procedunt
634 3131 814 3187 Clrristicum
828 3131 929 3187 militi·
945 3111 966 3177 G
986 3149 1038 3205 pos
1052 3130 1213 3204 supradicti
1229 3130 1305 3203 regis
1319 3147 1336 3185 a
1351 3131 1651 3204 Sarraccniscapitur,
1667 3137 1695 3189 et
1705 3133 1733 3187 iu
1745 3149 1807 3189 mo·

107 3219 934 3296 bus,etpedibitusvixtriamilliaaestimatiprincipesque·
986 3223 1058 3277 dum
1074 3219 1144 3292 ligni
1161 3235 1212 3292 per
1227 3218 1356 3275 medium
1372 3223 1496 3277 secatur.

109 3315 233 3370 diuntur
245 3312 276 3367 in
293 3313 396 3378 lroute,
413 3309 524 3367 scilicet
540 3309 706 3381 patriarcha
716 3326 767 3382 pro
775 3307 879 3364 vexillo
889 3310 932 3365 oi·

138 3468 178 3538 (2)
194 3464 263 3521 Cod.
280 3464 310 3520 iu
326 3479 418 3536 marg.
437 3480 444 3518 :
461 3464 513 3519 iste
528 3462 679 3517 lietduinus
694 3478 743 3517 rex
753 3463 808 3534 suit
821 3463 1029 3536 filiusllcpour's
1043 3463 1149 3519 comitis
1163 3461 1195 3519 dc
1207 3462 1332 3519 aeterra.

393 3864 549 3927 VERSUS
565 3862 616 3924 Dll
630 3863 734 3924 VlltlS
752 3862 1009 3925 IbLUSTRlBUS
1030 3860 1231 3924 DIOECliSlS
1246 3861 1519 3925 rAavANnNsls

699 4040 756 4116 Oet
771 4040 801 4101 in
816 4059 903 4103 ruera
916 4039 1002 4121 suere
1016 4037 1213 4122 expeditione.

266 4231 393 4298 (reama.
411 4227 493 4295 ibid,
508 4243 542 4282 ex
558 4243 614 4282 ms.
631 4223 829 4281 illustrissimi
843 4225 952 4282 demini
968 4224 1137 4294 chauvelin,
1150 4224 1297 4298 regiorum
1313 4223 1478 4299 sigillorum
1493 4226 1647 4298 custodis.)

141 4558 270 4631 Contigit
282 4557 311 4613 in
323 4557 431 4614 nostris
447 4557 585 4629 quiddam
600 4558 752 4613 Tarvenna
764 4557 880 4626 diebus,
947 4561 971 4625 Ι)
986 4557 1056 4612 Inde
1072 4559 1231 4630 potestates
1243 4554 1292 4612 alii
1308 4559 1427 4612 tenuere
1442 4555 1580 4614 minores.

104 4648 187 4705 Unde
203 4648 260 4703 Deo
275 4646 377 4703 laudes
392 4647 552 4702 immensas
568 4647 688 4702 reddere
703 4646 801 4716 debes,
988 4645 1198 4718 Falhcmherga
1212 4661 1300 4701 suum
1316 4644 1395 4701 dedit
1410 4645 1562 4719 liugouem
1577 4645 1739 4715 domiuum,
1756 4647 1808 4720 qui

106 4736 159 4802 Qui
177 4736 326 4808 dignando
342 4741 408 4791 tuos
423 4735 509 4807 elegit
523 4734 741 4807 parrochianos,
986 4734 1118 4790 Obtinuit
1132 4739 1223 4790 totam
1238 4734 1386 4806 regionem
1400 4733 1580 4808 Tyberiadis.

106 4826 185 4890 Quos
199 4823 404 4895 hierosolyma
419 4840 501 4891 reges
517 4823 595 4879 dedit
611 4829 639 4879 et
654 4825 845 4896 patriarchas.
986 4823 1091 4880 Harhel
1107 4824 1259 4880 hamensis
1274 4824 1308 4878 fit
1322 4822 1457 4895 princeps
1474 4823 1669 4880 Caesarieusis.

107 4912 204 4968 Primo
221 4913 405 4981 Godelridus,
422 4911 583 4969 Balduinus
598 4929 664 4968 vero
680 4914 837 4982 secundus,
987 4913 1162 4969 Eustachius
1178 4917 1265 4968 notus
1280 4911 1374 4979 miles,
1391 4911 1564 4986 cognomine
1579 4913 1700 4982 Gemirs,

106 5001 245 5072 Ejusdem
262 5002 360 5057 irater.
377 5001 445 5056 Post
459 5001 538 5055 hunc
554 5001 685 5072 regnavit
700 5007 821 5074 uterque
988 5001 1096 5057 Fulcho
1112 5001 1263 5058 Gisueusis
1278 5001 1381 5056 urbem
1397 5001 1491 5057 tenuit
1501 5001 1622 5073 Baruth,
1638 5001 1668 5058 iu
1680 5020 1739 5076 qua

106 5088 198 5145 Filius
214 5090 362 5146 Eustachii
379 5090 503 5148 comitis.
521 5107 596 5162 quos
612 5090 717 5146 nobilis
732 5091 792 5158 Ida,
986 5091 1116 5147 Antiates
1131 5090 1206 5147 sedit
1221 5089 1382 5145 Balduinus
1398 5089 1590 5159 Boloniensis,

105 5177 195 5250 Spem
208 5182 265 5235 tue
281 5180 360 5253 genti
383 5178 504 5236 feliciter
518 5179 609 5235 edidit
623 5179 712 5235 omui.
987 5180 1022 5235 lit
1037 5185 1166 5236 castrum
1183 5179 1329 5252 quoddam
1342 5179 1419 5251 quod
1435 5180 1808 5238 sauctidecituuAbraham

103 5265 223 5323 Primus
237 5267 411 5325 Evermarus
425 5269 501 5324 sedit
515 5267 682 5342 patriarcha
696 5266 832 5340 sepulcri,
987 5267 1069 5341 Hugo
1086 5267 1260 5323 Rebecensis
1274 5266 1370 5323 tenuit
1383 5265 1468 5324 miles
1483 5284 1652 5341 generosus.

102 5352 175 5414 Post
189 5355 268 5412 hunc
281 5356 422 5413 Aruulius
437 5357 580 5413 oriundus
595 5361 717 5430 uterque
733 5357 842 5423 Cickes,
988 5356 1020 5411 lli
1037 5372 1128 5429 reges,
1145 5354 1175 5411 hi
1190 5355 1355 5429 pontifices,
1372 5355 1542 5430 dominique
1552 5357 1632 5414 luere

102 5443 224 5502 Praeluit
237 5450 267 5502 et
281 5445 390 5519 templo
406 5450 477 5502 tuus
492 5445 716 5502 archidiaconus
731 5450 799 5502 ante
986 5444 1019 5502 ln
1033 5443 1224 5518 ierosolyma,
1242 5460 1294 5501 nec
1309 5460 1367 5500 nou
1382 5444 1535 5503 infinibus
1549 5447 1614 5520 ejus
1692 5438 1696 5444 ’

102 5531 156 5592 Vir
170 5534 282 5608 probus
297 5539 326 5592 et
340 5535 459 5611 sapiens
472 5538 502 5593 et
516 5533 670 5612 religiosus
685 5534 845 5594 Achardus.
986 5535 1075 5606 Quas,
1091 5533 1254 5608 Tarvenna,
1268 5534 1339 5592 tuus
1353 5531 1452 5594 emisit
1464 5534 1663 5612 pontificatus.
1775 5604 1780 5609 ,
