3816 6006
113 270 193 341 'l'12l
446 273 624 340 HOHlLlAE
643 274 684 338 tu
704 273 832 338 emer.
853 275 905 338 ur
924 273 1069 339 lthNG.
1093 272 1270 339 neutum.
1285 272 1439 338 -ratts
1459 273 1485 338 l.
1717 273 1823 345 dm

115 412 179 471 suls
194 409 385 478 famulantur,
399 409 449 483 qui
465 410 500 466 dc
515 409 601 467 mulis
613 426 714 465 eorum
731 411 809 465 novit
821 411 937 467 boneia·
951 409 979 477 Α
994 425 1061 465 cum
1078 408 1140 481 ipso
1155 409 1292 464 eumdem
1309 424 1367 465 non
1381 425 1417 464 ex
1430 406 1494 464 vlrii
1508 405 1691 477 seminatori
1706 424 1741 465 ex
1754 410 1818 484 Spi-

115 516 190 560 eers.
207 502 267 558 Nos
282 517 349 556 raro
363 499 478 568 iratres,
496 499 519 555 si
540 499 593 555 filii
609 500 671 569 Dei,
694 500 718 556 si
734 500 863 556 heredes
878 500 940 570 Dei,
996 496 1053 554 ritu
1072 502 1172 554 sancto
1187 501 1360 570 conceptum
1372 513 1437 555 esse
1462 497 1598 571 superius
1613 499 1817 557 construxerit.

117 598 146 651 et
160 591 324 649 coheredes
339 589 456 658 Christi,
473 604 538 645 essa
563 588 709 658 volumus,
726 606 885 663 sequamur
899 607 943 647 ve·
996 587 1051 644 Sed
1068 587 1203 660 pluribus
1218 587 1313 644 modis
1324 590 1435 660 patrem
1442 586 1588 660 appellare
1601 588 1817 646 consuevimus.

116 683 205 755 stigio
219 682 294 752 ejus,
310 679 405 735 simus
418 682 559 751 tanquam
578 678 670 735 hares
687 677 826 751 parvulus
841 680 871 735 in
887 678 942 736 hoc
996 676 1070 733 Nam
1084 677 1229 750 aequivoce
1258 682 1340 750 poter
1367 681 1413 734 est
1438 676 1574 744 carnalis,
1601 676 1775 750 spiritualis,
1791 683 1821 735 et

116 770 232 836 sarculo,
249 785 308 826 non
323 766 776 840 timeamus,imoamplcctamur
791 772 943 842 pauperta-
995 765 1155 838 longevus,
1171 765 1365 838 prodecessor
1387 765 1616 823 benefactorum.
1641 766 1716 834 Quia
1729 765 1820 841 igitur

116 864 186 927 tem,
203 863 240 926 et,
253 859 340 930 juxta
353 856 490 913 eumdem
505 855 800 928 Apostolum,rictum
816 861 844 912 et
857 856 942 912 resti-
995 855 1209 928 losephiaber,
1238 855 1380 911 nutritius
1408 858 1437 911 et
1463 858 1577 911 amator
1604 859 1667 912 erat
1694 856 1820 925 tesast

114 953 180 1006 tum
195 948 338 1004 habentes
353 944 399 1002 his
421 946 548 1002 contenti
576 945 671 1002 simus
686 946 711 1014 (1
726 947 792 1002 Tim.
809 948 942 1014 v1)Quo-
996 962 1123 1019 sponsus
1136 944 1239 1001 matris
1251 945 1326 1016 ejus,
1337 943 1430 1001 voluit
1444 960 1508 1001 eam
1519 943 1576 1000 dici
1590 947 1703 1016 patrem
1719 961 1818 1015 suum,

116 1038 208 1109 ulam,
225 1041 258 1093 ut
269 1036 310 1092 ait
323 1034 643 1108 Apostolus,quivotunt
657 1035 756 1091 diuites
769 1037 833 1107 riori
846 1035 875 1090 in
886 1034 942 1092 hoc
996 1039 1026 1090 et
1038 1034 1093 1091 hoc
1108 1035 1143 1090 ad
1160 1034 1332 1107 mysterium
1347 1038 1376 1090 et
1390 1033 1566 1106 exemplum.
1582 1034 1625 1090 ad
1634 1035 1818 1108 mysterium,

115 1125 361 1194 secutotthtunt
376 1126 544 1197 intepueram
558 1132 585 1181 et
599 1126 816 1182 intentationem
838 1125 943 1182 diodoli
996 1125 1135 1196 quoniam
1154 1124 1161 1178 i
1165 1140 1216 1196 pse
1230 1140 1296 1180 atera
1311 1126 1372 1180 orat
1387 1122 1465 1179 filius
1480 1123 1634 1196 fabricius
1647 1123 1759 1182 scilieet
1769 1124 1819 1199 qui

118 1214 285 1291 (ratetum
300 1214 523 1282 timeamus,sed
539 1230 674 1270 amemus
689 1215 943 1287 subjectionem,et
995 1213 1156 1270 fabricatus
1171 1218 1215 1269 est
1230 1229 1366 1269 auroram
1381 1217 1410 1269 et
1423 1211 1525 1270 solam.
1536 1205 1583 1269 Ad
1594 1213 1772 1287 exemplum,
1785 1217 1821 1272 ut

112 1307 198 1380 juxta
213 1303 378 1379 apostolum
403 1303 531 1371 Petrum,
554 1302 665 1359 subditi
687 1302 782 1360 simus
803 1304 940 1372 dominis,
995 1303 1095 1360 nullus
1111 1305 1357 1375 quantuscunque
1365 1302 1497 1360 viliorem
1507 1319 1538 1360 se
1553 1301 1611 1359 diui
1625 1303 1819 1364 erubesceret.

116 1404 175 1453 uon
190 1398 306 1451 tantum
321 1392 408 1450 honis
422 1396 451 1448 et
474 1391 622 1461 modestis,
640 1393 691 1448 sed
719 1392 807 1449 etiarn
823 1391 941 1450 discolis
994 1396 1056 1448 Hoc
1071 1391 1157 1465 plane
1170 1396 1272 1448 contra
1287 1391 1351 1448 illos
1366 1392 1416 1465 qui
1431 1395 1528 1467 patras
1551 1408 1621 1449 suos
1646 1393 1819 1468 decrepitos,

115 1480 140 1559 ll
153 1485 227 1542 Patr.
243 1486 285 1553 u).
302 1480 367 1538 llaec
382 1485 426 1539 est
444 1480 524 1537 enim
545 1481 649 1555 gratia¹
675 1483 806 1538 Habeant
820 1481 871 1538 fllii
888 1500 941 1539 uu·
995 1483 1117 1553 debiles,
1132 1486 1161 1538 et
1174 1480 1246 1538 viles
1267 1482 1453 1539 crubescunt.
1470 1480 1588 1555 Similes
1612 1482 1696 1554 muli,
1708 1483 1771 1556 qui,
1787 1488 1821 1541 ut

115 1572 187 1631 oilla
203 1575 329 1630 honores
355 1575 383 1628 et
411 1569 595 1644 prolationes
623 1588 675 1644 por
698 1570 869 1642 Simoniam,
891 1590 943 1645 por
996 1570 1820 1646 labalanarrat,inquisitosquisessetpaterejusdemne

116 1659 317 1730 ambitionem,
334 1676 386 1734 par
400 1660 444 1717 las
459 1661 607 1732 ociusque.
621 1660 674 1727 Qui
686 1661 841 1719 exteriores
856 1667 942 1719 erunt
994 1662 1082 1720 vilem
1097 1665 1339 1736 patrem,equum
1353 1673 1527 1735 generosum
1543 1661 1720 1720 avunculum
1731 1681 1817 1722 suum

115 1751 293 1810 baereditatis
309 1747 432 1817 aeterna,
455 1749 605 1822 quoniam,
631 1751 717 1822 Juxta
744 1749 940 1820 Salomonem,
996 1750 1819 1827 esseprotessusesturubescereigitur‚superbsvomis.

116 1843 261 1902 hereditas
275 1840 310 1897 od
324 1856 411 1914 qaam
423 1841 573 1911 festinetur
586 1841 618 1894 in
638 1842 787 1912 principio,
805 1843 834 1897 iu
848 1845 941 1899 nouu—
995 1842 1073 1898 Deus
1087 1857 1118 1898 se
1133 1840 1190 1897 dici
1205 1839 1298 1897 voluit
1312 1840 1407 1897 filium
1422 1840 1581 1908 febricito
1597 1842 1640 1898 tui
1655 1842 1747 1916 patris
1756 1842 1818 1901 viti·

113 1935 184 1991 sicto
199 1929 383 1988 benedictione
395 1929 499 1986 curabit
528 1928 619 2001 (t’roa
645 1929 702 2001 xx).
719 1929 777 1987 Nos
803 1948 870 1988 vcro
885 1933 940 1989 hu·
995 1934 1087 1988 tatem
1116 1929 1289 1986 erubescis?
1317 1930 1414 1995 Erunt,
1442 1927 1551 2001 inquit,
1580 1932 1712 1989 mirantes
1738 1947 1821 2006 saper

115 2021 265 2078 miliamus
279 2016 310 2075 in
325 2021 482 2091 conspectu
509 2016 638 2084 Domini,
653 2020 687 2073 ut
714 2034 768 2074 nos
790 2017 896 2076 exaltet
910 2020 941 2076 in
995 2020 1038 2077 hic
1052 2035 1115 2092 qua
1129 2019 1161 2076 dc
1171 2019 1219 2076 itio
1234 2018 1404 2075 dicabantur.
1419 2019 1443 2075 Α
1458 2017 1566 2091 quibus
1580 2018 1754 2078 dicebantur
1763 2021 1819 2081 iah

114 2114 244 2182 temporo
257 2107 443 2165 visitationis.
460 2106 524 2163 Non
546 2106 715 2174 timeamus,
733 2108 783 2163 scd
807 2125 940 2166 amemus
995 2108 1118 2183 angelis,
1130 2125 1147 2164 a
1161 2109 1342 2181 pastoribus,
1356 2125 1374 2163 a
1388 2107 1518 2181 magiam
1530 2108 1695 2177 Simeonem
1708 2110 1820 2169 aeteus

113 2199 310 2272 disciplinam,
327 2195 396 2271 quia
410 2199 442 2252 ut
457 2195 580 2269 Sapiens
594 2196 653 2253 ait:
668 2200 765 2254 deutur
779 2207 819 2256 est
831 2201 942 2272 cir,qui
994 2198 1157 2272 prophetis,
1171 2195 1320 2264 Zacharia,
1335 2195 1496 2266 Elisabeth,
1511 2198 1604 2254 Anna.
1620 2198 1656 2255 ut
1668 2215 1733 2272 qua
1744 2199 1821 2258 dieo-

113 2291 266 2361 corript'tur
288 2305 305 2344 c
327 2287 440 2343 Domino
463 2286 523 2355 (tot
550 2295 587 2359 v).
610 2286 750 2343 Auferant
777 2287 862 2344 nobis
882 2306 938 2358 res,
994 2287 1103 2344 bantur
1117 2288 1152 2345 dc
1166 2285 1241 2343 illo?
1257 2286 1337 2353 Quod
1353 2284 1402 2342 ille
1417 2285 1551 2343 tantillus
1565 2287 1753 2360 puerulusab
1767 2305 1820 2347 an·

115 2376 264 2450 proterant
276 2373 487 2442 vitia,inicrant
501 2373 647 2446 supplicia
662 2372 714 2429 filii
728 2373 851 2445 ancillae,
868 2393 939 2449 quo·
994 2377 1058 2451 gelo
1075 2376 1206 2434 Salvator
1219 2375 1387 2445 vocabatur,
1403 2376 1441 2432 ab
1459 2375 1592 2450 angelico
1606 2376 1695 2435 choro
1709 2376 1819 2452 glodu-

116 2464 196 2522 niam
211 2464 396 2529 cadent,cum
407 2461 550 2518 dominati
566 2462 674 2518 luerint
688 2465 938 2539 pauperum(Psat.
994 2468 1127 2534 uebatur,
1145 2483 1161 2522 a
1176 2465 1345 2539 pastoribus
1365 2465 1550 2534 adorabatur,
1568 2465 1687 2525 astella
1697 2468 1820 2528 demon·

114 2555 185 2628 rtet
199 2552 431 2609 dominabuntur
444 2567 547 2607 eorum
558 2551 633 2624 justi
648 2552 678 2608 in
691 2554 835 2610 matutino
850 2557 938 2625 (Prot.
994 2556 1154 2623 atrabatur,
1169 2573 1186 2611 u
1201 2554 1304 2628 Magis,
1321 2554 1453 2628 mysticis
1466 2555 1639 2614 muneribus
1661 2558 1820 2617 venenu·

112 2640 426 2716 asmictlnterlmergo
446 2640 580 2697 dicamne
609 2641 752 2699 Domino:
773 2666 783 2694 ι
801 2643 852 2701 Hic
876 2663 937 2715 ure,
994 2650 1085 2713 tuna
1114 2644 1248 2700 Simeone
1274 2643 1374 2700 lumen
1397 2643 1531 2716 gentium
1560 2649 1589 2702 et
1613 2644 1820 2722 gloriaplabis

112 2728 161 2790 hic
177 2743 253 2800 seca,
270 2747 306 2787 nc
320 2730 351 2786 in
366 2735 507 2788 aeternum
531 2731 647 2803 perdas,
665 2754 680 2780 »
695 2731 834 2804 quonium
847 2735 939 2791 tectas
994 2733 1084 2792 lsrael
1100 2734 1263 2791 dicebatur.
1280 2733 1338 2790 Neo
1364 2736 1424 2789 tam
1454 2732 1639 2792 mirabantur
1659 2735 1821 2796 diuinitatis

114 2822 269 2897 putrefieri
283 2820 467 2886 taritaticum,
482 2821 828 2893 quoaiumcumprohutus
842 2826 937 2896 suerit,
993 2823 1180 2880 altitudinem
1196 2832 1285 2896 quam
1304 2822 1369 2894 ejus
1398 2821 1608 2897 dignationem.
1638 2825 1821 2886 Mirabantur
1871 2884 1876 2896 ,

114 2913 229 2984 occipiat
241 2926 370 2967 toronum
384 2912 546 2981 cimanum
563 2913 720 2983 repromisit
744 2913 812 2969 Deus
826 2912 939 2986 ditipea·
993 2914 1102 2987 quippe
1117 2913 1147 2968 in
1163 2911 1275 2969 excelso
1291 2911 1533 2983 humilitatem,in
1553 2916 1707 2989 majestate
1721 2915 1821 2991 digua·

113 3003 228 3059 tiburte
244 3000 310 3074 (tor.
337 3003 368 3069 1).
386 3000 418 3056 ln
446 2998 493 3055 his
522 3003 620 3056 autem
651 2999 800 3070 omnibus,
822 3002 937 3075 iratres,
993 3004 1114 3070 tinem,
1130 3001 1160 3058 in
1178 3000 1271 3075 gloria
1297 3000 1451 3071 vilitatem,
1468 3001 1499 3058 in
1528 3002 1820 3065 coelestihusdiritiis

111 3096 264 3148 teneamus
279 3088 403 3145 firmiter
423 3088 610 3145 dilectionem
625 3088 676 3146 Dei
701 3094 730 3146 et
744 3091 879 3164 proximi.
897 3093 940 3149 lta
994 3095 1207 3166 paupertatem.
1222 3094 1282 3146 Has
1294 3106 1366 3148 sano
1380 3089 1502 3148 virtutes
1521 3090 1717 3162 mirabantur,
1731 3111 1819 3153 amu·

112 3181 276 3238 habeamus
286 3176 792 3251 vitiahominumodio‚quodeornm
803 3160 976 3238 natursmG
995 3178 1424 3248 labantur,imitahantur.ttudi
1440 3180 1818 3253 quomodomateramula·

113 3268 339 3342 diligamus,pro
355 3264 483 3322 inimicis
497 3266 605 3324 nostris
620 3272 780 3335 oremus,et
794 3285 844 3325 eos
858 3270 940 3327 obse-
992 3267 1416 3326 turhumilitatemuliiubtita
1427 3268 1646 3343 quippcseesae
1661 3269 1816 3346 virginem,

111 3357 192 3432 quiis
204 3358 319 3413 vincere
333 3359 513 3428 satagamus,
531 3356 555 3411 si
571 3372 628 3428 quo
638 3357 724 3413 modo
739 3374 808 3414 vasa
823 3359 941 3431 captivi·
994 3364 1023 3416 et
1038 3363 1162 3415 matrem
1178 3355 1229 3414 Dei
1243 3361 1271 3413 et
1293 3356 1425 3431 reginam
1441 3357 1515 3426 coeli,
1546 3359 1689 3419 aitzdcoa
1714 3363 1820 3420 andito

112 3447 183 3504 tatis
197 3444 318 3518 cripere,
334 3449 364 3500 et
378 3444 437 3501 Deo
451 3443 558 3500 lucrari
582 3444 741 3501 valeamus.
759 3445 840 3504 Unde
850 3448 938 3506 ctiam
991 3451 1105 3506 Domini
1119 3450 1195 3517 (Luc.
1212 3447 1252 3519 1);
1268 3451 1316 3503 et:
1332 3449 1404 3519 Quota
1427 3450 1547 3520 respecti
1569 3450 1753 3509 bumilitatem
1767 3470 1819 3511 oa-

113 3534 261 3608 duplicem
276 3549 414 3590 coronam
428 3532 789 3605 nobisacquiremnsllaoc
800 3553 938 3610 namquo,
992 3539 1069 3596 atltae
1078 3553 1138 3595 maa
1153 3536 1254 3609 (iou).
1271 3536 1330 3593 Nos
1344 3535 1453 3608 itaque,
1470 3537 1585 3607 tratres,
1603 3541 1820 3600 abominemur

112 3622 292 3692 charissimi,
309 3621 456 3690 iacientes,
473 3639 540 3678 cum
555 3623 665 3678 venerit
679 3626 797 3696 tempus
811 3627 937 3697 prasini·
994 3627 1082 3685 salsas
1098 3625 1224 3694 divitias,
1255 3625 1380 3682 honores
1408 3630 1437 3682 et
1463 3625 1572 3699 gloriae
1598 3627 1688 3702 huius
1715 3631 1817 3690 otiari

111 3716 177 3770 ttt'm
194 3711 319 3777 aratra,
336 3710 938 3784 accipiemuspradesideratamharedita-
992 3716 1101 3784 aaculi,
1118 3732 1183 3789 qua
1207 3719 1352 3771 amatores
1376 3731 1446 3772 suos
1468 3715 1626 3789 decipiunt.
1647 3717 1820 3794 Namjuxta

111 3805 172 3859 tum
189 3801 219 3857 in
234 3799 316 3869 cmlo,
337 3801 408 3873 quia
423 3802 508 3873 juxta
532 3800 726 3874 Prophetam:
744 3804 811 3858 Cum
834 3803 938 3862 dederit
992 3810 1109 3879 poetam
1125 3805 1190 3879 (14),
1206 3802 1325 3860 Terreni
1340 3802 1382 3860 nil
1403 3804 1542 3862 admirari
1557 3820 1605 3864 ree
1617 3808 1674 3877 est,
1688 3824 1818 3884 quope-

111 3891 217 3948 taceo
230 3891 291 3947 teis
304 3900 440 3955 romaum,
468 3905 528 3947 cccc
552 3890 699 3948 haeredites
724 3893 838 3948 Dornini
852 3894 935 3966 (Psot.
992 3912 1029 3952 nc
1044 3895 1106 3952 solo
1120 3897 1217 3967 potest
1239 3894 1333 3950 iacere
1362 3897 1390 3950 ct
1413 3899 1584 3952 conseruare
1613 3896 1743 3956 matum.
1758 3898 1818 3957 lata

111 3982 215 4052 oravi),
231 3980 262 4036 iu
291 3994 350 4053 qua
378 3995 445 4035 cnm
473 3978 536 4035 suis
562 3979 762 4038 coheredibus
782 3981 869 4038 saciat
883 4000 938 4040 nos
992 3982 1815 4057 quoquespornentes,admiremur,aemulemurih(thristo

106 4069 240 4143 'gaudere
254 4068 341 4126 lasus
360 4067 504 4124 Dominus
528 4071 638 4133 noster,
664 4068 794 4141 quicum
808 4074 895 4128 Patra
909 4077 938 4129 at
991 4070 1815 4146 etinmatretjushumilitatem,dignationem,vilitatem,

111 4157 224 4232 Spiritu
238 4160 340 4215 taneto
354 4156 425 4212 vivit
439 4159 468 4212 at
481 4160 583 4230 regnat
597 4157 627 4212 in
643 4161 795 4215 aeternum.
815 4162 917 4219 Amen.
991 4167 1021 4219 et
1034 4161 1230 4219 voluntariam
1254 4163 1467 4234 paupertatem,
1482 4164 1659 4236 caeteraeque
1681 4163 1814 4238 virtutes,

401 4263 556 4320 H0M1L1A
573 4263 644 4320 xlv,
991 4268 1043 4326 per
1058 4266 1132 4323 quas
1146 4248 1291 4318 homines,
1308 4248 1421 4306 similas
1432 4250 1490 4307 lieo
1505 4253 1534 4307 et
1547 4250 1600 4308 filii
1614 4252 1665 4309 Dei
1680 4253 1814 4312 cluuian-

165 4340 304 4394 oouuuca
323 4351 407 4393 ruma
426 4350 555 4392 ocravau
575 4352 749 4394 uarrvrrarrs
769 4353 881 4394 oournt.
989 4345 1048 4397 tur.

146 4426 237 4484 Erant
246 4423 356 4500 loseph
368 4433 447 4500 poter
459 4425 530 4481 iesu
543 4432 568 4481 et
590 4424 681 4482 Maria
697 4434 786 4482 meter
799 4427 865 4499 qus,
881 4429 936 4484 mi·
1026 4427 1164 4503 Sequitur
1177 4438 1245 4501 pars
1260 4428 1400 4498 monada,
1415 4428 1447 4485 in
1461 4444 1520 4502 qna
1533 4429 1650 4488 Simeon
1664 4430 1815 4491 inducitur

108 4524 202 4574 ructu
212 4529 295 4589 cuper
307 4517 352 4572 tta
365 4514 597 4588 quaedicehuntur
618 4514 651 4572 de
662 4516 711 4572 tuo
726 4517 801 4585 (Luc.
818 4517 860 4590 11).
877 4521 933 4575 ete.
949 4537 973 4603 D
989 4518 1164 4576 benedicens
1180 4517 1248 4574 illis.
1264 4517 1363 4575 ldaria
1378 4518 1491 4575 scilicet
1514 4522 1543 4576 at
1564 4519 1684 4594 ioseph,
1700 4526 1814 4597 etpro-

109 4605 326 4679 Quadripartita
353 4608 398 4662 est
422 4605 482 4660 hac
506 4603 601 4673 lectio,
622 4605 727 4661 iratres
756 4604 932 4663 charissimi.
989 4608 1187 4682 phetizansdo
1204 4623 1305 4681 puero,
1322 4623 1390 4664 cum
1414 4607 1537 4666 dicitur:
1553 4610 1814 4670 ercamserta

92 4695 206 4753 ,reno
220 4694 300 4751 onim
315 4693 497 4751 inducuntur
510 4693 617 4766 deseph
631 4698 661 4751 et
676 4694 761 4751 beata
776 4693 863 4769 Virgo
878 4696 933 4752 mi·
987 4701 1109 4756 senam.
1125 4701 1207 4765 Puto,
1224 4695 1401 4767 charissimi,
1418 4698 1497 4771 quod
1522 4698 1710 4769 benedictas,
1724 4700 1813 4759 matri

107 4788 208 4841 rantes
224 4796 311 4857 anper
326 4781 372 4840 his
386 4799 451 4856 qua
466 4783 640 4840 dicebantur
653 4783 689 4840 da
703 4783 783 4842 lesu.
801 4785 934 4844 Secundo
988 4786 1049 4843 hac
1063 4785 1107 4842 vel
1123 4784 1356 4844 similiadicebat
1367 4802 1374 4842 :
1384 4786 1813 4863 «maassinmmparauuiter,

107 4872 261 4929 inducitur
274 4873 393 4930 Simeon
409 4871 451 4929 eis
466 4872 652 4942 benedicens,
668 4876 698 4929 ot
712 4873 748 4929 de
763 4890 852 4946 puero
867 4892 934 4949 pro·
988 4892 1052 4949 que
1067 4875 1130 4932 sina
1144 4873 1277 4948 exempto
1301 4874 1460 4957 credidisti,
1477 4877 1646 4952 concepisti,
1660 4878 1812 4952 paperiati,

107 4954 932 5036 phetlatoa.laitioquoqueinduciturhnnaprophetissa.
988 4964 1123 5040 portasti,
1137 4963 1253 5021 lactasti
1269 4964 1357 5021 istum
1373 4950 1569 5036 tuumdlium,
1583 4971 1671 5024 tuum
1686 4972 1811 5042 patrem,

105 5049 223 5108 tlhristo
236 5049 333 5105 ierant
346 5050 560 5108 testimonium.
576 5053 683 5118 Quarto
698 5068 765 5108 vero
780 5053 933 5128 subjungi·
985 5059 1071 5112 tuum
1087 5058 1264 5122 creatorem,
1273 5053 1358 5110 tuum
1379 5055 1483 5137 Deum.
1500 5056 1544 5113 ru
1559 5066 1677 5130 quoque
1690 5058 1811 5133 ioseph,

106 5143 158 5196 tar
171 5150 272 5195 eorum
288 5147 450 5212 regressus,
466 5144 495 5196 et
509 5139 593 5213 pueri
607 5141 866 5214 proiectusl’rimo
881 5143 933 5217 igi·
986 5144 1145 5212 beatitate,
1161 5141 1520 5219 quiinteromn'es-hujns
1539 5147 1653 5204 'mundi
1676 5147 1812 5207 hominm

102 5231 155 5286 tur
168 5227 276 5302 toseph
291 5231 320 5284 et
331 5222 769 5298 Mariainducunturmirontee
783 5244 873 5304 super
885 5231 932 5289 his
985 5233 1095 5291 clectus
1108 5248 1149 5301 es,
1167 5238 1199 5288 ut
1212 5232 1362 5290 Christum
1377 5235 1516 5304 nutrime,
1530 5235 1652 5295 laveras.
1663 5237 1811 5310 haiom

104 5328 169 5391 quta
184 5317 360 5375 dietbantur
374 5317 410 5375 ds
425 5317 547 5375 illo.Scd
563 5319 707 5387 fortassis,
718 5319 932 5388 tratresmovct
984 5323 1084 5379 lumen
1100 5321 1244 5396 gentium,
1258 5321 1584 5398 gloriam'populorum.
1601 5326 1677 5385 »sio
1690 5327 1810 5385 hmadi·

104 5422 222 5475 vos,cur
237 5406 417 5481 evangelista
425 5407 533 5480 ioseph
548 5413 661 5482 patrem
676 5407 785 5465 Christi
795 5407 929 5482 appellet,
984 5412 1042 5469 otio
1057 5410 1126 5468 boni
1138 5410 1202 5481 sslii,
1219 5411 1323 5469 iratres
1338 5412 1411 5484 mei,
1435 5399 1581 5474 monitat
1608 5416 1639 5473 iu
1661 5417 1809 5492 parntes,

140 5585 196 5657 (tl)
211 5586 311 5648 Horat.
324 5586 411 5660 tpt'st.
427 5586 449 5653 1,
462 5585 546 5658 epist.
562 5588 590 5655 6,
605 5592 681 5647 vers.
695 5589 725 5656 i,
740 5589 768 5646 2.
867 5648 871 5655 ,
