3816 6006
106 273 187 340 {329
744 274 948 341 RADULPHI
969 273 1178 341 tauhans.
1738 269 1825 347 lm

19 406 20 411 ’
105 407 1079 483 musrelinquereuonnecessaria,saltemrelinquamusAvultie.
1101 407 1174 476 Quia
1197 423 1324 482 namque
1353 408 1452 467 Patres
1481 406 1595 466 Veteris
1620 407 1818 480 Testamenti,

106 500 264 572 superflua,
281 516 315 555 ea
329 498 359 555 in
376 498 634 572 pupillos,viduas,
652 500 933 573 intirmos,captivos
987 499 1067 574 gravi
1083 499 1213 555 dominio
1225 496 1334 555 diaboli
1349 502 1378 554 et
1403 498 1547 556 malorum
1573 497 1745 572 principum
1767 514 1819 574 op·

106 592 135 644 et
147 593 264 644 eeteros
285 589 376 644 bonos
394 606 465 644 usus
481 593 648 662 erogantes;
666 595 693 646 et
709 589 797 644 etiam
813 590 848 645 ab
860 589 933 661 ipsis
987 588 1079 660 pressi
1094 593 1189 657 eraut,
1200 589 1307 661 jugum
1331 604 1419 644 suave
1434 587 1539 644 Christi
1560 588 1753 661 querebant,
1769 587 1817 662 qui

106 677 290 746 necessariis,
307 681 450 750 quantum
462 695 631 750 possumus,
643 696 697 734 nos
707 679 930 752 restringamus,
986 678 1102 750 pondus
1116 676 1230 733 Veteris
1245 677 1437 744 Testamenti,
1464 682 1493 733 et
1506 675 1645 734 duritiam
1666 675 1817 734 ministro·

106 766 135 821 in
152 765 225 834 cibo,
242 770 270 822 et
285 770 354 838 potu
366 767 534 839 caeterisque
545 769 716 824 necessariis
730 785 782 823 nos
794 768 931 824 cohibea·
986 782 1051 822 rum
1066 767 1131 838 ejus
1146 766 1220 822 terre
1236 783 1294 823 non
1309 769 1453 839 poteraut,
1476 764 1612 839 angelum
1626 765 1700 822 Novi
1716 766 1817 823 Testa·

106 859 160 924 tes,
178 860 210 910 ut
225 856 287 910 sine
303 855 461 927 cupiditate
476 861 505 912 et
515 857 676 913 timorehie
690 858 832 923 vitamne,
845 881 858 907 «
871 863 932 913 tan·
986 856 1075 912 menti
1086 855 1301 911 desiderabant.
1310 859 1371 910 Hoc
1381 857 1424 911 est
1435 854 1513 927 quod
1529 853 1646 911 Simeon
1656 853 1708 911 ille
1720 871 1815 923 senex,

106 961 194 1017 quam
212 943 284 999 nihil
301 944 440 999 habentes
455 949 481 1000 et
498 946 597 1001 omnia
611 947 802 1018 possidentes,
816 969 828 996 n
847 964 930 1002 man·
985 945 1034 1018 qui
1052 961 1226 1017 responsum
1243 948 1392 1016 acceperet
1408 960 1438 1000 se
1453 961 1511 1000 non
1527 944 1705 1000 moriturum
1727 943 1816 1001 donee

105 1033 181 1100 data,
199 1038 227 1088 et
242 1032 373 1099 consilia,
387 1037 416 1088 et
427 1034 560 1106 exempla
570 1034 676 1091 Christi
689 1039 843 1103 sectantes,
853 1040 894 1103 ut,
903 1039 930 1093 et
983 1034 1094 1089 videret
1109 1033 1256 1090 Christum
1278 1034 1343 1104 (Luc
1358 1037 1400 1102 n),
1427 1033 1542 1090 dicebat
1557 1032 1689 1106 quotidie
1704 1031 1737 1088 in
1752 1049 1814 1090 ora·

104 1121 128 1177 si
145 1139 202 1178 non
209 1120 342 1193 judicare
353 1138 419 1177 cum
433 1122 574 1194 apostolis
585 1124 744 1196 possimus,
757 1129 854 1180 tamen
872 1141 930 1181 me·
983 1122 1112 1179 tionibus
1127 1122 1209 1178 suis:
1232 1122 1353 1189 Quande
1372 1121 1485 1178 veniet?
1509 1123 1630 1189 Quando
1651 1121 1814 1179 nascetur?

104 1227 221 1266 reamur
236 1210 395 1281 adjudicari
413 1209 476 1265 vitre
502 1216 614 1267 aterne
639 1212 675 1266 ab
697 1213 848 1285 apostolis,
871 1213 928 1269 lar·
983 1211 1236 1279 Quandovidebo?
1253 1210 1413 1268 Henetiam
1429 1210 1605 1268 desiderium
1622 1210 1813 1284 antiquorum

106 1299 203 1371 giente
220 1299 277 1355 Dee
292 1302 320 1353 et
335 1298 458 1355 Domino
475 1304 574 1356 nostro
585 1301 653 1357 lesu
665 1300 789 1369 Christo,
800 1303 849 1374 qui
861 1320 929 1359 eum
982 1305 1102 1357 Petrum
1118 1300 1285 1374 significant
1311 1299 1367 1355 illa
1392 1303 1503 1373 septem
1521 1299 1699 1372 antiphone,
1718 1317 1812 1374 quaa

103 1386 186 1442 Patre
201 1391 229 1443 et
245 1387 354 1459 Spiritu
379 1392 480 1444 sancto
497 1388 567 1444 vivit
586 1394 614 1444 et
640 1393 740 1463 regnat
767 1390 854 1462 Deus,
878 1409 929 1465 per
983 1389 1176 1447 desiderativo
1193 1388 1365 1445 adverbioO
1387 1388 1532 1461 incipiunt
1547 1388 1634 1447 nmo
1656 1389 1810 1463 Sapientia,

103 1478 202 1531 omnia
217 1476 323 1532 secula
339 1476 521 1533 seculorum.
538 1479 642 1534 Amen.
983 1479 1003 1536 0
1028 1480 1148 1543 Adonei,
1173 1481 1226 1534 ete.
1259 1494 1316 1550 quo
1340 1477 1457 1534 veniet?
1478 1477 1518 1533 ,tu
1540 1480 1672 1552 temptum
1685 1486 1813 1536 sonetum

493 1575 539 1631 xl,
981 1584 1062 1623 suum
1076 1568 1104 1622 id
1121 1570 1165 1623 est
1178 1567 1215 1622 ad
1241 1571 1356 1622 uterum
1373 1565 1464 1622 beata
1478 1565 1616 1640 Virginis,
1633 1567 1714 1640 quod
1731 1571 1813 1635 antor

163 1662 193 1707 nv
215 1662 446 1708 erutriceum-ne
474 1665 577 1709 nunna
599 1662 702 1710 nrum
723 1665 864 1711 arnonus.
982 1656 1142 1712 nomastico
1165 1663 1301 1723 sunctum,
1326 1655 1355 1710 id
1381 1659 1425 1711 est
1441 1655 1656 1713 sanctificatum
1679 1655 1747 1713 init.
1763 1656 1813 1714 Vel

136 1743 292 1800 Eccemitto
314 1745 442 1816 structum
463 1761 563 1810 umrcm,
588 1748 636 1818 qui
661 1748 832 1818 praeparabit
854 1750 928 1804 eiam
983 1745 1071 1801 etiam
1087 1745 1123 1800 ad
1139 1743 1288 1800 materiale
1308 1742 1450 1817 templum
1466 1743 1688 1818 Hierosolymis,
1709 1744 1741 1801 in
1756 1763 1813 1819 qno

100 1840 163 1887 oute
175 1834 276 1904 sociem
289 1849 378 1888 urcetn
393 1834 467 1901 (lici.
485 1838 540 1902 ιιι),
561 1838 616 1890 ete.
635 1834 685 1889 Hie
709 1833 850 1907 loquitur,
868 1839 926 1916 tra3
981 1833 1123 1889 hodierna
1133 1833 1180 1890 die
1191 1849 1258 1888 eum
1270 1831 1497 1889 oblationibusa
1512 1833 1685 1906 pareatibus
1695 1832 1812 1914 oblatus

99 1924 158 1978 tres
175 1921 241 1988 mei,
258 1922 293 1977 de
309 1923 433 1977 adventu
456 1922 562 1978 Christi
589 1922 747 1980 Malachias
771 1925 924 1998 propheta,
980 1923 1045 1978 tuit.
1061 1921 1112 1977 Vel
1128 1926 1206 1978 certe
1221 1922 1407 1994 adtemptum,
1421 1922 1450 1977 id
1467 1926 1512 1978 est
1525 1923 1561 1978 ad
1573 1926 1706 1979 sanctam
1718 1923 1812 1982 Eccle·

100 2009 159 2066 imo
174 2010 317 2066 Dominus
330 2028 381 2083 ρει
402 2028 479 2067 eum.
505 2012 638 2068 Ostendit
662 2017 759 2067 autem
785 2014 924 2087 quinque.
980 2011 1065 2080 siam,
1078 2028 1167 2084 quarn
1183 2011 1347 2084 significare
1362 2016 1391 2066 et
1406 2012 1582 2085 conjungere
1596 2010 1653 2067 sibi
1670 2011 1761 2069 venit.
1777 2014 1810 2071 ut

100 2100 208 2165 Primo,
224 2098 295 2155 dicit
309 2099 387 2157 Deus
403 2100 486 2156 Pater
510 2118 541 2157 se
567 2101 682 2156 mittere
705 2101 843 2174 angelum
859 2109 925 2159 ante
980 2118 1016 2156 ne
1031 2100 1190 2174 desperetis
1205 2101 1241 2158 de
1255 2098 1405 2166 diletione,
1427 2099 1496 2173 quia
1510 2117 1569 2156 cecc
1583 2103 1667 2168 veuit,
1678 2101 1749 2159 dicit
1758 2103 1809 2160 uo-

99 2189 257 2244 adventum
282 2187 346 2244 Filii
363 2188 420 2244 sui.
443 2190 591 2257 Secundo,
616 2189 686 2245 dicit
707 2191 805 2246 statim
827 2191 924 2264 ipsum
978 2193 1072 2246 miuus
1087 2191 1266 2246 exercituum.
1281 2187 1387 2254 Terlio,
1404 2188 1475 2245 dieit
1488 2188 1809 2262 paucosintelleeturoe

99 2275 205 2333 Filium
220 2280 386 2332 venturum.
402 2277 511 2344 Tertio,
523 2277 594 2333 dicit
603 2295 712 2350 paucos
727 2278 925 2338 intellecturos
980 2280 1138 2335 adventum
1154 2277 1271 2346 Christi,
1290 2294 1356 2333 cum
1372 2276 1490 2333 subdit:
1505 2280 1539 2334 Et
1553 2280 1615 2351 quis
1626 2281 1731 2352 poterit
1742 2281 1811 2353 copi-

99 2366 256 2421 adveutum
272 2366 345 2437 ejus.
356 2368 474 2434 Quarto,
485 2367 556 2422 dicit
568 2367 643 2439 qued
654 2367 693 2423 sit
707 2368 837 2424 officium
849 2371 923 2441 ejus,
979 2377 1037 2425 tore
1051 2368 1124 2424 diem
1138 2368 1269 2424 adventus
1283 2368 1366 2439 ejus?
1380 2368 1412 2423 Et
1426 2369 1488 2440 quis
1503 2368 1586 2425 stetit
1605 2369 1640 2424 ud
1663 2367 1810 2426 videndum

99 2453 214 2521 Quinto,
231 2453 302 2509 dicit
315 2454 386 2527 quid
404 2454 442 2510 sit
457 2455 598 2510 tacturus.
616 2456 711 2512 Primo
728 2455 826 2530 igitur,
848 2458 925 2515 Deus
978 2458 1062 2514 rectu?
1076 2456 1165 2523 Quasi
1177 2456 1265 2527 dicat,
1278 2458 1372 2528 pauci.
1395 2455 1481 2512 Peuci
1498 2456 1607 2530 quippe
1627 2457 1750 2515 luerunt
1764 2457 1808 2516 Si·

100 2544 182 2600 Pater
202 2543 326 2615 loquens
355 2546 391 2600 ad
415 2544 520 2600 Filium
546 2563 643 2612 sunm,
662 2545 732 2601 dicit
757 2564 787 2602 se
810 2547 924 2604 mittere
978 2561 1063 2602 meon
1079 2550 1107 2601 et
1120 2546 1213 2612 Anna,
1230 2548 1259 2601 et
1281 2543 1394 2617 aliquot
1409 2543 1462 2600 viri
1477 2543 1657 2618 spirituales,
1674 2546 1725 2619 qui
1742 2563 1806 2620 per·

98 2630 234 2705 nuntium
250 2637 317 2688 ante
330 2633 486 2689 adventum
498 2634 682 2706 ejus,dicens
695 2651 701 2688 :
714 2636 836 2705 Ecceepo
848 2638 925 2693 mitto
979 2634 1120 2706 Spiritum
1144 2632 1350 2690 intellexerunt
1376 2634 1493 2707 quaudo
1519 2638 1660 2692 venturus
1680 2639 1755 2692 erat.
1775 2635 1809 2692 ut

98 2721 228 2790 eupolum
241 2737 342 2776 meutu.
360 2721 431 2777 Cum
447 2721 547 2795 plures
563 2722 681 2778 nuutios
697 2723 840 2780 adventus
857 2723 921 2779 Filii
978 2723 1064 2796 pauci
1075 2723 1194 2779 suerunt
1205 2722 1342 2795 discipuli
1353 2723 1428 2794 ejus,
1441 2723 1490 2796 qui
1506 2740 1559 2796 per
1570 2723 1714 2796 Spiritum
1727 2723 1809 2782 intel·

98 2809 143 2864 sui
159 2808 350 2882 praemisisset
373 2810 450 2867 Deus
465 2810 495 2866 in
521 2810 656 2884 pluribus
677 2812 870 2885 temporibus
892 2819 925 2869 ut
979 2810 1110 2867 lexerunt
1126 2811 1203 2884 quod
1219 2809 1311 2866 Filius
1326 2810 1376 2867 Dei
1397 2810 1427 2867 iu
1443 2827 1531 2867 carne
1553 2828 1642 2884 quam
1658 2813 1807 2882 videbant,

98 2898 276 2971 patrirrehas
290 2903 319 2954 et
333 2899 499 2972 prophetas,
525 2899 572 2955 hic
596 2899 785 2974 singulariter
808 2902 879 2958 dicit
894 2920 924 2960 se
978 2904 1106 2957 venerat.
1124 2898 1441 2956 Convenienterautem
1457 2899 1506 2968 ait,
1521 2899 1810 2972 Stabit,quoniamet

98 2987 213 3044 mittere
227 3005 321 3044 unum
336 2989 630 3055 nuntiumioannem
647 2990 807 3062 Baptistam
820 2990 925 3047 intelli·
979 2990 1004 3045 si
1016 2989 1101 3046 multi
1112 2988 1279 3045 carnalibus
1287 2986 1379 3044 oeulis
1389 2989 1525 3045 viderunt
1535 2988 1696 3058 Christum,
1707 2995 1807 3047 tamen

97 3092 179 3150 gens,
196 3094 281 3151 quem
298 3077 385 3134 etiam
402 3080 747 3152 propterpraerogativam
760 3081 924 3136 sanctitatis
979 3080 1014 3135 ad
1030 3096 1096 3135 eum
1108 3079 1266 3135 videndum
1279 3094 1337 3133 non
1354 3081 1506 3145 steterunt,
1518 3077 1806 3152 quiuudeprofleere

96 3171 126 3222 et
140 3166 239 3235 cilicii,
256 3183 343 3223 snum
359 3167 495 3240 angelum
511 3173 602 3224 vocat.
621 3168 702 3224 Sicut
716 3168 794 3225 enim
805 3174 922 3225 renter-
939 3155 960 3222 C
980 3169 1150 3234 debuerant,
1168 3184 1219 3240 per
1233 3165 1435 3223 infidelitatem
1451 3172 1633 3224 corruerunt.

98 3271 186 3311 renus
195 3260 336 3312 venturus
347 3255 376 3311 iu
386 3256 514 3327 aliquam
526 3258 638 3325 urbem,
652 3257 759 3314 multos
771 3257 923 3331 premittit
1012 3261 1129 3324 Quarto,
1142 3255 1213 3313 dicit
1227 3256 1304 3328 quod
1314 3255 1388 3312 soret
1398 3255 1528 3314 officium
1539 3257 1602 3330 ejus
1613 3272 1681 3313 cum
1695 3258 1806 3316 subdit.

97 3344 451 3416 praeambulosadventue
462 3346 740 3419 suiuuntios,etJ'am
749 3347 921 3417 intraturus,
975 3349 1041 3402 Ecce
1056 3348 1103 3403 itte
1112 3348 1191 3419 quest
1201 3347 1274 3417 ipuis
1284 3346 1415 3416 couneus,
1431 3352 1457 3401 et
1469 3346 1639 3418 quositerba
1651 3347 1803 3418 folbaum.

98 3434 234 3488 nuntium
250 3433 469 3490 familiariorem
481 3435 536 3491 sibi
548 3435 698 3506 premittit
710 3454 716 3490 :
729 3437 770 3492 ita
781 3437 922 3492 Dominus
974 3439 1013 3491 Αε
1030 3436 1054 3491 si
1070 3436 1164 3491 dicat:
1181 3433 1316 3490 Officium
1329 3435 1393 3507 ejus
1409 3434 1464 3491 erit
1478 3451 1604 3508 purgare
1618 3439 1648 3491 et
1662 3437 1807 3493 mundare

98 3520 305 3587 lecit‚mittens
317 3523 411 3594 primo
423 3523 640 3595 patriarchaset
650 3524 816 3596 prophetas,
827 3525 921 3596 etjam
975 3522 1233 3581 Ecclesiamveuit
1249 3521 1327 3578 enim
1349 3522 1379 3578 in
1396 3523 1491 3594 primo
1506 3524 1630 3580 adventu
1642 3523 1807 3596 justificare

96 3626 163 3664 vero
177 3613 326 3677 venturus,
350 3628 559 3682 precursorem
586 3612 641 3668 sibi
663 3612 824 3668 chariorem
848 3630 921 3685 pre·
975 3612 1082 3685 impios
1097 3628 1149 3684 per
1169 3611 1410 3679 misericerdiam,
1432 3612 1483 3684 qui
1506 3610 1536 3666 in
1560 3613 1690 3670 secundo
1714 3615 1809 3672 veniet

97 3697 195 3765 misit;
213 3698 260 3753 eui
275 3697 362 3754 etiam
387 3699 589 3756 testimonium
605 3699 763 3772 perhibuit,
782 3701 921 3773 quoniam
976 3700 1082 3773 impios
1098 3700 1237 3758 damnare
1249 3717 1299 3770 per
1306 3700 1464 3772 justitiam.
1477 3701 1534 3756 Nee
1548 3705 1647 3757 tamen
1658 3701 1720 3758 ait:
1736 3703 1806 3759 neec

98 3807 113 3837 «
129 3785 205 3842 inter
220 3791 303 3843 nates
318 3787 473 3845 mulierum
487 3807 544 3845 non
560 3790 686 3846 surrexit
702 3791 794 3861 major
809 3790 921 3846 ioanne
976 3789 1023 3846 ille
1039 3788 1123 3862 quasi
1139 3789 1288 3857 caullator,
1313 3793 1343 3845 et
1358 3787 1442 3862 quasi
1467 3788 1548 3856 lullo,
1567 3789 1709 3863 quoniam
1724 3790 1804 3848 Chri·

97 3875 226 3948 Baptista
236 3879 325 3944 (loun.
341 3880 372 3946 1).
391 3900 404 3926 »ι
421 3879 474 3943 Qui
492 3878 580 3934 etiam
597 3895 677 3934 more
701 3877 921 3951 arigelidivine-
977 3884 1040 3936 stus
1056 3897 1113 3936 non
1129 3882 1173 3934 est
1196 3882 1313 3934 tantum
1340 3879 1475 3934 minister
1496 3879 1642 3953 purgandi
1656 3884 1686 3936 et
1701 3896 1805 3936 emun-

96 3982 162 4020 rum
177 3982 350 4023 arcanorum
371 3966 569 4023 internuntius
591 3968 645 4023 init
661 3968 696 4023 ad
712 3967 856 4037 homines,
873 3986 922 4026 se·
976 3969 1076 4035 dandi,
1094 3971 1125 4023 ut
1141 3966 1234 4023 ceteri
1260 3966 1405 4040 magistri,
1421 3968 1472 4024 sed
1500 3967 1587 4025 etiam
1602 3984 1703 4024 causa.
1719 3968 1805 4026 Porro

96 4057 174 4109 creta
197 4053 348 4110 Trinitatis
377 4060 405 4111 et
430 4055 640 4112 iucarnationis
663 4057 840 4129 predicavit,
862 4057 921 4113 imo
976 4057 1052 4130 ignis
1069 4073 1119 4112 sex
1135 4073 1180 4111 res
1197 4055 1275 4122 tacit,
1292 4054 1432 4124 ealefacit,
1445 4053 1605 4129 liquefacit,
1618 4056 1689 4127 urit,
1700 4053 1806 4113 illumi·

96 4143 183 4198 etiam
195 4144 481 4215 demonstravitum
497 4163 592 4214 suam,
609 4147 658 4203 sed
672 4146 787 4202 Domini
798 4146 920 4219 gloriam
976 4150 1036 4213 nat,
1054 4145 1221 4201 corroborat
1235 4148 1264 4200 et
1279 4143 1452 4201 inflammat.
1470 4144 1603 4201 Christus
1621 4161 1740 4218 quoque
1760 4160 1807 4202 ve·

96 4232 238 4304 quesivit.
255 4232 328 4299 Quid
344 4239 442 4291 autem
469 4236 523 4291 iste
548 4235 671 4308 angelus
687 4236 820 4291 tacturus
844 4240 923 4292 esset
976 4234 1060 4290 niens
1070 4233 1100 4288 in
1110 4233 1188 4288 hunc
1201 4233 1345 4287 mundum
1354 4232 1485 4297 calefecit
1496 4232 1651 4289 hominum
1662 4232 1807 4306 frigidita-

94 4321 230 4387 ostendit,
245 4339 312 4377 eum
327 4323 445 4379 subdit:
463 4325 516 4392 Qui
528 4325 700 4396 praeparabit
717 4325 791 4379 triam
805 4334 868 4380 tante
877 4325 922 4395 so·
977 4328 1046 4391 tem,
1057 4321 1206 4395 liquefecit
1219 4320 1352 4377 cordium
1363 4321 1514 4386 duritiam,
1525 4322 1601 4379 ussit
1615 4326 1802 4395 peecatorum

94 4412 163 4466 ciem
178 4419 263 4466 tuem.
281 4412 452 4484 Praparavit
467 4413 546 4468 enirn
571 4411 824 4484 praecursorviam
840 4411 921 4469 Chri·
977 4412 1153 4484 rubiginem,
1194 4408 1371 4465 illuminavit
1406 4409 1561 4466 hominum
1593 4408 1805 4483 insipientiam,

95 4498 1173 4592 sto‚praedicando,baptizando;sedetiamsuamirabiliDeorroboravit
1205 4498 1359 4555 homiuum
1393 4498 1607 4567 infirmitatem,
1636 4498 1805 4555 iutlamma-

95 4588 253 4655 nativitate,
272 4590 451 4646 nativitatem
461 4588 567 4646 Christi
587 4587 807 4654 mirabiliorem,
826 4594 854 4644 et
867 4607 921 4645 sua
973 4589 1015 4644 vit
1029 4588 1116 4645 etiam
1140 4587 1272 4645 cordium
1292 4592 1450 4660 torporem.
1477 4586 1572 4644 Herba
1600 4603 1718 4660 quoque
1747 4586 1804 4644 lul·

94 4682 196 4734 saneta
219 4678 436 4735 conversatione
455 4678 703 4735 conversationem
729 4677 836 4733 Christi
851 4696 919 4734 san·
971 4678 1073 4735 lenum
1089 4679 1147 4735 duo
1163 4676 1241 4744 lecit,
1259 4675 1409 4734 masculas
1425 4692 1591 4749 pannorum
1608 4673 1694 4743 tollit,
1712 4679 1741 4732 et
1755 4690 1804 4733 eos

94 4767 225 4836 etiorem,
241 4772 270 4824 et
284 4785 338 4825 sua
348 4769 484 4842 passione
495 4768 621 4841 pretiosa
633 4766 800 4839 passionem
811 4766 919 4822 Christi
973 4764 1516 4824 dealbat.Christussimilitermaculas
1533 4765 1700 4820 animarum
1716 4762 1803 4834 tollit,

94 4856 294 4927 pretiosiorem
310 4858 499 4930 precucurrit
513 4864 541 4914 et
562 4855 803 4929 premonstravit.
821 4855 850 4910 Si
866 4873 918 4912 au·
972 4860 1001 4912 et
1010 4873 1060 4913 eos
1069 4854 1193 4911 dealbat.
1201 4854 1283 4911 Unde
1293 4853 1468 4927 Prophetaei
1480 4854 1564 4909 dicit:
1577 4877 1592 4904 «
1602 4855 1750 4927 Asperges
1757 4869 1804 4910 me

94 4946 151 5000 tem
170 4945 199 4998 in
223 4944 318 5001 littera
341 4947 484 5004 habeatur
508 4954 571 5003 oute
584 4948 684 5018 sociem
702 4961 802 5014 arcein,
829 4944 918 5001 facies
972 4943 1104 5010 Domine,
1116 4942 1242 5016 hyssopo
1258 4946 1286 4999 et
1301 4942 1476 5011 mundabor,
1484 4941 1594 4999 lavabis
1605 4944 1698 5010 me,et
1713 4958 1803 5015 super

95 5031 189 5087 Patris
202 5032 288 5088 Filius
300 5034 417 5103 dieitur,
429 5053 462 5092 eo
479 5037 556 5109 quod
570 5052 621 5107 per
630 5033 735 5090 Filium
747 5034 823 5090 Deus
835 5033 918 5089 Pater
971 5033 1069 5088 nivem
1085 5030 1240 5088 dealbabor
1256 5031 1399 5104 (Pacatula
1407 5033 1480 5087 Sunt
1499 5035 1597 5087 autem
1612 5031 1671 5087 duo
1692 5046 1802 5105 genera

93 5118 124 5177 ia
140 5124 217 5175 terra
231 5125 582 5194 cognoscaturseeuudo,
595 5123 666 5180 dicit
677 5127 744 5195 pest
760 5140 794 5196 pr
804 5146 808 5174 1
820 5139 919 5179 curso·
973 5119 1137 5177 hominum,
1153 5120 1277 5187 Quidam
1293 5120 1372 5178 enim
1386 5124 1456 5176 sunt
1466 5119 1532 5176 duri
1547 5118 1642 5177 cordis
1658 5124 1688 5176 et
1701 5120 1803 5177 crude·

94 5225 156 5263 rem
171 5209 270 5264 stetim
286 5209 391 5266 Filium
402 5219 567 5283 venturum,
580 5230 646 5269 eum
660 5210 772 5268 subdit:
784 5213 816 5267 Et
826 5214 920 5268 smum
972 5209 1018 5280 lis,
1035 5209 1085 5283 qui
1101 5209 1305 5282 significantur
1327 5226 1379 5283 per
1399 5206 1517 5265 metella
1532 5207 1713 5282 rubiginosa.
1731 5207 1803 5276 Qui-

95 5298 473 5372 ueuiet,etc.Coneeptiouem
486 5304 594 5376 quippe
604 5307 632 5358 et
647 5300 828 5358 nativitatem
846 5318 918 5374 prae-
973 5301 1117 5356 damvero
1134 5301 1203 5354 sunt
1219 5296 1316 5355 mollis
1332 5297 1423 5353 animi
1439 5303 1468 5355 et
1484 5296 1612 5366 remissi,
1627 5297 1676 5370 qui
1689 5297 1803 5373 signiti-

94 5385 232 5453 cursoris,
250 5392 316 5459 post
330 5388 485 5445 dimidium
501 5409 611 5447 anuum
628 5393 839 5448 subsecutaest
854 5407 920 5447 con·
972 5392 1076 5445 eantur
1089 5404 1141 5461 per
1155 5386 1290 5460 squalida
1303 5387 1487 5444 vestimenta.
1503 5389 1540 5443 At
1554 5386 1688 5444 Christus
1703 5391 1801 5445 ahoe·

94 5471 188 5545 ceptio
199 5478 226 5529 et
236 5476 372 5534 nativitas
388 5478 541 5537 Christiht
554 5481 619 5554 quis
629 5479 745 5537 veniet?
760 5481 919 5537 dominator
972 5493 1029 5551 que
1044 5495 1095 5550 per
1119 5474 1350 5532 misericordiam
1373 5491 1457 5532 suam
1479 5473 1639 5549 respeiens,
1655 5478 1686 5532 et
1699 5473 1804 5551 illisu

95 5578 175 5635 quem
188 5580 233 5620 vos
250 5570 386 5639 quartia,
411 5577 437 5627 et
459 5572 572 5642 capetus
597 5570 750 5629 uelamenti
773 5575 852 5642 'quem
872 5586 917 5627 voe
972 5569 1047 5639 ipuis
1061 5568 1194 5637 connum,
1214 5569 1243 5622 et
1257 5564 1322 5623 istis
1336 5564 1421 5623 herbo
1443 5565 1593 5638 folbaum.
1624 5562 1801 5639 unumque,
