<?xml version="1.0" encoding="UTF-8"?>
<!DOCTYPE html PUBLIC "-//W3C//DTD XHTML 1.0 Transitional//EN"
    "http://www.w3.org/TR/xhtml1/DTD/xhtml1-transitional.dtd">
<html xmlns="http://www.w3.org/1999/xhtml" xml:lang="en" lang="en">
 <head>
  <title>
</title>
<meta http-equiv="Content-Type" content="text/html;charset=utf-8" />
  <meta name='ocr-system' content='tesseract 3.04.00' />
  <meta name='ocr-capabilities' content='ocr_page ocr_carea ocr_par ocr_line ocrx_word'/>
</head>
<body>
  <div class='ocr_page' id='page_1' title='image "./patrologiaecurs93unkngoog/patrologiaecurs93unkngoog_0677.png"; bbox 0 0 3816 6006; ppageno 0'>
   <div class='ocr_carea' id='block_1_1' title="bbox 158 261 1866 340">
    <p class='ocr_par' dir='ltr' id='par_1_1' title="bbox 158 261 1866 340">
     <span class='ocr_line' id='line_1_1' title="bbox 158 261 1866 340; baseline 0 -4"><span class='ocrx_word' id='word_1_1' title='bbox 158 273 236 340; x_wconf 76' lang='lat'>1355</span> <span class='ocrx_word' id='word_1_2' title='bbox 735 306 737 309; x_wconf 93' lang='lat'>·</span> <span class='ocrx_word' id='word_1_3' title='bbox 794 266 1000 337; x_wconf 69' lang='lat' dir='ltr'>saumatis</span> <span class='ocrx_word' id='word_1_4' title='bbox 1016 261 1225 335; x_wconf 79' lang='lat' dir='ltr'>ADDDN&#39;llS.</span> <span class='ocrx_word' id='word_1_5' title='bbox 1790 271 1866 336; x_wconf 68' lang='lat'>{8⁸⁸</span> 
     </span>
    </p>
   </div>
   <div class='ocr_carea' id='block_1_2' title="bbox 157 400 1867 835">
    <p class='ocr_par' dir='ltr' id='par_1_2' title="bbox 157 400 1867 835">
     <span class='ocr_line' id='line_1_2' title="bbox 158 400 1867 479; baseline 0.001 -16"><span class='ocrx_word' id='word_1_6' title='bbox 158 409 288 464; x_wconf 90' lang='lat' dir='ltr'>cundum</span> <span class='ocrx_word' id='word_1_7' title='bbox 304 407 381 479; x_wconf 89' lang='lat' dir='ltr'>quod</span> <span class='ocrx_word' id='word_1_8' title='bbox 396 411 440 463; x_wconf 88' lang='lat' dir='ltr'>est</span> <span class='ocrx_word' id='word_1_9' title='bbox 461 406 548 462; x_wconf 90' lang='lat' dir='ltr'>homo</span> <span class='ocrx_word' id='word_1_10' title='bbox 564 405 667 479; x_wconf 84' lang='lat' dir='ltr'>gratio.</span> <span class='ocrx_word' id='word_1_11' title='bbox 680 405 847 462; x_wconf 89' lang='lat' dir='ltr'>Secundum</span> <span class='ocrx_word' id='word_1_12' title='bbox 869 405 980 461; x_wconf 90' lang='lat' dir='ltr'>donum</span> <span class='ocrx_word' id='word_1_13' title='bbox 994 403 1024 473; x_wconf 70' lang='lat' dir='ltr'>A</span> <span class='ocrx_word' id='word_1_14' title='bbox 1036 406 1065 460; x_wconf 89' lang='lat' dir='ltr'>et</span> <span class='ocrx_word' id='word_1_15' title='bbox 1079 402 1223 473; x_wconf 88' lang='lat' dir='ltr'>dicemus,</span> <span class='ocrx_word' id='word_1_16' title='bbox 1235 401 1359 460; x_wconf 91' lang='lat' dir='ltr'>Domino</span> <span class='ocrx_word' id='word_1_17' title='bbox 1370 417 1377 457; x_wconf 75' lang='grc' dir='ltr'>ι</span> <span class='ocrx_word' id='word_1_18' title='bbox 1389 400 1514 459; x_wconf 87' lang='lat' dir='ltr'>immitte</span> <span class='ocrx_word' id='word_1_19' title='bbox 1524 402 1553 460; x_wconf 91' lang='lat' dir='ltr'>iu</span> <span class='ocrx_word' id='word_1_20' title='bbox 1565 402 1773 462; x_wconf 80' lang='lat' dir='ltr'>cordenostre</span> <span class='ocrx_word' id='word_1_21' title='bbox 1784 403 1867 464; x_wconf 83' lang='lat' dir='ltr'>timo·</span> 
     </span>
     <span class='ocr_line' id='line_1_3' title="bbox 158 490 1865 567; baseline 0 -14"><span class='ocrx_word' id='word_1_22' title='bbox 158 502 202 553; x_wconf 89' lang='lat' dir='ltr'>est</span> <span class='ocrx_word' id='word_1_23' title='bbox 217 494 381 552; x_wconf 87' lang='lat' dir='ltr'>intellectus</span> <span class='ocrx_word' id='word_1_24' title='bbox 403 495 594 562; x_wconf 90' lang='lat' dir='ltr'>occultorum,</span> <span class='ocrx_word' id='word_1_25' title='bbox 610 499 640 550; x_wconf 91' lang='lat' dir='ltr'>ut</span> <span class='ocrx_word' id='word_1_26' title='bbox 663 493 797 551; x_wconf 81' lang='lat' dir='ltr'>videlicet</span> <span class='ocrx_word' id='word_1_27' title='bbox 819 493 983 567; x_wconf 81' lang='lat' dir='ltr'>intelligere</span> <span class='ocrx_word' id='word_1_28' title='bbox 1037 508 1098 549; x_wconf 92' lang='lat' dir='ltr'>rem</span> <span class='ocrx_word' id='word_1_29' title='bbox 1114 490 1243 549; x_wconf 91' lang='lat' dir='ltr'>numinis</span> <span class='ocrx_word' id='word_1_30' title='bbox 1261 491 1315 560; x_wconf 90' lang='lat' dir='ltr'>tui,</span> <span class='ocrx_word' id='word_1_31' title='bbox 1331 495 1373 560; x_wconf 90' lang='lat' dir='ltr'>ut,</span> <span class='ocrx_word' id='word_1_32' title='bbox 1389 495 1507 565; x_wconf 82' lang='lat' dir='ltr'>propter</span> <span class='ocrx_word' id='word_1_33' title='bbox 1528 495 1568 562; x_wconf 90' lang='grc' dir='ltr'>ιε,</span> <span class='ocrx_word' id='word_1_34' title='bbox 1584 497 1704 566; x_wconf 84' lang='lat' dir='ltr'>peccate</span> <span class='ocrx_word' id='word_1_35' title='bbox 1718 496 1751 551; x_wconf 85' lang='lat' dir='ltr'>st</span> <span class='ocrx_word' id='word_1_36' title='bbox 1764 510 1865 553; x_wconf 81' lang='lat' dir='ltr'>omncs</span> 
     </span>
     <span class='ocr_line' id='line_1_4' title="bbox 158 580 1865 654; baseline 0.001 -13"><span class='ocrx_word' id='word_1_37' title='bbox 158 585 272 641; x_wconf 87' lang='lat' dir='ltr'>occulta</span> <span class='ocrx_word' id='word_1_38' title='bbox 290 586 433 653; x_wconf 87' lang='lat' dir='ltr'>contium,</span> <span class='ocrx_word' id='word_1_39' title='bbox 446 583 561 641; x_wconf 89' lang='lat' dir='ltr'>occulta</span> <span class='ocrx_word' id='word_1_40' title='bbox 584 585 761 653; x_wconf 82' lang='lat' dir='ltr'>futurorum,</span> <span class='ocrx_word' id='word_1_41' title='bbox 774 583 888 641; x_wconf 89' lang='lat' dir='ltr'>occulta</span> <span class='ocrx_word' id='word_1_42' title='bbox 902 583 982 640; x_wconf 91' lang='lat' dir='ltr'>Scri·</span> <span class='ocrx_word' id='word_1_43' title='bbox 1036 580 1236 654; x_wconf 90' lang='lat' dir='ltr'>turpitudines</span> <span class='ocrx_word' id='word_1_44' title='bbox 1247 580 1400 638; x_wconf 78' lang='lat' dir='ltr'>evitemus.</span> <span class='ocrx_word' id='word_1_45' title='bbox 1410 581 1465 638; x_wconf 87' lang='lat' dir='ltr'>Sed</span> <span class='ocrx_word' id='word_1_46' title='bbox 1477 581 1547 654; x_wconf 89' lang='lat' dir='ltr'>quie</span> <span class='ocrx_word' id='word_1_47' title='bbox 1558 580 1613 638; x_wconf 93' lang='lat' dir='ltr'>hoc</span> <span class='ocrx_word' id='word_1_48' title='bbox 1623 598 1682 639; x_wconf 91' lang='lat' dir='ltr'>uon</span> <span class='ocrx_word' id='word_1_49' title='bbox 1693 581 1822 654; x_wconf 81' lang='lat' dir='ltr'>sufficit,</span> <span class='ocrx_word' id='word_1_50' title='bbox 1831 585 1865 642; x_wconf 79' lang='lat' dir='ltr'>ds</span> 
     </span>
     <span class='ocr_line' id='line_1_5' title="bbox 157 669 1864 747; baseline 0.002 -18"><span class='ocrx_word' id='word_1_51' title='bbox 157 679 321 747; x_wconf 86' lang='lat' dir='ltr'>pturerum,</span> <span class='ocrx_word' id='word_1_52' title='bbox 338 674 452 730; x_wconf 86' lang='lat' dir='ltr'>occulta</span> <span class='ocrx_word' id='word_1_53' title='bbox 475 673 640 730; x_wconf 86' lang='lat' dir='ltr'>absentium</span> <span class='ocrx_word' id='word_1_54' title='bbox 664 679 694 730; x_wconf 84' lang='lat' dir='ltr'>st</span> <span class='ocrx_word' id='word_1_55' title='bbox 716 673 918 739; x_wconf 71' lang='lat' dir='ltr'>invisibilium,</span> <span class='ocrx_word' id='word_1_56' title='bbox 931 671 982 744; x_wconf 94' lang='lat' dir='ltr'>qui</span> <span class='ocrx_word' id='word_1_57' title='bbox 1036 670 1125 727; x_wconf 90' lang='lat' dir='ltr'>etiam</span> <span class='ocrx_word' id='word_1_58' title='bbox 1150 669 1245 740; x_wconf 88' lang='lat' dir='ltr'>nobis,</span> <span class='ocrx_word' id='word_1_59' title='bbox 1264 669 1544 745; x_wconf 88' lang='lat' dir='ltr'>Domine,spiritum</span> <span class='ocrx_word' id='word_1_60' title='bbox 1568 670 1695 744; x_wconf 84' lang='lat' dir='ltr'>pictatis,</span> <span class='ocrx_word' id='word_1_61' title='bbox 1714 675 1752 729; x_wconf 82' lang='lat' dir='ltr'>ut</span> <span class='ocrx_word' id='word_1_62' title='bbox 1774 672 1864 732; x_wconf 86' lang='lat' dir='ltr'>simus</span> 
     </span>
     <span class='ocr_line' id='line_1_6' title="bbox 159 758 1864 835; baseline 0.002 -18"><span class='ocrx_word' id='word_1_63' title='bbox 159 763 274 835; x_wconf 83' lang='lat' dir='ltr'>proprie</span> <span class='ocrx_word' id='word_1_64' title='bbox 287 763 408 835; x_wconf 91' lang='lat' dir='ltr'>spiritus</span> <span class='ocrx_word' id='word_1_65' title='bbox 423 762 581 835; x_wconf 69' lang='lat' dir='ltr'>prophetiae</span> <span class='ocrx_word' id='word_1_66' title='bbox 598 767 694 835; x_wconf 86' lang='lat' dir='ltr'>potest</span> <span class='ocrx_word' id='word_1_67' title='bbox 703 761 769 818; x_wconf 90' lang='lat' dir='ltr'>dici.</span> <span class='ocrx_word' id='word_1_68' title='bbox 780 762 861 828; x_wconf 83' lang='lat' dir='ltr'>Quod</span> <span class='ocrx_word' id='word_1_69' title='bbox 872 763 982 817; x_wconf 90' lang='lat' dir='ltr'>donum</span> <span class='ocrx_word' id='word_1_70' title='bbox 1037 758 1078 832; x_wconf 92' lang='lat' dir='ltr'>pii</span> <span class='ocrx_word' id='word_1_71' title='bbox 1094 759 1123 815; x_wconf 93' lang='lat' dir='ltr'>iu</span> <span class='ocrx_word' id='word_1_72' title='bbox 1140 762 1169 815; x_wconf 87' lang='grc' dir='ltr'>ιε</span> <span class='ocrx_word' id='word_1_73' title='bbox 1183 763 1212 815; x_wconf 90' lang='grc' dir='ltr'>ει</span> <span class='ocrx_word' id='word_1_74' title='bbox 1227 758 1257 815; x_wconf 93' lang='lat' dir='ltr'>in</span> <span class='ocrx_word' id='word_1_75' title='bbox 1273 758 1419 832; x_wconf 84' lang='lat' dir='ltr'>proximos</span> <span class='ocrx_word' id='word_1_76' title='bbox 1435 765 1560 829; x_wconf 86' lang='lat' dir='ltr'>nostros,</span> <span class='ocrx_word' id='word_1_77' title='bbox 1570 763 1599 817; x_wconf 84' lang='lat' dir='ltr'>te</span> <span class='ocrx_word' id='word_1_78' title='bbox 1614 777 1707 835; x_wconf 84' lang='lat' dir='ltr'>super</span> <span class='ocrx_word' id='word_1_79' title='bbox 1717 760 1864 831; x_wconf 58' lang='lat' dir='ltr'>omniomi</span> 
     </span>
    </p>
   </div>
   <div class='ocr_carea' id='block_1_3' title="bbox 60 834 1863 926">
    <p class='ocr_par' dir='ltr' id='par_1_3' title="bbox 60 834 1863 926">
     <span class='ocr_line' id='line_1_7' title="bbox 60 834 1863 926; baseline 0.002 -20"><span class='ocrx_word' id='word_1_80' title='bbox 60 906 64 916; x_wconf 79' lang='grc'>,</span> <span class='ocrx_word' id='word_1_81' title='bbox 160 850 226 924; x_wconf 91' lang='lat' dir='ltr'>quis</span> <span class='ocrx_word' id='word_1_82' title='bbox 241 851 334 924; x_wconf 88' lang='lat' dir='ltr'>magis</span> <span class='ocrx_word' id='word_1_83' title='bbox 349 851 452 907; x_wconf 86' lang='lat' dir='ltr'>habuit</span> <span class='ocrx_word' id='word_1_84' title='bbox 463 868 551 924; x_wconf 87' lang='lat' dir='ltr'>quam</span> <span class='ocrx_word' id='word_1_85' title='bbox 566 851 614 907; x_wconf 93' lang='lat' dir='ltr'>ille</span> <span class='ocrx_word' id='word_1_86' title='bbox 626 851 675 924; x_wconf 91' lang='lat' dir='ltr'>qui</span> <span class='ocrx_word' id='word_1_87' title='bbox 691 850 981 924; x_wconf 83' lang='lat' dir='ltr'>occultescogitatio-</span> <span class='ocrx_word' id='word_1_88' title='bbox 1037 847 1185 921; x_wconf 79' lang='lat' dir='ltr'>proximus</span> <span class='ocrx_word' id='word_1_89' title='bbox 1207 847 1283 905; x_wconf 87' lang='lat' dir='ltr'>sicut</span> <span class='ocrx_word' id='word_1_90' title='bbox 1306 864 1360 904; x_wconf 94' lang='lat' dir='ltr'>nos</span> <span class='ocrx_word' id='word_1_91' title='bbox 1384 834 1548 922; x_wconf 79' lang='lat' dir='ltr'>diligentes.</span> <span class='ocrx_word' id='word_1_92' title='bbox 1560 849 1617 906; x_wconf 90' lang='lat' dir='ltr'>Sed</span> <span class='ocrx_word' id='word_1_93' title='bbox 1642 850 1789 923; x_wconf 76' lang='lat' dir='ltr'>quonism</span> <span class='ocrx_word' id='word_1_94' title='bbox 1804 850 1863 926; x_wconf 86' lang='lat' dir='ltr'>qui·</span> 
     </span>
    </p>
   </div>
   <div class='ocr_carea' id='block_1_4' title="bbox 158 936 1874 5652">
    <p class='ocr_par' dir='ltr' id='par_1_4' title="bbox 159 936 1874 2612">
     <span class='ocr_line' id='line_1_8' title="bbox 160 936 1863 1014; baseline 0.002 -17"><span class='ocrx_word' id='word_1_95' title='bbox 160 940 390 1012; x_wconf 90' lang='lat' dir='ltr'>nesiuiquorum</span> <span class='ocrx_word' id='word_1_96' title='bbox 401 940 569 997; x_wconf 76' lang='lat' dir='ltr'>iudeorum</span> <span class='ocrx_word' id='word_1_97' title='bbox 580 941 723 1014; x_wconf 84' lang='lat' dir='ltr'>arguit,et</span> <span class='ocrx_word' id='word_1_98' title='bbox 734 941 833 996; x_wconf 87' lang='lat' dir='ltr'>lutura</span> <span class='ocrx_word' id='word_1_99' title='bbox 843 944 871 997; x_wconf 92' lang='lat' dir='ltr'>et</span> <span class='ocrx_word' id='word_1_100' title='bbox 881 940 984 995; x_wconf 89' lang='lat' dir='ltr'>abseu·</span> <span class='ocrx_word' id='word_1_101' title='bbox 1037 938 1105 993; x_wconf 87' lang='lat' dir='ltr'>dom</span> <span class='ocrx_word' id='word_1_102' title='bbox 1121 936 1339 994; x_wconf 86' lang='lat' dir='ltr'>habentzelum</span> <span class='ocrx_word' id='word_1_103' title='bbox 1354 937 1416 1006; x_wconf 93' lang='lat' dir='ltr'>Dei,</span> <span class='ocrx_word' id='word_1_104' title='bbox 1432 938 1482 995; x_wconf 89' lang='lat' dir='ltr'>sed</span> <span class='ocrx_word' id='word_1_105' title='bbox 1503 954 1561 995; x_wconf 91' lang='lat' dir='ltr'>non</span> <span class='ocrx_word' id='word_1_106' title='bbox 1576 940 1745 998; x_wconf 86' lang='lat' dir='ltr'>secuudum</span> <span class='ocrx_word' id='word_1_107' title='bbox 1770 940 1863 999; x_wconf 87' lang='lat' dir='ltr'>soiou·</span> 
     </span>
     <span class='ocr_line' id='line_1_9' title="bbox 159 1025 1862 1102; baseline 0.002 -17"><span class='ocrx_word' id='word_1_108' title='bbox 159 1028 201 1085; x_wconf 87' lang='lat' dir='ltr'>tia</span> <span class='ocrx_word' id='word_1_109' title='bbox 211 1032 352 1101; x_wconf 87' lang='lat' dir='ltr'>tunquam</span> <span class='ocrx_word' id='word_1_110' title='bbox 364 1029 508 1102; x_wconf 71' lang='lat' dir='ltr'>praeterita</span> <span class='ocrx_word' id='word_1_111' title='bbox 519 1029 665 1086; x_wconf 77' lang='lat' dir='ltr'>narravit?</span> <span class='ocrx_word' id='word_1_112' title='bbox 677 1029 746 1086; x_wconf 90' lang='lat' dir='ltr'>lude</span> <span class='ocrx_word' id='word_1_113' title='bbox 762 1034 806 1085; x_wconf 87' lang='lat' dir='ltr'>est</span> <span class='ocrx_word' id='word_1_114' title='bbox 822 1029 899 1102; x_wconf 88' lang='lat' dir='ltr'>quod</span> <span class='ocrx_word' id='word_1_115' title='bbox 915 1045 982 1101; x_wconf 90' lang='lat' dir='ltr'>pro·</span> <span class='ocrx_word' id='word_1_116' title='bbox 1037 1025 1165 1093; x_wconf 87' lang='lat' dir='ltr'>tiam,de</span> <span class='ocrx_word' id='word_1_117' title='bbox 1180 1043 1297 1099; x_wconf 93' lang='lat' dir='ltr'>quoque</span> <span class='ocrx_word' id='word_1_118' title='bbox 1313 1027 1408 1097; x_wconf 90' lang='lat' dir='ltr'>uobis,</span> <span class='ocrx_word' id='word_1_119' title='bbox 1421 1025 1554 1095; x_wconf 83' lang='lat' dir='ltr'>Domine,</span> <span class='ocrx_word' id='word_1_120' title='bbox 1570 1027 1708 1102; x_wconf 90' lang='lat' dir='ltr'>spiritum</span> <span class='ocrx_word' id='word_1_121' title='bbox 1725 1028 1862 1098; x_wconf 76' lang='grc' dir='ltr'>ιοίειιιίο,</span> 
     </span>
     <span class='ocr_line' id='line_1_10' title="bbox 160 1114 1863 1191; baseline 0.001 -17"><span class='ocrx_word' id='word_1_122' title='bbox 160 1117 257 1191; x_wconf 80' lang='lat' dir='ltr'>pheta,</span> <span class='ocrx_word' id='word_1_123' title='bbox 270 1118 329 1173; x_wconf 89' lang='lat' dir='ltr'>imo</span> <span class='ocrx_word' id='word_1_124' title='bbox 344 1119 486 1175; x_wconf 86' lang='lat' dir='ltr'>Dominus</span> <span class='ocrx_word' id='word_1_125' title='bbox 505 1119 713 1191; x_wconf 89' lang='lat' dir='ltr'>prophetarum</span> <span class='ocrx_word' id='word_1_126' title='bbox 727 1122 856 1175; x_wconf 90' lang='lat' dir='ltr'>vocatur.</span> <span class='ocrx_word' id='word_1_127' title='bbox 869 1118 983 1190; x_wconf 76' lang='lat' dir='ltr'>Moyses</span> <span class='ocrx_word' id='word_1_128' title='bbox 1038 1118 1071 1172; x_wconf 88' lang='lat' dir='ltr'>ut</span> <span class='ocrx_word' id='word_1_129' title='bbox 1081 1115 1211 1171; x_wconf 87' lang='lat' dir='ltr'>sciemus</span> <span class='ocrx_word' id='word_1_130' title='bbox 1222 1114 1270 1172; x_wconf 92' lang='lat' dir='ltr'>cui</span> <span class='ocrx_word' id='word_1_131' title='bbox 1286 1115 1469 1189; x_wconf 79' lang='lat' dir='ltr'>pietatem,et</span> <span class='ocrx_word' id='word_1_132' title='bbox 1478 1114 1525 1172; x_wconf 92' lang='lat' dir='ltr'>cui</span> <span class='ocrx_word' id='word_1_133' title='bbox 1537 1116 1752 1176; x_wconf 81' lang='lat' dir='ltr'>correctionem</span> <span class='ocrx_word' id='word_1_134' title='bbox 1762 1119 1863 1176; x_wconf 79' lang='lat' dir='ltr'>debea-</span> 
     </span>
     <span class='ocr_line' id='line_1_11' title="bbox 160 1203 1864 1283; baseline 0.001 -18"><span class='ocrx_word' id='word_1_135' title='bbox 160 1208 238 1265; x_wconf 88' lang='lat' dir='ltr'>euim</span> <span class='ocrx_word' id='word_1_136' title='bbox 254 1209 289 1264; x_wconf 92' lang='lat' dir='ltr'>do</span> <span class='ocrx_word' id='word_1_137' title='bbox 305 1225 337 1264; x_wconf 88' lang='lat' dir='ltr'>eo</span> <span class='ocrx_word' id='word_1_138' title='bbox 353 1208 394 1263; x_wconf 87' lang='lat' dir='ltr'>ait</span> <span class='ocrx_word' id='word_1_139' title='bbox 406 1225 411 1264; x_wconf 96' lang='lat'><strong>:</strong></span> <span class='ocrx_word' id='word_1_140' title='bbox 425 1232 438 1258; x_wconf 73' lang='lat' dir='ltr'>a</span> <span class='ocrx_word' id='word_1_141' title='bbox 453 1207 626 1280; x_wconf 87' lang='lat' dir='ltr'>Prophetem</span> <span class='ocrx_word' id='word_1_142' title='bbox 643 1208 799 1264; x_wconf 80' lang='lat' dir='ltr'>suscitabit</span> <span class='ocrx_word' id='word_1_143' title='bbox 809 1206 892 1263; x_wconf 83' lang='lat' dir='ltr'>vobis</span> <span class='ocrx_word' id='word_1_144' title='bbox 907 1207 984 1263; x_wconf 94' lang='lat' dir='ltr'>Deus</span> <span class='ocrx_word' id='word_1_145' title='bbox 1038 1220 1116 1261; x_wconf 89' lang='lat' dir='ltr'>mus.</span> <span class='ocrx_word' id='word_1_146' title='bbox 1131 1204 1185 1261; x_wconf 91' lang='lat' dir='ltr'>Sed</span> <span class='ocrx_word' id='word_1_147' title='bbox 1202 1203 1341 1276; x_wconf 90' lang='lat' dir='ltr'>quoniam</span> <span class='ocrx_word' id='word_1_148' title='bbox 1356 1203 1477 1277; x_wconf 83' lang='lat' dir='ltr'>quidem</span> <span class='ocrx_word' id='word_1_149' title='bbox 1491 1203 1599 1276; x_wconf 89' lang='lat' dir='ltr'>sciunt,</span> <span class='ocrx_word' id='word_1_150' title='bbox 1614 1207 1665 1264; x_wconf 89' lang='lat' dir='ltr'>sed</span> <span class='ocrx_word' id='word_1_151' title='bbox 1680 1211 1787 1266; x_wconf 67' lang='lat' dir='ltr'>umen</span> <span class='ocrx_word' id='word_1_152' title='bbox 1801 1223 1864 1283; x_wconf 83' lang='lat' dir='ltr'>pro-</span> 
     </span>
     <span class='ocr_line' id='line_1_12' title="bbox 160 1292 1863 1372; baseline 0.001 -19"><span class='ocrx_word' id='word_1_153' title='bbox 160 1296 196 1353; x_wconf 88' lang='lat' dir='ltr'>de</span> <span class='ocrx_word' id='word_1_154' title='bbox 211 1297 351 1354; x_wconf 87' lang='lat' dir='ltr'>fratribus</span> <span class='ocrx_word' id='word_1_155' title='bbox 366 1298 471 1354; x_wconf 83' lang='lat' dir='ltr'>restris</span> <span class='ocrx_word' id='word_1_156' title='bbox 486 1299 574 1366; x_wconf 82' lang='lat' dir='ltr'>(Dect.</span> <span class='ocrx_word' id='word_1_157' title='bbox 589 1296 679 1368; x_wconf 84' lang='lat' dir='ltr'>xvru).</span> <span class='ocrx_word' id='word_1_158' title='bbox 692 1320 706 1347; x_wconf 93' lang='lat'>»</span> <span class='ocrx_word' id='word_1_159' title='bbox 718 1299 752 1353; x_wconf 83' lang='lat' dir='ltr'>Et</span> <span class='ocrx_word' id='word_1_160' title='bbox 764 1297 794 1352; x_wconf 93' lang='lat' dir='ltr'>in</span> <span class='ocrx_word' id='word_1_161' title='bbox 802 1295 958 1370; x_wconf 82' lang='lat' dir='ltr'>Evangelio</span> <span class='ocrx_word' id='word_1_162' title='bbox 975 1312 983 1351; x_wconf 76' lang='grc' dir='ltr'>ι</span> <span class='ocrx_word' id='word_1_163' title='bbox 1039 1297 1103 1366; x_wconf 88' lang='lat' dir='ltr'>pter</span> <span class='ocrx_word' id='word_1_164' title='bbox 1116 1292 1391 1366; x_wconf 77' lang='lat' dir='ltr'>pusillanimitatem</span> <span class='ocrx_word' id='word_1_165' title='bbox 1405 1310 1469 1366; x_wconf 79' lang='lat' dir='ltr'>quc</span> <span class='ocrx_word' id='word_1_166' title='bbox 1485 1294 1582 1351; x_wconf 88' lang='lat' dir='ltr'>sciunt</span> <span class='ocrx_word' id='word_1_167' title='bbox 1596 1294 1734 1354; x_wconf 77' lang='lat' dir='ltr'>iaciendo</span> <span class='ocrx_word' id='word_1_168' title='bbox 1748 1296 1863 1372; x_wconf 76' lang='lat' dir='ltr'>aggredi</span> 
     </span>
     <span class='ocr_line' id='line_1_13' title="bbox 160 1381 1864 1459; baseline 0.003 -21"><span class='ocrx_word' id='word_1_169' title='bbox 160 1409 175 1438; x_wconf 84' lang='lat' dir='ltr'>a</span> <span class='ocrx_word' id='word_1_170' title='bbox 187 1386 239 1442; x_wconf 90' lang='lat' dir='ltr'>llic</span> <span class='ocrx_word' id='word_1_171' title='bbox 250 1390 294 1442; x_wconf 89' lang='lat' dir='ltr'>cst</span> <span class='ocrx_word' id='word_1_172' title='bbox 304 1402 368 1443; x_wconf 87' lang='lat' dir='ltr'>vere</span> <span class='ocrx_word' id='word_1_173' title='bbox 385 1386 524 1458; x_wconf 87' lang='lat' dir='ltr'>propheta</span> <span class='ocrx_word' id='word_1_174' title='bbox 535 1385 586 1457; x_wconf 91' lang='lat' dir='ltr'>qui</span> <span class='ocrx_word' id='word_1_175' title='bbox 596 1391 736 1443; x_wconf 87' lang='lat' dir='ltr'>venturus</span> <span class='ocrx_word' id='word_1_176' title='bbox 746 1385 827 1442; x_wconf 90' lang='lat' dir='ltr'>estin</span> <span class='ocrx_word' id='word_1_177' title='bbox 838 1385 984 1440; x_wconf 90' lang='lat' dir='ltr'>mundum</span> <span class='ocrx_word' id='word_1_178' title='bbox 1040 1398 1098 1439; x_wconf 92' lang='lat' dir='ltr'>nou</span> <span class='ocrx_word' id='word_1_179' title='bbox 1114 1382 1233 1451; x_wconf 85' lang='lat' dir='ltr'>audent,</span> <span class='ocrx_word' id='word_1_180' title='bbox 1245 1382 1282 1438; x_wconf 86' lang='lat' dir='ltr'>de</span> <span class='ocrx_word' id='word_1_181' title='bbox 1297 1381 1398 1451; x_wconf 90' lang='lat' dir='ltr'>simul,</span> <span class='ocrx_word' id='word_1_182' title='bbox 1410 1383 1542 1450; x_wconf 88' lang='lat' dir='ltr'>Domine,</span> <span class='ocrx_word' id='word_1_183' title='bbox 1556 1382 1641 1441; x_wconf 89' lang='lat' dir='ltr'>nobis</span> <span class='ocrx_word' id='word_1_184' title='bbox 1656 1383 1801 1459; x_wconf 83' lang='lat' dir='ltr'>spiritum</span> <span class='ocrx_word' id='word_1_185' title='bbox 1811 1385 1864 1443; x_wconf 79' lang='lat' dir='ltr'>tor·</span> 
     </span>
     <span class='ocr_line' id='line_1_14' title="bbox 160 1469 1865 1547; baseline -0.002 -13"><span class='ocrx_word' id='word_1_186' title='bbox 160 1479 252 1546; x_wconf 70' lang='lat' dir='ltr'>(loco.</span> <span class='ocrx_word' id='word_1_187' title='bbox 263 1477 331 1545; x_wconf 67' lang='lat' dir='ltr'>vit»</span> <span class='ocrx_word' id='word_1_188' title='bbox 341 1475 589 1531; x_wconf 83' lang='lat' dir='ltr'>Tertiumdunum</span> <span class='ocrx_word' id='word_1_189' title='bbox 601 1480 646 1531; x_wconf 90' lang='lat' dir='ltr'>est</span> <span class='ocrx_word' id='word_1_190' title='bbox 656 1474 810 1531; x_wconf 90' lang='lat' dir='ltr'>consilium</span> <span class='ocrx_word' id='word_1_191' title='bbox 821 1474 899 1530; x_wconf 90' lang='lat' dir='ltr'>inter</span> <span class='ocrx_word' id='word_1_192' title='bbox 913 1473 985 1530; x_wconf 90' lang='lat' dir='ltr'>iusi·</span> <span class='ocrx_word' id='word_1_193' title='bbox 1040 1469 1227 1542; x_wconf 90' lang='lat' dir='ltr'>titudinis‚ut</span> <span class='ocrx_word' id='word_1_194' title='bbox 1241 1470 1354 1527; x_wconf 82' lang='lat' dir='ltr'>fortiter</span> <span class='ocrx_word' id='word_1_195' title='bbox 1364 1487 1460 1544; x_wconf 83' lang='lat' dir='ltr'>egere,</span> <span class='ocrx_word' id='word_1_196' title='bbox 1470 1474 1501 1528; x_wconf 89' lang='lat' dir='ltr'>et</span> <span class='ocrx_word' id='word_1_197' title='bbox 1512 1470 1664 1530; x_wconf 86' lang='lat' dir='ltr'>temduris</span> <span class='ocrx_word' id='word_1_198' title='bbox 1674 1489 1769 1547; x_wconf 87' lang='lat' dir='ltr'>quem</span> <span class='ocrx_word' id='word_1_199' title='bbox 1784 1473 1865 1531; x_wconf 86' lang='lat' dir='ltr'>blen-</span> 
     </span>
     <span class='ocr_line' id='line_1_15' title="bbox 161 1558 1865 1636; baseline 0.002 -18"><span class='ocrx_word' id='word_1_200' title='bbox 161 1562 224 1620; x_wconf 87' lang='lat' dir='ltr'>dias</span> <span class='ocrx_word' id='word_1_201' title='bbox 240 1568 267 1618; x_wconf 93' lang='lat' dir='ltr'>et</span> <span class='ocrx_word' id='word_1_202' title='bbox 287 1563 416 1636; x_wconf 88' lang='lat' dir='ltr'>pericula</span> <span class='ocrx_word' id='word_1_203' title='bbox 438 1563 527 1635; x_wconf 90' lang='lat' dir='ltr'>hujus</span> <span class='ocrx_word' id='word_1_204' title='bbox 552 1564 664 1620; x_wconf 87' lang='lat' dir='ltr'>mundi.</span> <span class='ocrx_word' id='word_1_205' title='bbox 678 1563 759 1630; x_wconf 86' lang='lat' dir='ltr'>Quod</span> <span class='ocrx_word' id='word_1_206' title='bbox 784 1564 894 1618; x_wconf 93' lang='lat' dir='ltr'>donum</span> <span class='ocrx_word' id='word_1_207' title='bbox 919 1560 986 1634; x_wconf 90' lang='lat' dir='ltr'>quis</span> <span class='ocrx_word' id='word_1_208' title='bbox 1040 1559 1087 1615; x_wconf 91' lang='lat' dir='ltr'>dis</span> <span class='ocrx_word' id='word_1_209' title='bbox 1101 1558 1238 1616; x_wconf 87' lang='lat' dir='ltr'>resistcre</span> <span class='ocrx_word' id='word_1_210' title='bbox 1247 1558 1409 1616; x_wconf 83' lang='lat' dir='ltr'>valeamus.</span> <span class='ocrx_word' id='word_1_211' title='bbox 1420 1560 1476 1617; x_wconf 90' lang='lat' dir='ltr'>Sed</span> <span class='ocrx_word' id='word_1_212' title='bbox 1486 1561 1626 1633; x_wconf 85' lang='lat' dir='ltr'>quonism</span> <span class='ocrx_word' id='word_1_213' title='bbox 1640 1561 1766 1635; x_wconf 79' lang='lat' dir='ltr'>quidem</span> <span class='ocrx_word' id='word_1_214' title='bbox 1781 1562 1865 1621; x_wconf 73' lang='lat' dir='ltr'>euna</span> 
     </span>
     <span class='ocr_line' id='line_1_16' title="bbox 161 1648 1866 1726; baseline 0.001 -18"><span class='ocrx_word' id='word_1_215' title='bbox 161 1651 255 1725; x_wconf 83' lang='lat' dir='ltr'>magis</span> <span class='ocrx_word' id='word_1_216' title='bbox 266 1651 369 1708; x_wconf 89' lang='lat' dir='ltr'>habuit</span> <span class='ocrx_word' id='word_1_217' title='bbox 380 1669 468 1725; x_wconf 86' lang='lat' dir='ltr'>quam</span> <span class='ocrx_word' id='word_1_218' title='bbox 480 1651 528 1708; x_wconf 88' lang='lat' dir='ltr'>ille</span> <span class='ocrx_word' id='word_1_219' title='bbox 539 1652 588 1725; x_wconf 91' lang='lat' dir='ltr'>qui</span> <span class='ocrx_word' id='word_1_220' title='bbox 600 1652 729 1709; x_wconf 89' lang='lat' dir='ltr'>humano</span> <span class='ocrx_word' id='word_1_221' title='bbox 739 1651 881 1726; x_wconf 84' lang='lat' dir='ltr'>generide</span> <span class='ocrx_word' id='word_1_222' title='bbox 892 1649 986 1707; x_wconf 87' lang='lat' dir='ltr'>salute</span> <span class='ocrx_word' id='word_1_223' title='bbox 1040 1649 1131 1705; x_wconf 82' lang='lat' dir='ltr'>sortes</span> <span class='ocrx_word' id='word_1_224' title='bbox 1155 1649 1297 1716; x_wconf 66' lang='lat' dir='ltr'>suntsed</span> <span class='ocrx_word' id='word_1_225' title='bbox 1319 1657 1415 1706; x_wconf 86' lang='lat' dir='ltr'>temen</span> <span class='ocrx_word' id='word_1_226' title='bbox 1445 1648 1475 1705; x_wconf 93' lang='lat' dir='ltr'>in</span> <span class='ocrx_word' id='word_1_227' title='bbox 1505 1648 1641 1725; x_wconf 79' lang='lat' dir='ltr'>augustie</span> <span class='ocrx_word' id='word_1_228' title='bbox 1668 1650 1866 1724; x_wconf 75' lang='lat' dir='ltr'>periculorum</span> 
     </span>
     <span class='ocr_line' id='line_1_17' title="bbox 161 1737 1874 1816; baseline 0.002 -20"><span class='ocrx_word' id='word_1_229' title='bbox 161 1741 326 1813; x_wconf 81' lang='lat' dir='ltr'>desperanti</span> <span class='ocrx_word' id='word_1_230' title='bbox 351 1741 506 1797; x_wconf 89' lang='lat' dir='ltr'>consilium</span> <span class='ocrx_word' id='word_1_231' title='bbox 524 1742 654 1811; x_wconf 87' lang='lat' dir='ltr'>dcdit‚et</span> <span class='ocrx_word' id='word_1_232' title='bbox 668 1741 719 1814; x_wconf 92' lang='lat' dir='ltr'>qui</span> <span class='ocrx_word' id='word_1_233' title='bbox 735 1741 863 1814; x_wconf 91' lang='lat' dir='ltr'>quotidie</span> <span class='ocrx_word' id='word_1_234' title='bbox 888 1740 986 1796; x_wconf 93' lang='lat' dir='ltr'>incon·</span> <span class='ocrx_word' id='word_1_235' title='bbox 1041 1737 1260 1810; x_wconf 87' lang='lat' dir='ltr'>perturbentur,</span> <span class='ocrx_word' id='word_1_236' title='bbox 1281 1737 1319 1794; x_wconf 89' lang='lat' dir='ltr'>da</span> <span class='ocrx_word' id='word_1_237' title='bbox 1346 1737 1434 1795; x_wconf 87' lang='lat' dir='ltr'>etium</span> <span class='ocrx_word' id='word_1_238' title='bbox 1459 1737 1554 1808; x_wconf 91' lang='lat' dir='ltr'>uobis,</span> <span class='ocrx_word' id='word_1_239' title='bbox 1575 1739 1710 1810; x_wconf 82' lang='lat' dir='ltr'>Domine,</span> <span class='ocrx_word' id='word_1_240' title='bbox 1730 1740 1874 1816; x_wconf 82' lang='lat' dir='ltr'>spiritum</span> 
     </span>
     <span class='ocr_line' id='line_1_18' title="bbox 160 1824 1868 1904; baseline 0.002 -18"><span class='ocrx_word' id='word_1_241' title='bbox 160 1829 246 1886; x_wconf 88' lang='lat' dir='ltr'>sultis</span> <span class='ocrx_word' id='word_1_242' title='bbox 262 1829 409 1886; x_wconf 78' lang='lat' dir='ltr'>consulit?</span> <span class='ocrx_word' id='word_1_243' title='bbox 426 1831 543 1904; x_wconf 85' lang='lat' dir='ltr'>Propter</span> <span class='ocrx_word' id='word_1_244' title='bbox 567 1831 621 1887; x_wconf 93' lang='lat' dir='ltr'>hoc</span> <span class='ocrx_word' id='word_1_245' title='bbox 646 1830 724 1887; x_wconf 91' lang='lat' dir='ltr'>euim</span> <span class='ocrx_word' id='word_1_246' title='bbox 741 1829 954 1886; x_wconf 85' lang='lat' dir='ltr'>antonomatice</span> <span class='ocrx_word' id='word_1_247' title='bbox 969 1845 987 1885; x_wconf 88' lang='lat' dir='ltr'>a</span> <span class='ocrx_word' id='word_1_248' title='bbox 1039 1824 1165 1894; x_wconf 92' lang='lat' dir='ltr'>consilii,</span> <span class='ocrx_word' id='word_1_249' title='bbox 1176 1829 1209 1882; x_wconf 89' lang='lat' dir='ltr'>ut</span> <span class='ocrx_word' id='word_1_250' title='bbox 1224 1829 1285 1882; x_wconf 89' lang='lat' dir='ltr'>tam</span> <span class='ocrx_word' id='word_1_251' title='bbox 1301 1825 1386 1884; x_wconf 91' lang='lat' dir='ltr'>nubis</span> <span class='ocrx_word' id='word_1_252' title='bbox 1402 1843 1492 1900; x_wconf 87' lang='lat' dir='ltr'>quem</span> <span class='ocrx_word' id='word_1_253' title='bbox 1501 1825 1568 1884; x_wconf 86' lang='lat' dir='ltr'>aliis</span> <span class='ocrx_word' id='word_1_254' title='bbox 1582 1827 1741 1887; x_wconf 90' lang='lat' dir='ltr'>consilium</span> <span class='ocrx_word' id='word_1_255' title='bbox 1757 1835 1868 1889; x_wconf 78' lang='lat' dir='ltr'>rectum</span> 
     </span>
     <span class='ocr_line' id='line_1_19' title="bbox 160 1914 1869 1995; baseline 0.002 -22"><span class='ocrx_word' id='word_1_256' title='bbox 160 1918 302 1993; x_wconf 89' lang='lat' dir='ltr'>propheta</span> <span class='ocrx_word' id='word_1_257' title='bbox 313 1941 327 1969; x_wconf 83' lang='lat' dir='ltr'>u</span> <span class='ocrx_word' id='word_1_258' title='bbox 343 1918 539 1991; x_wconf 84' lang='lat' dir='ltr'>consiliarius,</span> <span class='ocrx_word' id='word_1_259' title='bbox 550 1924 578 1976; x_wconf 90' lang='grc' dir='ltr'>ει</span> <span class='ocrx_word' id='word_1_260' title='bbox 591 1919 713 1993; x_wconf 84' lang='lat' dir='ltr'>angelus</span> <span class='ocrx_word' id='word_1_261' title='bbox 729 1919 827 1993; x_wconf 81' lang='lat' dir='ltr'>magni</span> <span class='ocrx_word' id='word_1_262' title='bbox 845 1918 957 1975; x_wconf 90' lang='lat' dir='ltr'>consilii</span> <span class='ocrx_word' id='word_1_263' title='bbox 969 1939 984 1968; x_wconf 78' lang='lat' dir='ltr'>n</span> <span class='ocrx_word' id='word_1_264' title='bbox 1040 1916 1108 1971; x_wconf 85' lang='lat' dir='ltr'>dare</span> <span class='ocrx_word' id='word_1_265' title='bbox 1123 1914 1281 1988; x_wconf 88' lang='lat' dir='ltr'>possimus.</span> <span class='ocrx_word' id='word_1_266' title='bbox 1291 1916 1349 1972; x_wconf 88' lang='lat' dir='ltr'>Sed</span> <span class='ocrx_word' id='word_1_267' title='bbox 1365 1916 1505 1989; x_wconf 88' lang='lat' dir='ltr'>quonium</span> <span class='ocrx_word' id='word_1_268' title='bbox 1520 1921 1633 1974; x_wconf 83' lang='lat' dir='ltr'>rectum</span> <span class='ocrx_word' id='word_1_269' title='bbox 1643 1917 1805 1977; x_wconf 87' lang='lat' dir='ltr'>consilium</span> <span class='ocrx_word' id='word_1_270' title='bbox 1819 1936 1869 1995; x_wconf 87' lang='lat' dir='ltr'>per</span> 
     </span>
     <span class='ocr_line' id='line_1_20' title="bbox 161 2004 1865 2083; baseline 0.002 -20"><span class='ocrx_word' id='word_1_271' title='bbox 161 2013 420 2081; x_wconf 82' lang='lat' dir='ltr'>nuncupatur(lsa.</span> <span class='ocrx_word' id='word_1_272' title='bbox 438 2011 487 2078; x_wconf 84' lang='lat' dir='ltr'>rx).</span> <span class='ocrx_word' id='word_1_273' title='bbox 500 2011 641 2075; x_wconf 86' lang='lat' dir='ltr'>Quartum</span> <span class='ocrx_word' id='word_1_274' title='bbox 658 2008 767 2064; x_wconf 91' lang='lat' dir='ltr'>donum</span> <span class='ocrx_word' id='word_1_275' title='bbox 783 2012 828 2064; x_wconf 90' lang='lat' dir='ltr'>ost</span> <span class='ocrx_word' id='word_1_276' title='bbox 846 2007 986 2062; x_wconf 84' lang='lat' dir='ltr'>fortitudo</span> <span class='ocrx_word' id='word_1_277' title='bbox 1040 2005 1178 2078; x_wconf 90' lang='lat' dir='ltr'>spiritum</span> <span class='ocrx_word' id='word_1_278' title='bbox 1193 2004 1360 2061; x_wconf 89' lang='lat' dir='ltr'>intellectus</span> <span class='ocrx_word' id='word_1_279' title='bbox 1376 2004 1570 2076; x_wconf 88' lang='lat' dir='ltr'>ministratur,</span> <span class='ocrx_word' id='word_1_280' title='bbox 1586 2006 1725 2065; x_wconf 81' lang='lat' dir='ltr'>danobis</span> <span class='ocrx_word' id='word_1_281' title='bbox 1740 2024 1865 2083; x_wconf 85' lang='lat' dir='ltr'>quoque,</span> 
     </span>
     <span class='ocr_line' id='line_1_21' title="bbox 161 2092 1865 2172; baseline 0.002 -20"><span class='ocrx_word' id='word_1_282' title='bbox 161 2098 314 2153; x_wconf 78' lang='lat' dir='ltr'>resistendi</span> <span class='ocrx_word' id='word_1_283' title='bbox 339 2097 592 2171; x_wconf 81' lang='lat' dir='ltr'>persecutionibus</span> <span class='ocrx_word' id='word_1_284' title='bbox 612 2101 640 2153; x_wconf 89' lang='lat' dir='ltr'>et</span> <span class='ocrx_word' id='word_1_285' title='bbox 661 2096 871 2152; x_wconf 89' lang='lat' dir='ltr'>tentationibus</span> <span class='ocrx_word' id='word_1_286' title='bbox 896 2096 986 2168; x_wconf 90' lang='lat' dir='ltr'>hujus</span> <span class='ocrx_word' id='word_1_287' title='bbox 1040 2092 1170 2162; x_wconf 87' lang='lat' dir='ltr'>Domine,</span> <span class='ocrx_word' id='word_1_288' title='bbox 1188 2093 1323 2166; x_wconf 87' lang='lat' dir='ltr'>spiritum</span> <span class='ocrx_word' id='word_1_289' title='bbox 1346 2092 1523 2162; x_wconf 88' lang='lat' dir='ltr'>intellectus,</span> <span class='ocrx_word' id='word_1_290' title='bbox 1539 2099 1572 2150; x_wconf 89' lang='lat' dir='ltr'>ut</span> <span class='ocrx_word' id='word_1_291' title='bbox 1585 2112 1619 2152; x_wconf 90' lang='lat' dir='ltr'>eo</span> <span class='ocrx_word' id='word_1_292' title='bbox 1633 2094 1777 2154; x_wconf 83' lang='lat' dir='ltr'>illustrati</span> <span class='ocrx_word' id='word_1_293' title='bbox 1792 2098 1865 2172; x_wconf 88' lang='lat' dir='ltr'>quod</span> 
     </span>
     <span class='ocr_line' id='line_1_22' title="bbox 162 2181 1866 2260; baseline 0.002 -20"><span class='ocrx_word' id='word_1_294' title='bbox 162 2187 274 2242; x_wconf 86' lang='lat' dir='ltr'>mundi.</span> <span class='ocrx_word' id='word_1_295' title='bbox 289 2188 369 2253; x_wconf 89' lang='lat' dir='ltr'>Quod</span> <span class='ocrx_word' id='word_1_296' title='bbox 386 2189 495 2242; x_wconf 87' lang='lat' dir='ltr'>donum</span> <span class='ocrx_word' id='word_1_297' title='bbox 512 2187 580 2258; x_wconf 91' lang='lat' dir='ltr'>quis</span> <span class='ocrx_word' id='word_1_298' title='bbox 599 2186 693 2259; x_wconf 85' lang='lat' dir='ltr'>magis</span> <span class='ocrx_word' id='word_1_299' title='bbox 716 2185 818 2241; x_wconf 90' lang='lat' dir='ltr'>hahuit</span> <span class='ocrx_word' id='word_1_300' title='bbox 834 2202 923 2258; x_wconf 90' lang='lat' dir='ltr'>quam</span> <span class='ocrx_word' id='word_1_301' title='bbox 939 2185 986 2240; x_wconf 94' lang='lat' dir='ltr'>ille</span> <span class='ocrx_word' id='word_1_302' title='bbox 1042 2183 1205 2239; x_wconf 86' lang='lat' dir='ltr'>laciendum</span> <span class='ocrx_word' id='word_1_303' title='bbox 1222 2183 1261 2238; x_wconf 90' lang='lat' dir='ltr'>sit</span> <span class='ocrx_word' id='word_1_304' title='bbox 1274 2182 1304 2236; x_wconf 92' lang='lat' dir='ltr'>in</span> <span class='ocrx_word' id='word_1_305' title='bbox 1320 2181 1417 2239; x_wconf 91' lang='lat' dir='ltr'>dubiis</span> <span class='ocrx_word' id='word_1_306' title='bbox 1432 2182 1642 2256; x_wconf 80' lang='lat' dir='ltr'>intelligemus.</span> <span class='ocrx_word' id='word_1_307' title='bbox 1653 2185 1710 2242; x_wconf 87' lang='lat' dir='ltr'>Sed</span> <span class='ocrx_word' id='word_1_308' title='bbox 1726 2187 1866 2260; x_wconf 83' lang='lat' dir='ltr'>quoniam</span> 
     </span>
     <span class='ocr_line' id='line_1_23' title="bbox 162 2271 1865 2347; baseline 0.004 -20"><span class='ocrx_word' id='word_1_309' title='bbox 162 2274 211 2347; x_wconf 91' lang='lat' dir='ltr'>qui</span> <span class='ocrx_word' id='word_1_310' title='bbox 228 2274 386 2331; x_wconf 87' lang='lat' dir='ltr'>diabolicas</span> <span class='ocrx_word' id='word_1_311' title='bbox 403 2274 576 2330; x_wconf 85' lang='lat' dir='ltr'>tentationes</span> <span class='ocrx_word' id='word_1_312' title='bbox 592 2280 620 2329; x_wconf 89' lang='lat' dir='ltr'>ot</span> <span class='ocrx_word' id='word_1_313' title='bbox 640 2274 857 2347; x_wconf 85' lang='lat' dir='ltr'>persecutiones</span> <span class='ocrx_word' id='word_1_314' title='bbox 869 2273 987 2347; x_wconf 90' lang='lat' dir='ltr'>penitus</span> <span class='ocrx_word' id='word_1_315' title='bbox 1041 2271 1207 2327; x_wconf 85' lang='lat' dir='ltr'>intellectus</span> <span class='ocrx_word' id='word_1_316' title='bbox 1223 2288 1273 2344; x_wconf 95' lang='lat' dir='ltr'>per</span> <span class='ocrx_word' id='word_1_317' title='bbox 1292 2271 1546 2346; x_wconf 87' lang='lat' dir='ltr'>participationem</span> <span class='ocrx_word' id='word_1_318' title='bbox 1559 2289 1633 2329; x_wconf 82' lang='lat' dir='ltr'>verro</span> <span class='ocrx_word' id='word_1_319' title='bbox 1647 2277 1677 2330; x_wconf 88' lang='lat' dir='ltr'>et</span> <span class='ocrx_word' id='word_1_320' title='bbox 1691 2278 1809 2332; x_wconf 73' lang='grc' dir='ltr'>ειειιιε</span> <span class='ocrx_word' id='word_1_321' title='bbox 1822 2290 1865 2333; x_wconf 83' lang='lat' dir='ltr'>ss·</span> 
     </span>
     <span class='ocr_line' id='line_1_24' title="bbox 161 2359 1866 2436; baseline 0.001 -18"><span class='ocrx_word' id='word_1_322' title='bbox 161 2363 318 2435; x_wconf 87' lang='lat' dir='ltr'>superavit,</span> <span class='ocrx_word' id='word_1_323' title='bbox 331 2363 424 2419; x_wconf 86' lang='lat' dir='ltr'>aerios</span> <span class='ocrx_word' id='word_1_324' title='bbox 447 2367 607 2436; x_wconf 87' lang='lat' dir='ltr'>potestates</span> <span class='ocrx_word' id='word_1_325' title='bbox 630 2362 796 2433; x_wconf 87' lang='lat' dir='ltr'>debellavit,</span> <span class='ocrx_word' id='word_1_326' title='bbox 807 2363 912 2419; x_wconf 84' lang='lat' dir='ltr'>fortem</span> <span class='ocrx_word' id='word_1_327' title='bbox 938 2381 987 2419; x_wconf 88' lang='lat' dir='ltr'>cr·</span> <span class='ocrx_word' id='word_1_328' title='bbox 1041 2359 1156 2433; x_wconf 82' lang='lat' dir='ltr'>pientiae</span> <span class='ocrx_word' id='word_1_329' title='bbox 1171 2360 1329 2427; x_wconf 81' lang='lat' dir='ltr'>confertur,</span> <span class='ocrx_word' id='word_1_330' title='bbox 1342 2360 1380 2416; x_wconf 88' lang='lat' dir='ltr'>de</span> <span class='ocrx_word' id='word_1_331' title='bbox 1393 2361 1479 2417; x_wconf 90' lang='lat' dir='ltr'>uobis</span> <span class='ocrx_word' id='word_1_332' title='bbox 1494 2361 1609 2418; x_wconf 87' lang='lat' dir='ltr'>sedium</span> <span class='ocrx_word' id='word_1_333' title='bbox 1622 2366 1756 2431; x_wconf 89' lang='lat' dir='ltr'>tuarum,</span> <span class='ocrx_word' id='word_1_334' title='bbox 1773 2364 1866 2423; x_wconf 89' lang='lat' dir='ltr'>Domi·</span> 
     </span>
     <span class='ocr_line' id='line_1_25' title="bbox 161 2447 1866 2526; baseline 0.002 -18"><span class='ocrx_word' id='word_1_335' title='bbox 161 2457 276 2508; x_wconf 85' lang='lat' dir='ltr'>mutum</span> <span class='ocrx_word' id='word_1_336' title='bbox 287 2451 461 2525; x_wconf 79' lang='lat' dir='ltr'>alligavit,et</span> <span class='ocrx_word' id='word_1_337' title='bbox 472 2451 650 2508; x_wconf 80' lang='lat' dir='ltr'>omnieresa</span> <span class='ocrx_word' id='word_1_338' title='bbox 665 2454 729 2524; x_wconf 81' lang='lat' dir='ltr'>ejus</span> <span class='ocrx_word' id='word_1_339' title='bbox 740 2451 900 2508; x_wconf 79' lang='lat' dir='ltr'>distribuit.</span> <span class='ocrx_word' id='word_1_340' title='bbox 917 2452 988 2507; x_wconf 89' lang='lat' dir='ltr'>Pro·</span> <span class='ocrx_word' id='word_1_341' title='bbox 1042 2466 1088 2521; x_wconf 92' lang='lat' dir='ltr'>ne,</span> <span class='ocrx_word' id='word_1_342' title='bbox 1104 2447 1283 2506; x_wconf 86' lang='lat' dir='ltr'>assistricem</span> <span class='ocrx_word' id='word_1_343' title='bbox 1299 2448 1484 2521; x_wconf 86' lang='lat' dir='ltr'>sapientiam,</span> <span class='ocrx_word' id='word_1_344' title='bbox 1499 2454 1532 2508; x_wconf 91' lang='grc' dir='ltr'>ιιι</span> <span class='ocrx_word' id='word_1_345' title='bbox 1553 2451 1684 2509; x_wconf 88' lang='lat' dir='ltr'>sciemus</span> <span class='ocrx_word' id='word_1_346' title='bbox 1697 2452 1773 2526; x_wconf 89' lang='lat' dir='ltr'>quid</span> <span class='ocrx_word' id='word_1_347' title='bbox 1787 2469 1866 2511; x_wconf 86' lang='lat' dir='ltr'>ecoe·</span> 
     </span>
     <span class='ocr_line' id='line_1_26' title="bbox 162 2538 1586 2612; baseline 0.001 -17"><span class='ocrx_word' id='word_1_348' title='bbox 162 2544 226 2612; x_wconf 88' lang='lat' dir='ltr'>pter</span> <span class='ocrx_word' id='word_1_349' title='bbox 240 2539 294 2596; x_wconf 92' lang='lat' dir='ltr'>hoc</span> <span class='ocrx_word' id='word_1_350' title='bbox 310 2540 398 2608; x_wconf 82' lang='lat' dir='ltr'>enim,</span> <span class='ocrx_word' id='word_1_351' title='bbox 411 2564 425 2591; x_wconf 89' lang='lat'><strong><em>«</em></strong></span> <span class='ocrx_word' id='word_1_352' title='bbox 437 2541 514 2596; x_wconf 88' lang='lat' dir='ltr'>Deus</span> <span class='ocrx_word' id='word_1_353' title='bbox 529 2540 612 2596; x_wconf 90' lang='lat' dir='ltr'>lortis</span> <span class='ocrx_word' id='word_1_354' title='bbox 623 2545 651 2596; x_wconf 88' lang='lat' dir='ltr'>et</span> <span class='ocrx_word' id='word_1_355' title='bbox 662 2539 804 2596; x_wconf 90' lang='lat' dir='ltr'>Dominus</span> <span class='ocrx_word' id='word_1_356' title='bbox 818 2539 959 2594; x_wconf 85' lang='lat' dir='ltr'>virtutum</span> <span class='ocrx_word' id='word_1_357' title='bbox 973 2561 987 2589; x_wconf 78' lang='lat' dir='ltr'>o</span> <span class='ocrx_word' id='word_1_358' title='bbox 1042 2541 1125 2612; x_wconf 91' lang='lat' dir='ltr'>ptum</span> <span class='ocrx_word' id='word_1_359' title='bbox 1142 2539 1181 2595; x_wconf 88' lang='lat' dir='ltr'>sit</span> <span class='ocrx_word' id='word_1_360' title='bbox 1194 2554 1293 2594; x_wconf 83' lang='lat' dir='ltr'>corum</span> <span class='ocrx_word' id='word_1_361' title='bbox 1307 2542 1336 2594; x_wconf 90' lang='lat' dir='ltr'>tc</span> <span class='ocrx_word' id='word_1_362' title='bbox 1350 2538 1431 2595; x_wconf 90' lang='lat' dir='ltr'>omni</span> <span class='ocrx_word' id='word_1_363' title='bbox 1446 2542 1586 2612; x_wconf 83' lang='lat' dir='ltr'>tompore.</span> 
     </span>
    </p>

    <p class='ocr_par' dir='ltr' id='par_1_5' title="bbox 158 2626 1870 5652">
     <span class='ocr_line' id='line_1_27' title="bbox 164 2626 1866 2704; baseline 0.004 -19"><span class='ocrx_word' id='word_1_364' title='bbox 164 2645 181 2686; x_wconf 88' lang='lat' dir='ltr'>e</span> <span class='ocrx_word' id='word_1_365' title='bbox 195 2629 337 2701; x_wconf 86' lang='lat' dir='ltr'>prophete</span> <span class='ocrx_word' id='word_1_366' title='bbox 352 2628 518 2702; x_wconf 84' lang='lat' dir='ltr'>appellatur</span> <span class='ocrx_word' id='word_1_367' title='bbox 532 2630 596 2702; x_wconf 83' lang='lat' dir='ltr'>(Do.</span> <span class='ocrx_word' id='word_1_368' title='bbox 613 2637 643 2698; x_wconf 86' lang='lat' dir='ltr'>r).</span> <span class='ocrx_word' id='word_1_369' title='bbox 660 2629 802 2695; x_wconf 88' lang='lat' dir='ltr'>Quintum</span> <span class='ocrx_word' id='word_1_370' title='bbox 818 2629 927 2684; x_wconf 91' lang='lat' dir='ltr'>donum</span> <span class='ocrx_word' id='word_1_371' title='bbox 944 2631 990 2684; x_wconf 90' lang='lat' dir='ltr'>est</span> <span class='ocrx_word' id='word_1_372' title='bbox 1078 2627 1218 2700; x_wconf 87' lang='lat' dir='ltr'>Sequitur</span> <span class='ocrx_word' id='word_1_373' title='bbox 1231 2643 1300 2699; x_wconf 88' lang='lat' dir='ltr'>pars</span> <span class='ocrx_word' id='word_1_374' title='bbox 1315 2627 1411 2696; x_wconf 88' lang='lat' dir='ltr'>tertia,</span> <span class='ocrx_word' id='word_1_375' title='bbox 1424 2626 1454 2683; x_wconf 90' lang='lat' dir='ltr'>iu</span> <span class='ocrx_word' id='word_1_376' title='bbox 1464 2643 1524 2700; x_wconf 88' lang='lat' dir='ltr'>qua</span> <span class='ocrx_word' id='word_1_377' title='bbox 1537 2630 1666 2686; x_wconf 90' lang='lat' dir='ltr'>ostendit</span> <span class='ocrx_word' id='word_1_378' title='bbox 1677 2628 1777 2704; x_wconf 85' lang='lat' dir='ltr'>qualis</span> <span class='ocrx_word' id='word_1_379' title='bbox 1789 2631 1866 2690; x_wconf 81' lang='lat' dir='ltr'>Chri·</span> 
     </span>
     <span class='ocr_line' id='line_1_28' title="bbox 164 2715 1868 2790; baseline 0.003 -16"><span class='ocrx_word' id='word_1_380' title='bbox 164 2717 286 2774; x_wconf 88' lang='lat' dir='ltr'>scicntia</span> <span class='ocrx_word' id='word_1_381' title='bbox 296 2717 481 2774; x_wconf 88' lang='lat' dir='ltr'>discernendi</span> <span class='ocrx_word' id='word_1_382' title='bbox 491 2718 627 2774; x_wconf 89' lang='lat' dir='ltr'>virtutem</span> <span class='ocrx_word' id='word_1_383' title='bbox 642 2735 660 2773; x_wconf 87' lang='lat' dir='ltr'>e</span> <span class='ocrx_word' id='word_1_384' title='bbox 672 2717 752 2788; x_wconf 87' lang='lat' dir='ltr'>vitio,</span> <span class='ocrx_word' id='word_1_385' title='bbox 763 2733 864 2773; x_wconf 87' lang='lat' dir='ltr'>verum</span> <span class='ocrx_word' id='word_1_386' title='bbox 876 2734 893 2773; x_wconf 89' lang='lat' dir='ltr'>a</span> <span class='ocrx_word' id='word_1_387' title='bbox 903 2715 986 2773; x_wconf 85' lang='lat' dir='ltr'>t&#39;elso.</span> <span class='ocrx_word' id='word_1_388' title='bbox 1042 2721 1106 2774; x_wconf 90' lang='lat' dir='ltr'>stus</span> <span class='ocrx_word' id='word_1_389' title='bbox 1117 2715 1267 2790; x_wconf 85' lang='lat' dir='ltr'>ergaalios</span> <span class='ocrx_word' id='word_1_390' title='bbox 1277 2719 1355 2772; x_wconf 90' lang='lat' dir='ltr'>essct</span> <span class='ocrx_word' id='word_1_391' title='bbox 1365 2716 1492 2786; x_wconf 87' lang='lat' dir='ltr'>iuturus,</span> <span class='ocrx_word' id='word_1_392' title='bbox 1503 2717 1787 2779; x_wconf 82' lang='lat' dir='ltr'>demonstrausoum</span> <span class='ocrx_word' id='word_1_393' title='bbox 1795 2721 1868 2778; x_wconf 76' lang='lat' dir='ltr'>intu-</span> 
     </span>
     <span class='ocr_line' id='line_1_29' title="bbox 164 2805 1866 2882; baseline 0.005 -20"><span class='ocrx_word' id='word_1_394' title='bbox 164 2807 307 2863; x_wconf 88' lang='lat' dir='ltr'>bonuma</span> <span class='ocrx_word' id='word_1_395' title='bbox 329 2807 416 2875; x_wconf 88' lang='lat' dir='ltr'>malo,</span> <span class='ocrx_word' id='word_1_396' title='bbox 429 2809 545 2880; x_wconf 88' lang='lat' dir='ltr'>justum</span> <span class='ocrx_word' id='word_1_397' title='bbox 570 2808 606 2863; x_wconf 85' lang='lat' dir='ltr'>ab</span> <span class='ocrx_word' id='word_1_398' title='bbox 637 2807 757 2878; x_wconf 87' lang='lat' dir='ltr'>injusto.</span> <span class='ocrx_word' id='word_1_399' title='bbox 770 2807 851 2874; x_wconf 85' lang='lat' dir='ltr'>Quod</span> <span class='ocrx_word' id='word_1_400' title='bbox 877 2807 987 2862; x_wconf 92' lang='lat' dir='ltr'>donum</span> <span class='ocrx_word' id='word_1_401' title='bbox 1042 2824 1108 2862; x_wconf 90' lang='lat' dir='ltr'>rum</span> <span class='ocrx_word' id='word_1_402' title='bbox 1123 2805 1258 2863; x_wconf 85' lang='lat' dir='ltr'>iudicem</span> <span class='ocrx_word' id='word_1_403' title='bbox 1278 2805 1417 2861; x_wconf 89' lang='lat' dir='ltr'>subtilem</span> <span class='ocrx_word' id='word_1_404' title='bbox 1428 2809 1457 2863; x_wconf 92' lang='lat' dir='ltr'>et</span> <span class='ocrx_word' id='word_1_405' title='bbox 1471 2807 1672 2882; x_wconf 89' lang='lat' dir='ltr'>incorruptum</span> <span class='ocrx_word' id='word_1_406' title='bbox 1686 2809 1866 2869; x_wconf 74' lang='lat' dir='ltr'>defensorem</span> 
     </span>
     <span class='ocr_line' id='line_1_30' title="bbox 164 2894 1867 2971; baseline 0.005 -21"><span class='ocrx_word' id='word_1_407' title='bbox 164 2895 280 2969; x_wconf 90' lang='lat' dir='ltr'>proprie</span> <span class='ocrx_word' id='word_1_408' title='bbox 304 2896 440 2953; x_wconf 91' lang='lat' dir='ltr'>discretio</span> <span class='ocrx_word' id='word_1_409' title='bbox 465 2896 621 2969; x_wconf 90' lang='lat' dir='ltr'>spirituum</span> <span class='ocrx_word' id='word_1_410' title='bbox 641 2896 756 2951; x_wconf 92' lang='lat' dir='ltr'>dicitur.</span> <span class='ocrx_word' id='word_1_411' title='bbox 774 2895 855 2962; x_wconf 83' lang='lat' dir='ltr'>Quod</span> <span class='ocrx_word' id='word_1_412' title='bbox 877 2896 987 2951; x_wconf 90' lang='lat' dir='ltr'>donum</span> <span class='ocrx_word' id='word_1_413' title='bbox 1042 2895 1197 2962; x_wconf 92' lang='lat' dir='ltr'>benorum,</span> <span class='ocrx_word' id='word_1_414' title='bbox 1212 2899 1426 2967; x_wconf 87' lang='lat' dir='ltr'>persecutorem</span> <span class='ocrx_word' id='word_1_415' title='bbox 1443 2894 1599 2967; x_wconf 88' lang='lat' dir='ltr'>malorum,</span> <span class='ocrx_word' id='word_1_416' title='bbox 1611 2899 1711 2971; x_wconf 85' lang='lat' dir='ltr'>justos</span> <span class='ocrx_word' id='word_1_417' title='bbox 1724 2903 1756 2956; x_wconf 84' lang='grc' dir='ltr'>ει</span> <span class='ocrx_word' id='word_1_418' title='bbox 1770 2899 1867 2959; x_wconf 79' lang='lat' dir='ltr'>lldclss</span> 
     </span>
     <span class='ocr_line' id='line_1_31' title="bbox 164 2983 1866 3059; baseline 0.005 -19"><span class='ocrx_word' id='word_1_419' title='bbox 164 2985 231 3057; x_wconf 92' lang='lat' dir='ltr'>quis</span> <span class='ocrx_word' id='word_1_420' title='bbox 247 2985 339 3059; x_wconf 82' lang='lat' dir='ltr'>magis</span> <span class='ocrx_word' id='word_1_421' title='bbox 355 2985 459 3041; x_wconf 86' lang='lat' dir='ltr'>habuit</span> <span class='ocrx_word' id='word_1_422' title='bbox 472 3002 560 3058; x_wconf 88' lang='lat' dir='ltr'>quom</span> <span class='ocrx_word' id='word_1_423' title='bbox 576 2984 624 3040; x_wconf 92' lang='lat' dir='ltr'>ille</span> <span class='ocrx_word' id='word_1_424' title='bbox 639 2985 690 3057; x_wconf 93' lang='lat' dir='ltr'>qui</span> <span class='ocrx_word' id='word_1_425' title='bbox 705 3006 719 3035; x_wconf 78' lang='lat' dir='ltr'>a</span> <span class='ocrx_word' id='word_1_426' title='bbox 733 2983 920 3042; x_wconf 88' lang='lat' dir='ltr'>scientiarum</span> <span class='ocrx_word' id='word_1_427' title='bbox 934 2985 988 3041; x_wconf 88' lang='lat' dir='ltr'>Do·</span> <span class='ocrx_word' id='word_1_428' title='bbox 1041 2983 1098 3043; x_wconf 90' lang='lat' dir='ltr'>sibi</span> <span class='ocrx_word' id='word_1_429' title='bbox 1114 2983 1488 3056; x_wconf 72' lang='lat' dir='ltr'>conjuncturum-iudicem</span> <span class='ocrx_word' id='word_1_430' title='bbox 1504 2985 1642 3044; x_wconf 86' lang='lat' dir='ltr'>subtilem</span> <span class='ocrx_word' id='word_1_431' title='bbox 1656 3003 1725 3046; x_wconf 90' lang='lat' dir='ltr'>eum</span> <span class='ocrx_word' id='word_1_432' title='bbox 1736 2989 1866 3047; x_wconf 76' lang='lat' dir='ltr'>futurum</span> 
     </span>
     <span class='ocr_line' id='line_1_32' title="bbox 163 3072 1867 3147; baseline 0.003 -16"><span class='ocrx_word' id='word_1_433' title='bbox 163 3075 264 3131; x_wconf 91' lang='lat' dir='ltr'>minus</span> <span class='ocrx_word' id='word_1_434' title='bbox 280 3080 324 3130; x_wconf 86' lang='lat' dir='ltr'>est</span> <span class='ocrx_word' id='word_1_435' title='bbox 337 3076 362 3145; x_wconf 89' lang='lat' dir='ltr'>(l</span> <span class='ocrx_word' id='word_1_436' title='bbox 372 3077 436 3145; x_wconf 71' lang='lat' dir='ltr'>lico.</span> <span class='ocrx_word' id='word_1_437' title='bbox 453 3078 495 3144; x_wconf 91' lang='grc' dir='ltr'>ιι),</span> <span class='ocrx_word' id='word_1_438' title='bbox 512 3097 525 3124; x_wconf 79' lang='lat' dir='ltr'>u</span> <span class='ocrx_word' id='word_1_439' title='bbox 542 3078 570 3130; x_wconf 91' lang='lat' dir='ltr'>et</span> <span class='ocrx_word' id='word_1_440' title='bbox 586 3096 600 3125; x_wconf 85' lang='lat' dir='ltr'>u</span> <span class='ocrx_word' id='word_1_441' title='bbox 615 3074 665 3147; x_wconf 92' lang='lat' dir='ltr'>qui</span> <span class='ocrx_word' id='word_1_442' title='bbox 691 3078 839 3130; x_wconf 91' lang='lat' dir='ltr'>scrutatur</span> <span class='ocrx_word' id='word_1_443' title='bbox 862 3076 989 3130; x_wconf 88' lang='lat' dir='ltr'>reneset</span> <span class='ocrx_word' id='word_1_444' title='bbox 1042 3074 1236 3141; x_wconf 82' lang='lat' dir='ltr'>demonstret,</span> <span class='ocrx_word' id='word_1_445' title='bbox 1255 3090 1323 3129; x_wconf 91' lang='lat' dir='ltr'>cum</span> <span class='ocrx_word' id='word_1_446' title='bbox 1352 3072 1445 3131; x_wconf 91' lang='lat' dir='ltr'>dicit:</span> <span class='ocrx_word' id='word_1_447' title='bbox 1470 3075 1530 3131; x_wconf 83' lang='lat' dir='ltr'>Noa</span> <span class='ocrx_word' id='word_1_448' title='bbox 1557 3076 1708 3134; x_wconf 69' lang='lat' dir='ltr'>emortum</span> <span class='ocrx_word' id='word_1_449' title='bbox 1734 3080 1867 3136; x_wconf 67' lang='lat' dir='ltr'>visionem</span> 
     </span>
     <span class='ocr_line' id='line_1_33' title="bbox 164 3143 1867 3236; baseline 0.004 -17"><span class='ocrx_word' id='word_1_450' title='bbox 164 3164 252 3219; x_wconf 86' lang='lat' dir='ltr'>corda</span> <span class='ocrx_word' id='word_1_451' title='bbox 265 3166 352 3234; x_wconf 82' lang='lat' dir='ltr'>(Rom.</span> <span class='ocrx_word' id='word_1_452' title='bbox 369 3165 439 3234; x_wconf 80' lang='lat' dir='ltr'>vui),</span> <span class='ocrx_word' id='word_1_453' title='bbox 454 3185 467 3214; x_wconf 77' lang='lat' dir='ltr'>a</span> <span class='ocrx_word' id='word_1_454' title='bbox 485 3162 534 3234; x_wconf 92' lang='lat' dir='ltr'>qui</span> <span class='ocrx_word' id='word_1_455' title='bbox 550 3181 608 3219; x_wconf 90' lang='lat' dir='ltr'>non</span> <span class='ocrx_word' id='word_1_456' title='bbox 639 3161 734 3218; x_wconf 90' lang='lat' dir='ltr'>solum</span> <span class='ocrx_word' id='word_1_457' title='bbox 758 3162 835 3218; x_wconf 91' lang='lat' dir='ltr'>inter</span> <span class='ocrx_word' id='word_1_458' title='bbox 856 3163 933 3219; x_wconf 87' lang='lat' dir='ltr'>bonu</span> <span class='ocrx_word' id='word_1_459' title='bbox 958 3143 1023 3218; x_wconf 82' lang='lat' dir='ltr'>etC</span> <span class='ocrx_word' id='word_1_460' title='bbox 1043 3163 1185 3220; x_wconf 81' lang='lat' dir='ltr'>oculorum</span> <span class='ocrx_word' id='word_1_461' title='bbox 1194 3162 1342 3235; x_wconf 76' lang='lat' dir='ltr'>judicabit,</span> <span class='ocrx_word' id='word_1_462' title='bbox 1354 3179 1442 3236; x_wconf 80' lang='lat' dir='ltr'>neque</span> <span class='ocrx_word' id='word_1_463' title='bbox 1453 3165 1604 3222; x_wconf 76' lang='lat' dir='ltr'>emendum</span> <span class='ocrx_word' id='word_1_464' title='bbox 1617 3165 1745 3224; x_wconf 80' lang='lat' dir='ltr'>auditum</span> <span class='ocrx_word' id='word_1_465' title='bbox 1759 3171 1867 3226; x_wconf 65' lang='lat' dir='ltr'>comm</span> 
     </span>
     <span class='ocr_line' id='line_1_34' title="bbox 163 3250 1868 3325; baseline 0.003 -16"><span class='ocrx_word' id='word_1_466' title='bbox 163 3251 242 3309; x_wconf 86' lang='lat' dir='ltr'>mele</span> <span class='ocrx_word' id='word_1_467' title='bbox 256 3253 406 3325; x_wconf 81' lang='lat' dir='ltr'>dijudicat,</span> <span class='ocrx_word' id='word_1_468' title='bbox 417 3253 467 3308; x_wconf 90' lang='lat' dir='ltr'>sed</span> <span class='ocrx_word' id='word_1_469' title='bbox 484 3252 572 3308; x_wconf 87' lang='lat' dir='ltr'>etiam</span> <span class='ocrx_word' id='word_1_470' title='bbox 588 3251 664 3307; x_wconf 90' lang='lat' dir='ltr'>inter</span> <span class='ocrx_word' id='word_1_471' title='bbox 679 3251 755 3307; x_wconf 88' lang='lat' dir='ltr'>boue</span> <span class='ocrx_word' id='word_1_472' title='bbox 770 3255 799 3307; x_wconf 91' lang='lat' dir='ltr'>et</span> <span class='ocrx_word' id='word_1_473' title='bbox 813 3250 899 3322; x_wconf 88' lang='lat' dir='ltr'>bone,</span> <span class='ocrx_word' id='word_1_474' title='bbox 910 3250 990 3307; x_wconf 88' lang='lat' dir='ltr'>male</span> <span class='ocrx_word' id='word_1_475' title='bbox 1043 3260 1149 3322; x_wconf 80' lang='lat' dir='ltr'>orqoet.</span> <span class='ocrx_word' id='word_1_476' title='bbox 1160 3253 1200 3308; x_wconf 83' lang='lat' dir='ltr'>Ac</span> <span class='ocrx_word' id='word_1_477' title='bbox 1210 3251 1236 3307; x_wconf 89' lang='lat' dir='ltr'>si</span> <span class='ocrx_word' id='word_1_478' title='bbox 1247 3250 1355 3308; x_wconf 89' lang='lat' dir='ltr'>diceret</span> <span class='ocrx_word' id='word_1_479' title='bbox 1366 3267 1374 3307; x_wconf 75' lang='grc' dir='ltr'>ι</span> <span class='ocrx_word' id='word_1_480' title='bbox 1387 3252 1451 3309; x_wconf 91' lang='lat' dir='ltr'>Nou</span> <span class='ocrx_word' id='word_1_481' title='bbox 1462 3253 1625 3311; x_wconf 90' lang='lat' dir='ltr'>seeundum</span> <span class='ocrx_word' id='word_1_482' title='bbox 1636 3255 1811 3316; x_wconf 85' lang='lat' dir='ltr'>exteriorem</span> <span class='ocrx_word' id='word_1_483' title='bbox 1825 3275 1868 3315; x_wconf 89' lang='lat' dir='ltr'>eu·</span> 
     </span>
     <span class='ocr_line' id='line_1_35' title="bbox 163 3338 1866 3414; baseline 0.005 -17"><span class='ocrx_word' id='word_1_484' title='bbox 163 3344 192 3397; x_wconf 91' lang='lat' dir='ltr'>ct</span> <span class='ocrx_word' id='word_1_485' title='bbox 205 3339 291 3408; x_wconf 87' lang='lat' dir='ltr'>mala,</span> <span class='ocrx_word' id='word_1_486' title='bbox 304 3346 332 3396; x_wconf 89' lang='lat' dir='ltr'>et</span> <span class='ocrx_word' id='word_1_487' title='bbox 348 3341 510 3396; x_wconf 91' lang='lat' dir='ltr'>secundum</span> <span class='ocrx_word' id='word_1_488' title='bbox 527 3339 630 3396; x_wconf 87' lang='lat' dir='ltr'>merita</span> <span class='ocrx_word' id='word_1_489' title='bbox 645 3339 804 3411; x_wconf 91' lang='lat' dir='ltr'>unicuique</span> <span class='ocrx_word' id='word_1_490' title='bbox 820 3340 988 3396; x_wconf 88' lang='lat' dir='ltr'>redditurus</span> <span class='ocrx_word' id='word_1_491' title='bbox 1042 3340 1201 3414; x_wconf 82' lang='lat' dir='ltr'>perficiem,</span> <span class='ocrx_word' id='word_1_492' title='bbox 1213 3338 1263 3396; x_wconf 88' lang='lat' dir='ltr'>sed</span> <span class='ocrx_word' id='word_1_493' title='bbox 1284 3341 1446 3397; x_wconf 91' lang='lat' dir='ltr'>secundum</span> <span class='ocrx_word' id='word_1_494' title='bbox 1468 3341 1636 3401; x_wconf 89' lang='lat' dir='ltr'>interiorem</span> <span class='ocrx_word' id='word_1_495' title='bbox 1657 3346 1866 3404; x_wconf 79' lang='lat' dir='ltr'>conscientium</span> 
     </span>
     <span class='ocr_line' id='line_1_36' title="bbox 163 3427 1867 3505; baseline 0.005 -20"><span class='ocrx_word' id='word_1_496' title='bbox 163 3429 228 3485; x_wconf 80' lang='lat' dir='ltr'>esti</span> <span class='ocrx_word' id='word_1_497' title='bbox 243 3429 324 3485; x_wconf 88' lang='lat' dir='ltr'>Unda</span> <span class='ocrx_word' id='word_1_498' title='bbox 347 3429 504 3502; x_wconf 86' lang='lat' dir='ltr'>Apostolus</span> <span class='ocrx_word' id='word_1_499' title='bbox 521 3447 554 3485; x_wconf 77' lang='lat' dir='ltr'>:a</span> <span class='ocrx_word' id='word_1_500' title='bbox 570 3428 660 3485; x_wconf 83' lang='lat' dir='ltr'>Virus</span> <span class='ocrx_word' id='word_1_501' title='bbox 683 3431 738 3495; x_wconf 90' lang='lat' dir='ltr'>cst,</span> <span class='ocrx_word' id='word_1_502' title='bbox 757 3427 863 3500; x_wconf 90' lang='lat' dir='ltr'>iuquit,</span> <span class='ocrx_word' id='word_1_503' title='bbox 891 3444 988 3485; x_wconf 90' lang='lat' dir='ltr'>sermo</span> <span class='ocrx_word' id='word_1_504' title='bbox 1038 3430 1194 3503; x_wconf 88' lang='lat' dir='ltr'>judicabit,</span> <span class='ocrx_word' id='word_1_505' title='bbox 1205 3431 1290 3503; x_wconf 84' lang='lat' dir='ltr'>juxta</span> <span class='ocrx_word' id='word_1_506' title='bbox 1310 3431 1387 3503; x_wconf 92' lang='lat' dir='ltr'>quod</span> <span class='ocrx_word' id='word_1_507' title='bbox 1402 3431 1545 3505; x_wconf 85' lang='lat' dir='ltr'>scriptum</span> <span class='ocrx_word' id='word_1_508' title='bbox 1565 3432 1733 3490; x_wconf 86' lang='lat' dir='ltr'>est:llomo</span> <span class='ocrx_word' id='word_1_509' title='bbox 1747 3434 1867 3493; x_wconf 84' lang='lat' dir='ltr'>videtin</span> 
     </span>
     <span class='ocr_line' id='line_1_37' title="bbox 162 3516 1867 3597; baseline 0.005 -24"><span class='ocrx_word' id='word_1_510' title='bbox 162 3517 223 3584; x_wconf 87' lang='lat' dir='ltr'>Dei,</span> <span class='ocrx_word' id='word_1_511' title='bbox 234 3522 262 3572; x_wconf 89' lang='lat' dir='ltr'>et</span> <span class='ocrx_word' id='word_1_512' title='bbox 277 3516 485 3589; x_wconf 89' lang='lat' dir='ltr'>penetrabilior</span> <span class='ocrx_word' id='word_1_513' title='bbox 507 3517 586 3573; x_wconf 90' lang='lat' dir='ltr'>omni</span> <span class='ocrx_word' id='word_1_514' title='bbox 611 3517 708 3589; x_wconf 83' lang='lat' dir='ltr'>gladie</span> <span class='ocrx_word' id='word_1_515' title='bbox 732 3516 864 3589; x_wconf 89' lang='lat' dir='ltr'>ancipiti,</span> <span class='ocrx_word' id='word_1_516' title='bbox 875 3516 988 3588; x_wconf 92' lang='lat' dir='ltr'>pertin·</span> <span class='ocrx_word' id='word_1_517' title='bbox 1042 3519 1157 3586; x_wconf 84' lang='lat' dir='ltr'>faciem,</span> <span class='ocrx_word' id='word_1_518' title='bbox 1169 3524 1244 3575; x_wconf 90' lang='lat' dir='ltr'>Deus</span> <span class='ocrx_word' id='word_1_519' title='bbox 1259 3522 1358 3575; x_wconf 85' lang='lat' dir='ltr'>eutem</span> <span class='ocrx_word' id='word_1_520' title='bbox 1378 3519 1511 3576; x_wconf 89' lang='lat' dir='ltr'>intuetur</span> <span class='ocrx_word' id='word_1_521' title='bbox 1525 3524 1610 3592; x_wconf 90' lang='lat' dir='ltr'>cor(l</span> <span class='ocrx_word' id='word_1_522' title='bbox 1622 3521 1686 3594; x_wconf 68' lang='lat' dir='ltr'>lieo.</span> <span class='ocrx_word' id='word_1_523' title='bbox 1702 3523 1867 3597; x_wconf 65' lang='lat' dir='ltr'>xvstllrsus</span> 
     </span>
     <span class='ocr_line' id='line_1_38' title="bbox 162 3605 1866 3683; baseline 0.007 -23"><span class='ocrx_word' id='word_1_524' title='bbox 162 3622 234 3677; x_wconf 87' lang='lat' dir='ltr'>gens</span> <span class='ocrx_word' id='word_1_525' title='bbox 250 3623 342 3677; x_wconf 91' lang='lat' dir='ltr'>usque</span> <span class='ocrx_word' id='word_1_526' title='bbox 359 3606 393 3661; x_wconf 89' lang='lat' dir='ltr'>ad</span> <span class='ocrx_word' id='word_1_527' title='bbox 410 3605 582 3662; x_wconf 90' lang='lat' dir='ltr'>divisionem</span> <span class='ocrx_word' id='word_1_528' title='bbox 598 3605 702 3661; x_wconf 80' lang='lat' dir='ltr'>animae</span> <span class='ocrx_word' id='word_1_529' title='bbox 717 3609 746 3661; x_wconf 89' lang='lat' dir='ltr'>et</span> <span class='ocrx_word' id='word_1_530' title='bbox 760 3606 893 3678; x_wconf 91' lang='lat' dir='ltr'>spiritus,</span> <span class='ocrx_word' id='word_1_531' title='bbox 906 3623 988 3662; x_wconf 92' lang='lat' dir='ltr'>com·</span> <span class='ocrx_word' id='word_1_532' title='bbox 1042 3608 1120 3665; x_wconf 90' lang='lat' dir='ltr'>enim</span> <span class='ocrx_word' id='word_1_533' title='bbox 1135 3607 1285 3665; x_wconf 84' lang='lat' dir='ltr'>humanus</span> <span class='ocrx_word' id='word_1_534' title='bbox 1301 3624 1429 3682; x_wconf 76' lang='lat' dir='ltr'>persepe</span> <span class='ocrx_word' id='word_1_535' title='bbox 1442 3609 1563 3680; x_wconf 79' lang='lat' dir='ltr'>fallitur,</span> <span class='ocrx_word' id='word_1_536' title='bbox 1575 3611 1647 3668; x_wconf 92' lang='lat' dir='ltr'>dum</span> <span class='ocrx_word' id='word_1_537' title='bbox 1661 3628 1721 3669; x_wconf 90' lang='lat' dir='ltr'>nou</span> <span class='ocrx_word' id='word_1_538' title='bbox 1735 3613 1866 3683; x_wconf 79' lang='lat' dir='ltr'>interius,</span> 
     </span>
     <span class='ocr_line' id='line_1_39' title="bbox 162 3693 1867 3774; baseline 0.008 -25"><span class='ocrx_word' id='word_1_539' title='bbox 162 3710 270 3766; x_wconf 83' lang='lat' dir='ltr'>pagum</span> <span class='ocrx_word' id='word_1_540' title='bbox 286 3711 401 3766; x_wconf 86' lang='lat' dir='ltr'>quoque</span> <span class='ocrx_word' id='word_1_541' title='bbox 416 3698 444 3750; x_wconf 89' lang='grc' dir='ltr'>ει</span> <span class='ocrx_word' id='word_1_542' title='bbox 460 3693 666 3760; x_wconf 89' lang='lat' dir='ltr'>medullarum,</span> <span class='ocrx_word' id='word_1_543' title='bbox 678 3698 706 3750; x_wconf 90' lang='lat' dir='ltr'>et</span> <span class='ocrx_word' id='word_1_544' title='bbox 721 3694 864 3750; x_wconf 89' lang='lat' dir='ltr'>discretor</span> <span class='ocrx_word' id='word_1_545' title='bbox 879 3695 987 3768; x_wconf 82' lang='lat' dir='ltr'>cogitu-</span> <span class='ocrx_word' id='word_1_546' title='bbox 1043 3698 1093 3755; x_wconf 87' lang='lat' dir='ltr'>sed</span> <span class='ocrx_word' id='word_1_547' title='bbox 1107 3701 1222 3753; x_wconf 91' lang='lat' dir='ltr'>tantum</span> <span class='ocrx_word' id='word_1_548' title='bbox 1242 3696 1370 3754; x_wconf 86' lang='lat' dir='ltr'>exterius</span> <span class='ocrx_word' id='word_1_549' title='bbox 1390 3697 1478 3755; x_wconf 85' lang='lat' dir='ltr'>videt.</span> <span class='ocrx_word' id='word_1_550' title='bbox 1495 3699 1568 3755; x_wconf 84' lang='lat' dir='ltr'>ilinc</span> <span class='ocrx_word' id='word_1_551' title='bbox 1591 3703 1635 3757; x_wconf 91' lang='grc' dir='ltr'>εει</span> <span class='ocrx_word' id='word_1_552' title='bbox 1658 3702 1738 3774; x_wconf 88' lang='lat' dir='ltr'>quod</span> <span class='ocrx_word' id='word_1_553' title='bbox 1764 3702 1867 3761; x_wconf 80' lang='lat' dir='ltr'>mullo-</span> 
     </span>
     <span class='ocr_line' id='line_1_40' title="bbox 161 3781 1868 3863; baseline 0.005 -24"><span class='ocrx_word' id='word_1_554' title='bbox 161 3783 275 3839; x_wconf 88' lang='lat' dir='ltr'>tionum</span> <span class='ocrx_word' id='word_1_555' title='bbox 292 3789 320 3838; x_wconf 92' lang='lat' dir='ltr'>et</span> <span class='ocrx_word' id='word_1_556' title='bbox 339 3783 545 3850; x_wconf 88' lang='lat' dir='ltr'>intentionum,</span> <span class='ocrx_word' id='word_1_557' title='bbox 559 3787 587 3838; x_wconf 90' lang='lat' dir='ltr'>et</span> <span class='ocrx_word' id='word_1_558' title='bbox 607 3799 664 3837; x_wconf 92' lang='lat' dir='ltr'>non</span> <span class='ocrx_word' id='word_1_559' title='bbox 682 3786 726 3838; x_wconf 88' lang='lat' dir='ltr'>ost</span> <span class='ocrx_word' id='word_1_560' title='bbox 740 3781 840 3854; x_wconf 86' lang='lat' dir='ltr'>eliqua</span> <span class='ocrx_word' id='word_1_561' title='bbox 855 3787 989 3839; x_wconf 85' lang='lat' dir='ltr'>creatura</span> <span class='ocrx_word' id='word_1_562' title='bbox 1042 3786 1097 3843; x_wconf 89' lang='lat' dir='ltr'>ties</span> <span class='ocrx_word' id='word_1_563' title='bbox 1108 3786 1224 3858; x_wconf 87' lang='lat' dir='ltr'>judicat</span> <span class='ocrx_word' id='word_1_564' title='bbox 1243 3786 1394 3842; x_wconf 89' lang='lat' dir='ltr'>huminem</span> <span class='ocrx_word' id='word_1_565' title='bbox 1419 3787 1536 3859; x_wconf 87' lang='lat' dir='ltr'>justum</span> <span class='ocrx_word' id='word_1_566' title='bbox 1552 3787 1603 3862; x_wconf 93' lang='lat' dir='ltr'>qui</span> <span class='ocrx_word' id='word_1_567' title='bbox 1626 3789 1758 3863; x_wconf 75' lang='lat' dir='ltr'>injustus</span> <span class='ocrx_word' id='word_1_568' title='bbox 1774 3797 1829 3861; x_wconf 87' lang='lat' dir='ltr'>ost,</span> <span class='ocrx_word' id='word_1_569' title='bbox 1843 3796 1868 3849; x_wconf 86' lang='lat' dir='ltr'>et</span> 
     </span>
     <span class='ocr_line' id='line_1_41' title="bbox 161 3870 1868 3952; baseline 0.005 -25"><span class='ocrx_word' id='word_1_570' title='bbox 161 3870 318 3928; x_wconf 89' lang='lat' dir='ltr'>invisibilis</span> <span class='ocrx_word' id='word_1_571' title='bbox 341 3872 370 3927; x_wconf 90' lang='lat' dir='ltr'>iu</span> <span class='ocrx_word' id='word_1_572' title='bbox 395 3875 552 3944; x_wconf 90' lang='lat' dir='ltr'>conspectu</span> <span class='ocrx_word' id='word_1_573' title='bbox 579 3872 643 3943; x_wconf 89' lang='lat' dir='ltr'>ejus</span> <span class='ocrx_word' id='word_1_574' title='bbox 669 3873 759 3940; x_wconf 83' lang='lat' dir='ltr'>(Hebr.</span> <span class='ocrx_word' id='word_1_575' title='bbox 776 3875 825 3939; x_wconf 77' lang='lat' dir='ltr'>lv).</span> <span class='ocrx_word' id='word_1_576' title='bbox 839 3893 853 3920; x_wconf 92' lang='lat'>»</span> <span class='ocrx_word' id='word_1_577' title='bbox 869 3872 987 3928; x_wconf 88' lang='lat' dir='ltr'>Sextum</span> <span class='ocrx_word' id='word_1_578' title='bbox 1042 3892 1212 3933; x_wconf 88' lang='lat' dir='ltr'>econverso</span> <span class='ocrx_word' id='word_1_579' title='bbox 1227 3878 1256 3931; x_wconf 91' lang='grc' dir='ltr'>ει</span> <span class='ocrx_word' id='word_1_580' title='bbox 1274 3891 1348 3946; x_wconf 91' lang='lat' dir='ltr'>opus</span> <span class='ocrx_word' id='word_1_581' title='bbox 1376 3880 1500 3946; x_wconf 88' lang='lat' dir='ltr'>rectum,</span> <span class='ocrx_word' id='word_1_582' title='bbox 1517 3876 1594 3950; x_wconf 92' lang='lat' dir='ltr'>qnod</span> <span class='ocrx_word' id='word_1_583' title='bbox 1621 3894 1794 3952; x_wconf 86' lang='lat' dir='ltr'>perversum</span> <span class='ocrx_word' id='word_1_584' title='bbox 1818 3884 1868 3948; x_wconf 85' lang='lat' dir='ltr'>est,</span> 
     </span>
     <span class='ocr_line' id='line_1_42' title="bbox 162 3959 1869 4038; baseline 0.006 -21"><span class='ocrx_word' id='word_1_585' title='bbox 162 3961 272 4018; x_wconf 89' lang='lat' dir='ltr'>donum</span> <span class='ocrx_word' id='word_1_586' title='bbox 288 3964 332 4016; x_wconf 91' lang='lat' dir='ltr'>est</span> <span class='ocrx_word' id='word_1_587' title='bbox 347 3961 439 4032; x_wconf 87' lang='lat' dir='ltr'>pietas</span> <span class='ocrx_word' id='word_1_588' title='bbox 454 3960 820 4034; x_wconf 83' lang='lat' dir='ltr'>diligendi‚compatiendi,</span> <span class='ocrx_word' id='word_1_589' title='bbox 833 3964 861 4015; x_wconf 89' lang='lat' dir='ltr'>et</span> <span class='ocrx_word' id='word_1_590' title='bbox 875 3959 989 4017; x_wconf 87' lang='lat' dir='ltr'>beneia-</span> <span class='ocrx_word' id='word_1_591' title='bbox 1042 3965 1086 4022; x_wconf 89' lang='lat' dir='ltr'>vel</span> <span class='ocrx_word' id='word_1_592' title='bbox 1101 3981 1116 4021; x_wconf 94' lang='grc' dir='ltr'>ε</span> <span class='ocrx_word' id='word_1_593' title='bbox 1131 3980 1280 4021; x_wconf 89' lang='lat' dir='ltr'>converso.</span> <span class='ocrx_word' id='word_1_594' title='bbox 1291 3964 1444 4021; x_wconf 90' lang='lat' dir='ltr'>Humanus</span> <span class='ocrx_word' id='word_1_595' title='bbox 1459 3982 1576 4038; x_wconf 90' lang='lat' dir='ltr'>quoque</span> <span class='ocrx_word' id='word_1_596' title='bbox 1599 3966 1722 4025; x_wconf 89' lang='lat' dir='ltr'>euditus</span> <span class='ocrx_word' id='word_1_597' title='bbox 1736 3968 1869 4027; x_wconf 81' lang='lat' dir='ltr'>similiter</span> 
     </span>
     <span class='ocr_line' id='line_1_43' title="bbox 162 4047 1868 4128; baseline 0.006 -22"><span class='ocrx_word' id='word_1_598' title='bbox 162 4049 266 4107; x_wconf 88' lang='lat' dir='ltr'>ciendi.</span> <span class='ocrx_word' id='word_1_599' title='bbox 280 4050 361 4117; x_wconf 84' lang='lat' dir='ltr'>Quod</span> <span class='ocrx_word' id='word_1_600' title='bbox 378 4051 488 4105; x_wconf 91' lang='lat' dir='ltr'>donum</span> <span class='ocrx_word' id='word_1_601' title='bbox 505 4049 571 4122; x_wconf 89' lang='lat' dir='ltr'>quis</span> <span class='ocrx_word' id='word_1_602' title='bbox 596 4049 691 4122; x_wconf 83' lang='lat' dir='ltr'>magis</span> <span class='ocrx_word' id='word_1_603' title='bbox 716 4047 819 4103; x_wconf 88' lang='lat' dir='ltr'>habuit</span> <span class='ocrx_word' id='word_1_604' title='bbox 834 4065 924 4120; x_wconf 86' lang='lat' dir='ltr'>quem</span> <span class='ocrx_word' id='word_1_605' title='bbox 941 4049 989 4106; x_wconf 94' lang='lat' dir='ltr'>ille</span> <span class='ocrx_word' id='word_1_606' title='bbox 1042 4052 1242 4120; x_wconf 85' lang='lat' dir='ltr'>fallitur,dum</span> <span class='ocrx_word' id='word_1_607' title='bbox 1259 4052 1376 4109; x_wconf 92' lang='lat' dir='ltr'>ncscius</span> <span class='ocrx_word' id='word_1_608' title='bbox 1387 4052 1596 4126; x_wconf 77' lang='lat' dir='ltr'>cogitationum</span> <span class='ocrx_word' id='word_1_609' title='bbox 1605 4053 1651 4112; x_wconf 83' lang='lat' dir='ltr'>vel</span> <span class='ocrx_word' id='word_1_610' title='bbox 1662 4055 1868 4128; x_wconf 86' lang='lat' dir='ltr'>intentionum,</span> 
     </span>
     <span class='ocr_line' id='line_1_44' title="bbox 163 4136 1869 4215; baseline 0.006 -21"><span class='ocrx_word' id='word_1_611' title='bbox 163 4139 213 4212; x_wconf 93' lang='lat' dir='ltr'>qui</span> <span class='ocrx_word' id='word_1_612' title='bbox 228 4138 358 4211; x_wconf 91' lang='lat' dir='ltr'>seipsum</span> <span class='ocrx_word' id='word_1_613' title='bbox 372 4139 453 4194; x_wconf 90' lang='lat' dir='ltr'>dedit</span> <span class='ocrx_word' id='word_1_614' title='bbox 464 4156 521 4194; x_wconf 92' lang='lat' dir='ltr'>non</span> <span class='ocrx_word' id='word_1_615' title='bbox 533 4137 629 4194; x_wconf 89' lang='lat' dir='ltr'>sulum</span> <span class='ocrx_word' id='word_1_616' title='bbox 645 4154 697 4210; x_wconf 92' lang='lat' dir='ltr'>pro</span> <span class='ocrx_word' id='word_1_617' title='bbox 712 4136 825 4205; x_wconf 84' lang='lat' dir='ltr'>amicis,</span> <span class='ocrx_word' id='word_1_618' title='bbox 838 4139 988 4195; x_wconf 88' lang='lat' dir='ltr'>sedetiam</span> <span class='ocrx_word' id='word_1_619' title='bbox 1042 4159 1076 4199; x_wconf 84' lang='lat' dir='ltr'>ex</span> <span class='ocrx_word' id='word_1_620' title='bbox 1092 4141 1201 4215; x_wconf 91' lang='lat' dir='ltr'>quibus</span> <span class='ocrx_word' id='word_1_621' title='bbox 1229 4140 1421 4214; x_wconf 80' lang='lat' dir='ltr'>proferuntur</span> <span class='ocrx_word' id='word_1_622' title='bbox 1443 4141 1542 4213; x_wconf 85' lang='lat' dir='ltr'>verbe,</span> <span class='ocrx_word' id='word_1_623' title='bbox 1557 4147 1674 4201; x_wconf 69' lang='lat' dir='ltr'>mutum</span> <span class='ocrx_word' id='word_1_624' title='bbox 1698 4146 1869 4205; x_wconf 83' lang='lat' dir='ltr'>exteriorem</span> 
     </span>
     <span class='ocr_line' id='line_1_45' title="bbox 161 4226 1870 4309; baseline 0.008 -27"><span class='ocrx_word' id='word_1_625' title='bbox 161 4245 214 4301; x_wconf 90' lang='lat' dir='ltr'>pro</span> <span class='ocrx_word' id='word_1_626' title='bbox 229 4227 367 4295; x_wconf 90' lang='lat' dir='ltr'>inimicis,</span> <span class='ocrx_word' id='word_1_627' title='bbox 381 4245 468 4283; x_wconf 84' lang='lat' dir='ltr'>orans</span> <span class='ocrx_word' id='word_1_628' title='bbox 483 4227 569 4283; x_wconf 87' lang='lat' dir='ltr'>etiam</span> <span class='ocrx_word' id='word_1_629' title='bbox 584 4243 635 4299; x_wconf 91' lang='lat' dir='ltr'>pro</span> <span class='ocrx_word' id='word_1_630' title='bbox 655 4226 891 4299; x_wconf 90' lang='lat' dir='ltr'>persecutoribus</span> <span class='ocrx_word' id='word_1_631' title='bbox 906 4227 989 4284; x_wconf 78' lang='lat' dir='ltr'>suis?</span> <span class='ocrx_word' id='word_1_632' title='bbox 1041 4248 1143 4288; x_wconf 84' lang='lat' dir='ltr'>rocem</span> <span class='ocrx_word' id='word_1_633' title='bbox 1160 4230 1325 4298; x_wconf 86' lang='lat' dir='ltr'>attendens,</span> <span class='ocrx_word' id='word_1_634' title='bbox 1334 4231 1449 4303; x_wconf 86' lang='lat' dir='ltr'>judicat</span> <span class='ocrx_word' id='word_1_635' title='bbox 1462 4232 1585 4290; x_wconf 86' lang='lat' dir='ltr'>verbum</span> <span class='ocrx_word' id='word_1_636' title='bbox 1598 4250 1712 4305; x_wconf 83' lang='lat' dir='ltr'>verum,</span> <span class='ocrx_word' id='word_1_637' title='bbox 1724 4236 1805 4309; x_wconf 91' lang='lat' dir='ltr'>quod</span> <span class='ocrx_word' id='word_1_638' title='bbox 1819 4234 1870 4295; x_wconf 82' lang='lat' dir='ltr'>ut·</span> 
     </span>
     <span class='ocr_line' id='line_1_46' title="bbox 161 4313 1868 4400; baseline 0.005 -26"><span class='ocrx_word' id='word_1_639' title='bbox 161 4317 281 4389; x_wconf 78' lang='lat' dir='ltr'>Propter</span> <span class='ocrx_word' id='word_1_640' title='bbox 295 4316 350 4373; x_wconf 94' lang='lat' dir='ltr'>hoc</span> <span class='ocrx_word' id='word_1_641' title='bbox 365 4317 453 4372; x_wconf 86' lang='lat' dir='ltr'>etiam</span> <span class='ocrx_word' id='word_1_642' title='bbox 469 4333 527 4372; x_wconf 91' lang='lat' dir='ltr'>non</span> <span class='ocrx_word' id='word_1_643' title='bbox 550 4315 645 4372; x_wconf 91' lang='lat' dir='ltr'>solum</span> <span class='ocrx_word' id='word_1_644' title='bbox 662 4313 738 4387; x_wconf 90' lang='lat' dir='ltr'>pius,</span> <span class='ocrx_word' id='word_1_645' title='bbox 752 4315 802 4370; x_wconf 90' lang='lat' dir='ltr'>sed</span> <span class='ocrx_word' id='word_1_646' title='bbox 818 4316 882 4387; x_wconf 87' lang='lat' dir='ltr'>ipse</span> <span class='ocrx_word' id='word_1_647' title='bbox 897 4317 989 4389; x_wconf 85' lang='lat' dir='ltr'>pietas</span> <span class='ocrx_word' id='word_1_648' title='bbox 1043 4338 1110 4378; x_wconf 91' lang='lat' dir='ltr'>sum</span> <span class='ocrx_word' id='word_1_649' title='bbox 1121 4323 1175 4389; x_wconf 90' lang='lat' dir='ltr'>est,</span> <span class='ocrx_word' id='word_1_650' title='bbox 1185 4318 1230 4375; x_wconf 87' lang='lat' dir='ltr'>vel</span> <span class='ocrx_word' id='word_1_651' title='bbox 1242 4319 1363 4388; x_wconf 87' lang='lat' dir='ltr'>bouum,</span> <span class='ocrx_word' id='word_1_652' title='bbox 1375 4320 1453 4393; x_wconf 91' lang='lat' dir='ltr'>quod</span> <span class='ocrx_word' id='word_1_653' title='bbox 1465 4320 1576 4378; x_wconf 87' lang='lat' dir='ltr'>mulum</span> <span class='ocrx_word' id='word_1_654' title='bbox 1588 4325 1643 4380; x_wconf 89' lang='lat' dir='ltr'>est.</span> <span class='ocrx_word' id='word_1_655' title='bbox 1655 4321 1728 4382; x_wconf 82' lang='lat' dir='ltr'>ilinc</span> <span class='ocrx_word' id='word_1_656' title='bbox 1738 4324 1868 4400; x_wconf 80' lang='lat' dir='ltr'>estquod</span> 
     </span>
     <span class='ocr_line' id='line_1_47' title="bbox 162 4403 1867 4484; baseline 0.004 -21"><span class='ocrx_word' id='word_1_657' title='bbox 162 4410 190 4463; x_wconf 92' lang='grc' dir='ltr'>ει</span> <span class='ocrx_word' id='word_1_658' title='bbox 204 4406 406 4478; x_wconf 86' lang='lat' dir='ltr'>ipsaeharitus</span> <span class='ocrx_word' id='word_1_659' title='bbox 421 4405 593 4478; x_wconf 85' lang='lat' dir='ltr'>appellatur.</span> <span class='ocrx_word' id='word_1_660' title='bbox 606 4403 770 4477; x_wconf 87' lang='lat' dir='ltr'>Septimum</span> <span class='ocrx_word' id='word_1_661' title='bbox 781 4405 891 4460; x_wconf 91' lang='lat' dir='ltr'>donum</span> <span class='ocrx_word' id='word_1_662' title='bbox 902 4405 989 4466; x_wconf 90' lang='lat' dir='ltr'>estti.</span> <span class='ocrx_word' id='word_1_663' title='bbox 1039 4409 1173 4482; x_wconf 88' lang='lat' dir='ltr'>judicare</span> <span class='ocrx_word' id='word_1_664' title='bbox 1188 4409 1218 4464; x_wconf 93' lang='lat' dir='ltr'>in</span> <span class='ocrx_word' id='word_1_665' title='bbox 1240 4408 1294 4464; x_wconf 89' lang='lat' dir='ltr'>hoo</span> <span class='ocrx_word' id='word_1_666' title='bbox 1318 4408 1424 4466; x_wconf 83' lang='lat' dir='ltr'>saeoulo</span> <span class='ocrx_word' id='word_1_667' title='bbox 1449 4408 1576 4467; x_wconf 91' lang='lat' dir='ltr'>multum</span> <span class='ocrx_word' id='word_1_668' title='bbox 1601 4411 1802 4484; x_wconf 88' lang='lat' dir='ltr'>periculosum</span> <span class='ocrx_word' id='word_1_669' title='bbox 1816 4418 1867 4472; x_wconf 86' lang='lat' dir='ltr'>est.</span> 
     </span>
     <span class='ocr_line' id='line_1_48' title="bbox 161 4492 1868 4582; baseline 0.006 -31"><span class='ocrx_word' id='word_1_670' title='bbox 161 4510 225 4552; x_wconf 90' lang='lat' dir='ltr'>mor</span> <span class='ocrx_word' id='word_1_671' title='bbox 240 4495 355 4551; x_wconf 88' lang='lat' dir='ltr'>Domini</span> <span class='ocrx_word' id='word_1_672' title='bbox 372 4494 484 4562; x_wconf 74' lang='lat' dir='ltr'>filialis,</span> <span class='ocrx_word' id='word_1_673' title='bbox 501 4492 604 4549; x_wconf 90' lang='lat' dir='ltr'>hebuit</span> <span class='ocrx_word' id='word_1_674' title='bbox 618 4493 737 4565; x_wconf 89' lang='lat' dir='ltr'>quidem</span> <span class='ocrx_word' id='word_1_675' title='bbox 751 4493 837 4549; x_wconf 84' lang='lat' dir='ltr'>lesus</span> <span class='ocrx_word' id='word_1_676' title='bbox 853 4493 986 4551; x_wconf 83' lang='lat' dir='ltr'>Christus</span> <span class='ocrx_word' id='word_1_677' title='bbox 1002 4515 1025 4582; x_wconf 79' lang='lat' dir='ltr'>[J</span> <span class='ocrx_word' id='word_1_678' title='bbox 1040 4497 1178 4569; x_wconf 83' lang='lat' dir='ltr'>Quamvis</span> <span class='ocrx_word' id='word_1_679' title='bbox 1193 4496 1271 4552; x_wconf 92' lang='lat' dir='ltr'>enim</span> <span class='ocrx_word' id='word_1_680' title='bbox 1281 4495 1373 4569; x_wconf 85' lang='lat' dir='ltr'>judex</span> <span class='ocrx_word' id='word_1_681' title='bbox 1388 4498 1535 4555; x_wconf 91' lang='lat' dir='ltr'>neminem</span> <span class='ocrx_word' id='word_1_682' title='bbox 1556 4498 1690 4557; x_wconf 86' lang='lat' dir='ltr'>intendat</span> <span class='ocrx_word' id='word_1_683' title='bbox 1703 4500 1817 4575; x_wconf 80' lang='lat' dir='ltr'>fallere,</span> <span class='ocrx_word' id='word_1_684' title='bbox 1827 4505 1868 4560; x_wconf 84' lang='lat' dir='ltr'>te·</span> 
     </span>
     <span class='ocr_line' id='line_1_49' title="bbox 160 4582 1866 4662; baseline 0.005 -20"><span class='ocrx_word' id='word_1_685' title='bbox 160 4582 987 4658; x_wconf 81' lang='lat' dir='ltr'>nonpassionemtimoris,sedreverentiametohedieu·</span> <span class='ocrx_word' id='word_1_686' title='bbox 1040 4605 1108 4646; x_wconf 90' lang='lat' dir='ltr'>men</span> <span class='ocrx_word' id='word_1_687' title='bbox 1138 4585 1290 4643; x_wconf 87' lang='lat' dir='ltr'>multoties</span> <span class='ocrx_word' id='word_1_688' title='bbox 1319 4586 1440 4657; x_wconf 81' lang='lat' dir='ltr'>fallitur,</span> <span class='ocrx_word' id='word_1_689' title='bbox 1465 4587 1635 4660; x_wconf 83' lang='lat' dir='ltr'>justificans</span> <span class='ocrx_word' id='word_1_690' title='bbox 1654 4589 1866 4662; x_wconf 71' lang='lat' dir='ltr'>damnandum,</span> 
     </span>
     <span class='ocr_line' id='line_1_50' title="bbox 160 4671 1869 4746; baseline 0.005 -16"><span class='ocrx_word' id='word_1_691' title='bbox 160 4673 231 4730; x_wconf 87' lang='lat' dir='ltr'>tiam</span> <span class='ocrx_word' id='word_1_692' title='bbox 248 4673 346 4730; x_wconf 92' lang='lat' dir='ltr'>omnia</span> <span class='ocrx_word' id='word_1_693' title='bbox 366 4673 444 4728; x_wconf 89' lang='lat' dir='ltr'>Patri</span> <span class='ocrx_word' id='word_1_694' title='bbox 466 4673 638 4737; x_wconf 87' lang='lat' dir='ltr'>attribuens,</span> <span class='ocrx_word' id='word_1_695' title='bbox 652 4671 678 4726; x_wconf 88' lang='lat' dir='ltr'>ei</span> <span class='ocrx_word' id='word_1_696' title='bbox 694 4687 787 4742; x_wconf 91' lang='lat' dir='ltr'>usque</span> <span class='ocrx_word' id='word_1_697' title='bbox 802 4671 838 4726; x_wconf 87' lang='lat' dir='ltr'>ud</span> <span class='ocrx_word' id='word_1_698' title='bbox 862 4676 985 4729; x_wconf 91' lang='lat' dir='ltr'>mortem</span> <span class='ocrx_word' id='word_1_699' title='bbox 1039 4676 1084 4734; x_wconf 86' lang='lat' dir='ltr'>vel</span> <span class='ocrx_word' id='word_1_700' title='bbox 1099 4678 1245 4732; x_wconf 85' lang='lat' dir='ltr'>damnans</span> <span class='ocrx_word' id='word_1_701' title='bbox 1256 4675 1494 4746; x_wconf 71' lang='lat' dir='ltr'>justificandum.</span> <span class='ocrx_word' id='word_1_702' title='bbox 1506 4676 1579 4734; x_wconf 90' lang='lat' dir='ltr'>llino</span> <span class='ocrx_word' id='word_1_703' title='bbox 1590 4679 1737 4737; x_wconf 88' lang='lat' dir='ltr'>Dominus</span> <span class='ocrx_word' id='word_1_704' title='bbox 1746 4698 1801 4738; x_wconf 91' lang='lat' dir='ltr'>nos</span> <span class='ocrx_word' id='word_1_705' title='bbox 1812 4697 1869 4739; x_wconf 90' lang='lat' dir='ltr'>mo·</span> 
     </span>
     <span class='ocr_line' id='line_1_51' title="bbox 161 4759 1870 4843; baseline 0.005 -24"><span class='ocrx_word' id='word_1_706' title='bbox 161 4763 309 4819; x_wconf 81' lang='lat' dir='ltr'>obediens.</span> <span class='ocrx_word' id='word_1_707' title='bbox 327 4764 361 4818; x_wconf 78' lang='lat' dir='ltr'>ut</span> <span class='ocrx_word' id='word_1_708' title='bbox 386 4763 446 4818; x_wconf 83' lang='lat' dir='ltr'>hmo</span> <span class='ocrx_word' id='word_1_709' title='bbox 471 4762 591 4834; x_wconf 89' lang='lat' dir='ltr'>quidem</span> <span class='ocrx_word' id='word_1_710' title='bbox 607 4761 683 4815; x_wconf 91' lang='lat' dir='ltr'>dona</span> <span class='ocrx_word' id='word_1_711' title='bbox 711 4759 758 4814; x_wconf 94' lang='lat' dir='ltr'>hic</span> <span class='ocrx_word' id='word_1_712' title='bbox 784 4759 986 4818; x_wconf 91' lang='lat' dir='ltr'>descendendo</span> <span class='ocrx_word' id='word_1_713' title='bbox 1040 4770 1100 4834; x_wconf 86' lang='lat' dir='ltr'>net,</span> <span class='ocrx_word' id='word_1_714' title='bbox 1113 4765 1212 4821; x_wconf 91' lang='lat' dir='ltr'>dicens</span> <span class='ocrx_word' id='word_1_715' title='bbox 1224 4781 1231 4820; x_wconf 93' lang='lat'>:</span> <span class='ocrx_word' id='word_1_716' title='bbox 1243 4787 1257 4816; x_wconf 81' lang='lat' dir='ltr'>u</span> <span class='ocrx_word' id='word_1_717' title='bbox 1274 4764 1380 4833; x_wconf 87' lang='lat' dir='ltr'>Nolite,</span> <span class='ocrx_word' id='word_1_718' title='bbox 1392 4765 1497 4839; x_wconf 91' lang='lat' dir='ltr'>inquit,</span> <span class='ocrx_word' id='word_1_719' title='bbox 1508 4766 1653 4838; x_wconf 86' lang='lat' dir='ltr'>judicare,</span> <span class='ocrx_word' id='word_1_720' title='bbox 1665 4772 1694 4825; x_wconf 90' lang='lat' dir='ltr'>et</span> <span class='ocrx_word' id='word_1_721' title='bbox 1708 4785 1768 4826; x_wconf 92' lang='lat' dir='ltr'>non</span> <span class='ocrx_word' id='word_1_722' title='bbox 1792 4769 1870 4843; x_wconf 83' lang='lat' dir='ltr'>judi·</span> 
     </span>
     <span class='ocr_line' id='line_1_52' title="bbox 160 4849 1870 4928; baseline 0.006 -22"><span class='ocrx_word' id='word_1_723' title='bbox 160 4859 380 4916; x_wconf 84' lang='lat' dir='ltr'>enumerantur,</span> <span class='ocrx_word' id='word_1_724' title='bbox 396 4852 536 4922; x_wconf 85' lang='lat' dir='ltr'>quoniam</span> <span class='ocrx_word' id='word_1_725' title='bbox 557 4849 690 4905; x_wconf 84' lang='lat' dir='ltr'>Christus</span> <span class='ocrx_word' id='word_1_726' title='bbox 705 4849 752 4916; x_wconf 89' lang='lat' dir='ltr'>(de</span> <span class='ocrx_word' id='word_1_727' title='bbox 777 4865 834 4921; x_wconf 90' lang='lat' dir='ltr'>quo</span> <span class='ocrx_word' id='word_1_728' title='bbox 857 4849 918 4905; x_wconf 84' lang='lat' dir='ltr'>haec</span> <span class='ocrx_word' id='word_1_729' title='bbox 942 4851 986 4906; x_wconf 87' lang='lat' dir='ltr'>di·</span> <span class='ocrx_word' id='word_1_730' title='bbox 1040 4852 1179 4912; x_wconf 86' lang='lat' dir='ltr'>cabimini</span> <span class='ocrx_word' id='word_1_731' title='bbox 1205 4854 1280 4922; x_wconf 82' lang='lat' dir='ltr'>(Luc.</span> <span class='ocrx_word' id='word_1_732' title='bbox 1296 4857 1346 4923; x_wconf 82' lang='lat' dir='ltr'>vr).</span> <span class='ocrx_word' id='word_1_733' title='bbox 1364 4877 1378 4904; x_wconf 81' lang='lat' dir='ltr'>n</span> <span class='ocrx_word' id='word_1_734' title='bbox 1394 4856 1429 4910; x_wconf 73' lang='lat' dir='ltr'>itt</span> <span class='ocrx_word' id='word_1_735' title='bbox 1456 4855 1614 4928; x_wconf 78' lang='lat' dir='ltr'>Apostolus</span> <span class='ocrx_word' id='word_1_736' title='bbox 1638 4872 1675 4913; x_wconf 85' lang='lat' dir='ltr'>:u</span> <span class='ocrx_word' id='word_1_737' title='bbox 1696 4857 1804 4928; x_wconf 85' lang='lat' dir='ltr'>Nolite,</span> <span class='ocrx_word' id='word_1_738' title='bbox 1829 4859 1870 4916; x_wconf 83' lang='lat' dir='ltr'>iu·</span> 
     </span>
     <span class='ocr_line' id='line_1_53' title="bbox 161 4937 1869 5018; baseline 0.006 -22"><span class='ocrx_word' id='word_1_739' title='bbox 161 4945 278 5007; x_wconf 88' lang='lat' dir='ltr'>cuntur)</span> <span class='ocrx_word' id='word_1_740' title='bbox 287 4944 322 4995; x_wconf 87' lang='lat' dir='ltr'>ab</span> <span class='ocrx_word' id='word_1_741' title='bbox 334 4940 487 4996; x_wconf 86' lang='lat' dir='ltr'>altitudine</span> <span class='ocrx_word' id='word_1_742' title='bbox 499 4939 600 4994; x_wconf 76' lang='lat' dir='ltr'>divinar</span> <span class='ocrx_word' id='word_1_743' title='bbox 613 4937 772 5009; x_wconf 79' lang='lat' dir='ltr'>sapientia,</span> <span class='ocrx_word' id='word_1_744' title='bbox 781 4953 873 5008; x_wconf 91' lang='lat' dir='ltr'>usque</span> <span class='ocrx_word' id='word_1_745' title='bbox 886 4939 922 4994; x_wconf 89' lang='lat' dir='ltr'>ad</span> <span class='ocrx_word' id='word_1_746' title='bbox 937 4955 985 4995; x_wconf 84' lang='grc' dir='ltr'>ει·</span> <span class='ocrx_word' id='word_1_747' title='bbox 1040 4943 1113 5015; x_wconf 89' lang='lat' dir='ltr'>quit,</span> <span class='ocrx_word' id='word_1_748' title='bbox 1122 4941 1256 5013; x_wconf 89' lang='lat' dir='ltr'>judicare</span> <span class='ocrx_word' id='word_1_749' title='bbox 1272 4946 1339 4998; x_wconf 87' lang='lat' dir='ltr'>ente</span> <span class='ocrx_word' id='word_1_750' title='bbox 1355 4948 1483 5017; x_wconf 90' lang='lat' dir='ltr'>tempus,</span> <span class='ocrx_word' id='word_1_751' title='bbox 1496 4944 1689 5018; x_wconf 88' lang='lat' dir='ltr'>quoadusque</span> <span class='ocrx_word' id='word_1_752' title='bbox 1703 4946 1805 5005; x_wconf 85' lang='lat' dir='ltr'>veniet</span> <span class='ocrx_word' id='word_1_753' title='bbox 1818 4947 1869 5006; x_wconf 92' lang='lat' dir='ltr'>Do·</span> 
     </span>
     <span class='ocr_line' id='line_1_54' title="bbox 161 5024 1868 5103; baseline 0.006 -21"><span class='ocrx_word' id='word_1_754' title='bbox 161 5032 289 5082; x_wconf 86' lang='lat' dir='ltr'>tremum</span> <span class='ocrx_word' id='word_1_755' title='bbox 305 5029 426 5098; x_wconf 64' lang='lat' dir='ltr'>(irruam,</span> <span class='ocrx_word' id='word_1_756' title='bbox 440 5030 467 5083; x_wconf 90' lang='lat' dir='ltr'>id</span> <span class='ocrx_word' id='word_1_757' title='bbox 479 5035 523 5084; x_wconf 87' lang='lat' dir='ltr'>cst</span> <span class='ocrx_word' id='word_1_758' title='bbox 539 5031 674 5084; x_wconf 85' lang='lat' dir='ltr'>timorem</span> <span class='ocrx_word' id='word_1_759' title='bbox 686 5024 801 5081; x_wconf 92' lang='lat' dir='ltr'>Domini</span> <span class='ocrx_word' id='word_1_760' title='bbox 813 5025 919 5096; x_wconf 92' lang='lat' dir='ltr'>quiest</span> <span class='ocrx_word' id='word_1_761' title='bbox 933 5027 987 5082; x_wconf 91' lang='lat' dir='ltr'>ini·</span> <span class='ocrx_word' id='word_1_762' title='bbox 1040 5029 1208 5103; x_wconf 92' lang='lat' dir='ltr'>minus,qui</span> <span class='ocrx_word' id='word_1_763' title='bbox 1233 5030 1413 5088; x_wconf 88' lang='lat' dir='ltr'>illuminabit</span> <span class='ocrx_word' id='word_1_764' title='bbox 1441 5034 1614 5092; x_wconf 86' lang='lat' dir='ltr'>abscondite</span> <span class='ocrx_word' id='word_1_765' title='bbox 1635 5035 1827 5094; x_wconf 84' lang='lat' dir='ltr'>tenebrarum</span> <span class='ocrx_word' id='word_1_766' title='bbox 1840 5040 1868 5094; x_wconf 88' lang='lat' dir='ltr'>ct</span> 
     </span>
     <span class='ocr_line' id='line_1_55' title="bbox 160 5113 1866 5195; baseline 0.006 -24"><span class='ocrx_word' id='word_1_767' title='bbox 160 5115 234 5171; x_wconf 90' lang='lat' dir='ltr'>tium</span> <span class='ocrx_word' id='word_1_768' title='bbox 252 5116 399 5186; x_wconf 80' lang='lat' dir='ltr'>sapientiae</span> <span class='ocrx_word' id='word_1_769' title='bbox 413 5119 499 5188; x_wconf 74' lang='lat' dir='ltr'>(ibat.</span> <span class='ocrx_word' id='word_1_770' title='bbox 511 5119 566 5187; x_wconf 82' lang='lat' dir='ltr'>cx),</span> <span class='ocrx_word' id='word_1_771' title='bbox 584 5122 703 5189; x_wconf 86' lang='lat' dir='ltr'>propter</span> <span class='ocrx_word' id='word_1_772' title='bbox 718 5131 771 5169; x_wconf 90' lang='lat' dir='ltr'>nos</span> <span class='ocrx_word' id='word_1_773' title='bbox 786 5119 831 5169; x_wconf 89' lang='lat' dir='ltr'>est</span> <span class='ocrx_word' id='word_1_774' title='bbox 845 5113 984 5171; x_wconf 87' lang='lat' dir='ltr'>humiliu-</span> <span class='ocrx_word' id='word_1_775' title='bbox 1039 5119 1240 5176; x_wconf 80' lang='lat' dir='ltr'>manifestabit</span> <span class='ocrx_word' id='word_1_776' title='bbox 1255 5119 1379 5176; x_wconf 87' lang='lat' dir='ltr'>consilia</span> <span class='ocrx_word' id='word_1_777' title='bbox 1393 5121 1526 5179; x_wconf 81' lang='lat' dir='ltr'>cordium</span> <span class='ocrx_word' id='word_1_778' title='bbox 1537 5125 1562 5195; x_wconf 96' lang='lat' dir='ltr'>(l</span> <span class='ocrx_word' id='word_1_779' title='bbox 1572 5124 1637 5182; x_wconf 86' lang='lat' dir='ltr'>Cor.</span> <span class='ocrx_word' id='word_1_780' title='bbox 1648 5128 1724 5194; x_wconf 68' lang='lat' dir='ltr'>avt»</span> <span class='ocrx_word' id='word_1_781' title='bbox 1734 5125 1866 5184; x_wconf 73' lang='lat' dir='ltr'>iudicem</span> 
     </span>
     <span class='ocr_line' id='line_1_56' title="bbox 159 5201 1866 5282; baseline 0.008 -22"><span class='ocrx_word' id='word_1_782' title='bbox 159 5207 218 5260; x_wconf 91' lang='lat' dir='ltr'>tus.</span> <span class='ocrx_word' id='word_1_783' title='bbox 229 5204 286 5258; x_wconf 93' lang='lat' dir='ltr'>Nos</span> <span class='ocrx_word' id='word_1_784' title='bbox 306 5221 382 5272; x_wconf 78' lang='lat' dir='ltr'>vero,</span> <span class='ocrx_word' id='word_1_785' title='bbox 397 5206 509 5274; x_wconf 81' lang='lat' dir='ltr'>tratres,</span> <span class='ocrx_word' id='word_1_786' title='bbox 522 5206 572 5277; x_wconf 92' lang='lat' dir='ltr'>qui</span> <span class='ocrx_word' id='word_1_787' title='bbox 589 5205 617 5260; x_wconf 92' lang='lat' dir='ltr'>in</span> <span class='ocrx_word' id='word_1_788' title='bbox 643 5203 752 5259; x_wconf 78' lang='lat' dir='ltr'>inlunis</span> <span class='ocrx_word' id='word_1_789' title='bbox 767 5201 854 5274; x_wconf 90' lang='lat' dir='ltr'>positi</span> <span class='ocrx_word' id='word_1_790' title='bbox 869 5220 983 5272; x_wconf 91' lang='lat' dir='ltr'>sumus,</span> <span class='ocrx_word' id='word_1_791' title='bbox 1038 5209 1241 5282; x_wconf 90' lang='lat' dir='ltr'>incorruptum</span> <span class='ocrx_word' id='word_1_792' title='bbox 1257 5209 1406 5266; x_wconf 84' lang='lat' dir='ltr'>Christum</span> <span class='ocrx_word' id='word_1_793' title='bbox 1425 5212 1486 5269; x_wconf 87' lang='lat' dir='ltr'>soro</span> <span class='ocrx_word' id='word_1_794' title='bbox 1508 5213 1702 5281; x_wconf 84' lang='lat' dir='ltr'>demonstrat,</span> <span class='ocrx_word' id='word_1_795' title='bbox 1713 5231 1783 5273; x_wconf 90' lang='lat' dir='ltr'>cum</span> <span class='ocrx_word' id='word_1_796' title='bbox 1798 5214 1866 5273; x_wconf 88' lang='lat' dir='ltr'>sub·</span> 
     </span>
     <span class='ocr_line' id='line_1_57' title="bbox 160 5291 1863 5375; baseline 0.008 -25"><span class='ocrx_word' id='word_1_797' title='bbox 160 5311 177 5350; x_wconf 87' lang='lat' dir='ltr'>o</span> <span class='ocrx_word' id='word_1_798' title='bbox 191 5293 304 5348; x_wconf 89' lang='lat' dir='ltr'>minore</span> <span class='ocrx_word' id='word_1_799' title='bbox 321 5294 406 5357; x_wconf 91' lang='lat' dir='ltr'>dono,</span> <span class='ocrx_word' id='word_1_800' title='bbox 420 5293 503 5349; x_wconf 90' lang='lat' dir='ltr'>idest</span> <span class='ocrx_word' id='word_1_801' title='bbox 518 5295 621 5350; x_wconf 87' lang='lat' dir='ltr'>timere</span> <span class='ocrx_word' id='word_1_802' title='bbox 634 5291 761 5359; x_wconf 88' lang='lat' dir='ltr'>Domini,</span> <span class='ocrx_word' id='word_1_803' title='bbox 773 5291 802 5346; x_wconf 90' lang='lat' dir='ltr'>iu</span> <span class='ocrx_word' id='word_1_804' title='bbox 814 5291 906 5348; x_wconf 87' lang='lat' dir='ltr'>altum</span> <span class='ocrx_word' id='word_1_805' title='bbox 918 5311 983 5365; x_wconf 92' lang='lat' dir='ltr'>pro·</span> <span class='ocrx_word' id='word_1_806' title='bbox 1039 5297 1100 5355; x_wconf 89' lang='lat' dir='ltr'>dit:</span> <span class='ocrx_word' id='word_1_807' title='bbox 1112 5297 1311 5371; x_wconf 82' lang='lat' dir='ltr'>Scdjudicobit</span> <span class='ocrx_word' id='word_1_808' title='bbox 1325 5300 1355 5354; x_wconf 82' lang='lat' dir='ltr'>ia</span> <span class='ocrx_word' id='word_1_809' title='bbox 1363 5299 1474 5371; x_wconf 71' lang='lat' dir='ltr'>iustitio</span> <span class='ocrx_word' id='word_1_810' title='bbox 1484 5317 1628 5375; x_wconf 76' lang='lat' dir='ltr'>pauperes,</span> <span class='ocrx_word' id='word_1_811' title='bbox 1640 5302 1669 5358; x_wconf 92' lang='lat' dir='ltr'>id</span> <span class='ocrx_word' id='word_1_812' title='bbox 1685 5308 1731 5361; x_wconf 89' lang='grc' dir='ltr'>εει</span> <span class='ocrx_word' id='word_1_813' title='bbox 1745 5320 1863 5362; x_wconf 77' lang='lat' dir='ltr'>causum</span> 
     </span>
     <span class='ocr_line' id='line_1_58' title="bbox 159 5380 1862 5463; baseline 0.008 -25"><span class='ocrx_word' id='word_1_814' title='bbox 159 5380 435 5438; x_wconf 85' lang='lat' dir='ltr'>ficiamus.0remus</span> <span class='ocrx_word' id='word_1_815' title='bbox 447 5399 515 5454; x_wconf 83' lang='lat' dir='ltr'>ergo</span> <span class='ocrx_word' id='word_1_816' title='bbox 526 5383 623 5454; x_wconf 88' lang='lat' dir='ltr'>ipsum</span> <span class='ocrx_word' id='word_1_817' title='bbox 635 5382 684 5455; x_wconf 90' lang='lat' dir='ltr'>qui</span> <span class='ocrx_word' id='word_1_818' title='bbox 701 5382 763 5437; x_wconf 88' lang='lat' dir='ltr'>sine</span> <span class='ocrx_word' id='word_1_819' title='bbox 779 5397 917 5437; x_wconf 85' lang='lat' dir='ltr'>mensure</span> <span class='ocrx_word' id='word_1_820' title='bbox 931 5382 983 5438; x_wconf 86' lang='lat' dir='ltr'>ha·</span> <span class='ocrx_word' id='word_1_821' title='bbox 1038 5404 1212 5461; x_wconf 84' lang='lat' dir='ltr'>pauperum,</span> <span class='ocrx_word' id='word_1_822' title='bbox 1226 5386 1303 5444; x_wconf 89' lang='lat' dir='ltr'>eirca</span> <span class='ocrx_word' id='word_1_823' title='bbox 1317 5404 1406 5460; x_wconf 88' lang='lat' dir='ltr'>quem</span> <span class='ocrx_word' id='word_1_824' title='bbox 1431 5405 1534 5447; x_wconf 91' lang='lat' dir='ltr'>omues</span> <span class='ocrx_word' id='word_1_825' title='bbox 1557 5391 1616 5448; x_wconf 84' lang='lat' dir='ltr'>iere</span> <span class='ocrx_word' id='word_1_826' title='bbox 1635 5391 1756 5463; x_wconf 85' lang='lat' dir='ltr'>judices</span> <span class='ocrx_word' id='word_1_827' title='bbox 1780 5409 1862 5450; x_wconf 91' lang='lat' dir='ltr'>mun·</span> 
     </span>
     <span class='ocr_line' id='line_1_59' title="bbox 159 5469 1863 5555; baseline 0.008 -28"><span class='ocrx_word' id='word_1_828' title='bbox 159 5471 208 5527; x_wconf 88' lang='lat' dir='ltr'>bct</span> <span class='ocrx_word' id='word_1_829' title='bbox 223 5469 434 5543; x_wconf 88' lang='lat' dir='ltr'>plenitudinem</span> <span class='ocrx_word' id='word_1_830' title='bbox 448 5471 601 5540; x_wconf 89' lang='lat' dir='ltr'>donorum,</span> <span class='ocrx_word' id='word_1_831' title='bbox 615 5475 647 5526; x_wconf 89' lang='grc' dir='ltr'>ιιι</span> <span class='ocrx_word' id='word_1_832' title='bbox 657 5472 720 5543; x_wconf 84' lang='lat' dir='ltr'>ipse</span> <span class='ocrx_word' id='word_1_833' title='bbox 731 5470 892 5526; x_wconf 91' lang='lat' dir='ltr'>secundum</span> <span class='ocrx_word' id='word_1_834' title='bbox 904 5488 984 5528; x_wconf 90' lang='lat' dir='ltr'>men·</span> <span class='ocrx_word' id='word_1_835' title='bbox 1039 5476 1106 5532; x_wconf 87' lang='lat' dir='ltr'>deni</span> <span class='ocrx_word' id='word_1_836' title='bbox 1123 5480 1361 5548; x_wconf 90' lang='lat' dir='ltr'>corrumpuntur.</span> <span class='ocrx_word' id='word_1_837' title='bbox 1375 5475 1432 5535; x_wconf 84' lang='lat' dir='ltr'>Alii</span> <span class='ocrx_word' id='word_1_838' title='bbox 1454 5481 1533 5537; x_wconf 87' lang='lat' dir='ltr'>enim</span> <span class='ocrx_word' id='word_1_839' title='bbox 1548 5486 1784 5555; x_wconf 87' lang='lat' dir='ltr'>corrumpuntur</span> <span class='ocrx_word' id='word_1_840' title='bbox 1797 5499 1863 5540; x_wconf 92' lang='lat' dir='ltr'>con·</span> 
     </span>
     <span class='ocr_line' id='line_1_60' title="bbox 158 5559 1862 5652; baseline 0.006 -32"><span class='ocrx_word' id='word_1_841' title='bbox 158 5578 259 5626; x_wconf 82' lang='lat' dir='ltr'>auram</span> <span class='ocrx_word' id='word_1_842' title='bbox 274 5579 333 5621; x_wconf 82' lang='lat' dir='ltr'>suc</span> <span class='ocrx_word' id='word_1_843' title='bbox 348 5560 507 5621; x_wconf 84' lang='lat' dir='ltr'>voluntatis</span> <span class='ocrx_word' id='word_1_844' title='bbox 527 5560 611 5620; x_wconf 89' lang='lat' dir='ltr'>nobis</span> <span class='ocrx_word' id='word_1_845' title='bbox 631 5560 787 5619; x_wconf 83' lang='lat' dir='ltr'>distribuet</span> <span class='ocrx_word' id='word_1_846' title='bbox 801 5576 845 5618; x_wconf 86' lang='lat' dir='ltr'>ea.</span> <span class='ocrx_word' id='word_1_847' title='bbox 858 5559 982 5621; x_wconf 88' lang='lat' dir='ltr'>Oremus</span> <span class='ocrx_word' id='word_1_848' title='bbox 1036 5568 1160 5644; x_wconf 90' lang='lat' dir='ltr'>temptu,</span> <span class='ocrx_word' id='word_1_849' title='bbox 1173 5564 1304 5644; x_wconf 78' lang='lat' dir='ltr'>iusquou</span> <span class='ocrx_word' id='word_1_850' title='bbox 1326 5581 1447 5634; x_wconf 80' lang='lat' dir='ltr'>oausam</span> <span class='ocrx_word' id='word_1_851' title='bbox 1467 5583 1633 5650; x_wconf 69' lang='lat' dir='ltr'>pauperum</span> <span class='ocrx_word' id='word_1_852' title='bbox 1647 5571 1795 5652; x_wconf 73' lang='lat' dir='ltr'>tanquam</span> <span class='ocrx_word' id='word_1_853' title='bbox 1808 5569 1862 5634; x_wconf 82' lang='lat' dir='ltr'>ribi</span> 
     </span>
    </p>
   </div>
   <div class='ocr_carea' id='block_1_5' title="bbox 0 0 1913 6006">
    <p class='ocr_par' dir='ltr' id='par_1_6' title="bbox 0 0 1913 6006">
     <span class='ocr_line' id='line_1_61' title="bbox 0 0 1913 6006; baseline 0 0"><span class='ocrx_word' id='word_1_854' title='bbox 0 0 1913 6006; x_wconf 95' lang='lat' dir='ltr'> </span> 
     </span>
    </p>
   </div>
  </div>
 </body>
</html>
