3816 6006
111 219 189 280 2087

612 214 809 275 abnuunt.
827 247 865 300 -7
883 212 1083 276 annueret
1105 215 1311 278 ARDENTIS.

106 351 177 423 arad
194 352 353 422 abjicientes
367 363 446 404 omae
465 347 648 410 mendacium,
671 348 817 417 loquimini
836 347 976 413 uerita-,A
991 346 1025 400 tit
1040 346 1128 413 dieat,
1145 348 1195 403 sed
1216 365 1273 404 non
1296 349 1355 406 tine
1369 350 1479 418 debito,
1494 351 1526 406 id
1545 344 1600 406 est·
1624 367 1688 406 non
1719 357 1817 422 proptu

105 453 167 508 lua,
185 444 241 495 etc.
257 439 327 494 Tres
343 441 440 509 partes
456 435 609 492 vetustatis
625 440 703 501 sunt,
719 437 849 489 vetustas
865 435 934 501 oris,

104 533 233 586 retustas
249 527 359 587 cordis,
371 530 502 580 uetustas
516 525 622 596 operis.
637 525 707 579 Tres
723 539 839 594 quoque
854 540 936 577 econ·

105 617 193 673 traria
215 620 311 688 partes
338 615 476 669 nouitatis
505 619 583 678 suat,
600 613 714 667 nouitas
738 611 806 681 orie,
824 611 936 666 novitas

105 707 212 774 eordis,
226 711 254 760 et
267 704 380 759 nouitas
391 703 497 775 operis.
510 703 691 758 Vetustatcm
709 701 797 773 igitur
811 701 870 755 oris
882 718 935 756 nos

105 794 235 868 precipit
251 793 386 862 abjicere,
403 808 470 846 cum
487 791 537 861 ait,
557 789 751 862 propterquod
776 791 934 860 abjicientes

105 901 183 940 outae
197 882 381 937 arelataa'um.
398 881 447 934 Est
463 883 559 935 alitem
576 878 762 933 mendacium
775 876 934 948 salsasigui

104 972 202 1027 ficatio
218 971 295 1025 vocis
312 987 379 1024 curn
403 968 564 1023 intentione
582 966 710 1022 t‘allemli.
729 966 843 1021 Mentiri
867 983 933 1021 uero

104 1059 318 1130 dicitur,quasi
349 1063 450 1112 centra
480 1061 618 1115 ruentem,
640 1057 725 1125 juxta
748 1055 933 1120 illud,Lalrio

104 1149 197 1204 dolam
216 1166 250 1204 ca·
273 1148 351 1203 corde
365 1156 390 1202 el
404 1146 482 1202 cerdc
498 1146 581 1201 locati
595 1155 658 1199 eura
674 1145 761 1213 (lbet.
777 1147 817 1210 a),
836 1144 863 1198 id
889 1147 934 1197 est

990 434 1092 503 Deum,
1110 438 1234 492 mendax
1248 444 1302 494 est.
1321 439 1393 497 ltine
1408 444 1452 495 est
1468 441 1552 512 quod
1573 441 1678 502 tostis,
1696 439 1721 492 si
1736 457 1818 493 remn

990 523 1163 578 testificetur
1187 531 1304 598 propter
1327 529 1497 600 pecuniam,
1516 529 1658 583 mendax
1683 534 1739 583 est.
1757 528 1819 591 Eris,

990 612 1094 668 iratres
1109 613 1197 681 (unde
1213 604 1444 686 delendum'est.)
1461 634 1559 689 (luam
1580 617 1643 670 rari
1660 622 1733 671 sunt
1754 617 1821 672 balle

989 717 1117 770 veraces,
1129 703 1278 773 queniam,
1290 705 1344 759 etsi
1360 712 1429 760 sunt
1446 705 1545 777 aliqui
1565 705 1623 776 qui
1640 706 1745 759 dicant
1760 706 1820 776 qiud

989 790 1129 855 sirrrtiunt,
1147 798 1244 847 temen
1261 794 1318 848 lere
1334 811 1435 849 omnes
1456 812 1519 849 nen
1544 795 1584 849 ad
1610 794 1721 860 Deurn,
1738 796 1782 849 sed
1795 796 1821 848 ad

988 879 1178 950 temporalem
1193 881 1281 936 linem
1297 881 1490 938 intentionem
1503 882 1664 954 dirigunt.
1677 882 1758 945 Queat
1770 901 1819 937 um

988 968 1121 1037 adjunxit
1131 970 1433 1042 Apostolus,qnoniam
1446 990 1549 1026 auratus
1566 974 1693 1026 irairrm
1708 976 1819 1026 rimedii.

988 1055 1259 1129 itainteliigcmlum
1270 1060 1444 1116 est:0mnes
1457 1060 1570 1116 lideles
1582 1078 1697 1115 sumus
1709 1063 1819 1115 namin

987 1144 1103 1213 Christi,
1121 1152 1149 1200 et
1163 1147 1303 1203 ‹leluemus
1329 1167 1382 1205 nos
1408 1155 1561 1222 tanquam
1592 1150 1734 1204 rnrmbra
1752 1152 1817 1204 caal-

107 1256 142 1294 ex
158 1237 328 1309 duplicitate
344 1235 449 1291 cordia.
463 1236 537 1290 Sunt
552 1238 649 1289 autem
664 1251 713 1289 sex
728 1233 840 1305 species
855 1249 933 1286 men·
982 1232 1096 1304 jurare.
1108 1239 1178 1290 Cum
1194 1253 1261 1308 ergo
1278 1237 1367 1293 frater
1382 1238 1466 1293 tratri
1485 1239 1658 1302 mentitur,
1672 1239 1741 1309 quid
1756 1239 1816 1293 aliud

107 1326 414 1382 daelernm.Primum
430 1325 564 1395 estquod
583 1325 699 1394 prodest
716 1326 743 1376 et
757 1320 868 1376 nemini
883 1338 932 1375 no-
987 1334 1075 1394 quam
1096 1323 1215 1379 sinistra
1238 1326 1379 1381 mentitur
1394 1327 1549 1382 dexterae?
1568 1328 1606 1382 Et
1634 1345 1705 1382 cum
1720 1327 1817 1383 sinistre

105 1420 160 1487 eet,
173 1420 205 1470 ut
229 1415 347 1486 qnando
363 1412 471 1485 aliquis
487 1413 636 1478 mentitur,
653 1430 704 1483 pro
729 1411 788 1465 vita
812 1409 932 1465 alterius
986 1411 1108 1467 deutera
1129 1413 1277 1481 mentitur,
1290 1414 1359 1486 quid
1391 1416 1472 1471 aliud
1491 1421 1661 1487 estquarn
1693 1426 1816 1472 coatras?

103 1504 493 1561 conseruandaSecundum
511 1507 555 1557 est
575 1503 650 1574 quod
674 1517 725 1555 nee
745 1499 863 1572 prodest
879 1515 931 1554 neo
986 1503 1205 1573 ope1·atur?lta
1233 1507 1278 1558 est
1306 1504 1407 1576 proeul
1424 1505 1534 1572 dubie,
1554 1506 1674 1560 fratres
1689 1506 1753 1570 mei,
1768 1509 1816 1577 aui-

102 1595 195 1661 obest,
209 1597 242 1648 ut
257 1592 374 1665 quando
391 1593 517 1664 jocando
543 1591 610 1662 quis
636 1590 785 1645 mentitur.
801 1589 930 1642 Tertium
986 1606 1101 1662 cunque
1116 1592 1257 1647 mentitur
1268 1591 1327 1661 alii,
1340 1592 1471 1666 primum
1491 1599 1586 1650 nocet
1600 1594 1663 1649 sibi
1679 1595 1816 1666 ipsime-

102 1682 238 1754 estquod
254 1681 341 1737 alicui
368 1682 486 1752 prodest
501 1686 528 1736 et
544 1679 630 1735 alicui
656 1683 748 1745 nocet,
764 1680 796 1731 ut
811 1678 927 1748 quande
985 1683 1089 1735 statem
1108 1697 1175 1736 rere
1196 1681 1304 1737 mentis
1324 1682 1460 1754 abjicere,
1474 1688 1507 1738 et
1524 1684 1700 1739 novitatem
1717 1686 1813 1739 indura

103 1770 686 1841 mentiturvenditorempteri.Quartum
702 1768 832 1838 estquod
845 1765 932 1821 alicui
986 1785 1038 1822 nos
1068 1774 1257 1836 monet,eum
1287 1771 1395 1826 subdit.
1413 1773 1599 1839 irascimini,
1618 1775 1747 1829 eluelite
1768 1792 1813 1845 pa·-

102 1858 317 1917 nocetetnulli
333 1854 933 1931 predest,utquaadoaliquisrultdeei,
984 1873 1056 1912 care.
1074 1858 1155 1924 Quod
1172 1858 1218 1912 bic
1232 1859 1387 1931 Apostolus
1409 1861 1444 1916 de
1474 1861 1524 1916 ira
1551 1861 1644 1927 dicit,
1661 1863 1698 1918 de
1725 1863 1813 1917 certeris

101 1968 169 2024 pere
184 1949 337 2004 inimicum
354 1965 452 2004 suum.
467 1947 606 2013 Quintam
624 1941 758 2017 estquod
775 1946 807 1999 lit
824 1943 931 2000 solati.
984 1946 1182 2018 passionibus,
1194 1947 1254 2002 sive
1269 1949 1550 2020 perturbationibus
1565 1952 1685 2007 mentis
1701 1951 1812 2021 intelligit

102 2039 202 2094 bidine
218 2036 474 2107 me1rtiendi,qued
491 2036 599 2090 mirum
623 2038 773 2106 peccatum
790 2038 842 2087 est.
860 2033 928 2087 Sex·
984 2051 1047 2106 qua
1064 2040 1133 2091 sunt
1147 2036 1236 2091 timer
1249 2041 1277 2092 et
1292 2037 1419 2104 tristitia,
1434 2039 1633 2111 cupiditates
1649 2046 1679 2096 et
1693 2016 1811 2114 gaudiam

102 2131 165 2184 tum
179 2131 223 2183 est
248 2125 365 2181 mentiri
383 2126 411 2179 in
427 2125 545 2180 veritate
561 2123 640 2188 fidei,
655 2122 732 2194 «qued
748 2125 792 2177 est
815 2121 928 2176 hareti-
983 2123 1026 2178 ira
1042 2128 1070 2179 et
1086 2124 1196 2179 odium.
1210 2126 1257 2180 lla
1273 2143 1339 2181 vere
1354 2127 1513 2199 passiones
1531 2130 1696 2185 naturales
1711 2137 1781 2188 sunt.
1792 2137 1811 2184 rt

101 2233 213 2272 corum.
227 2213 520 2286 comprehenduntur
536 2217 632 2267 autem
648 2212 701 2267 sub
714 2209 865 2265 mendacio
881 2210 928 2265 de·
983 2229 1000 2268 a
1016 2213 1099 2268 bonis
1115 2215 1189 2270 bene
1215 2220 1349 2287 utuntur,
1365 2221 1393 2271 et
1407 2234 1424 2272 a
1440 2216 1537 2273 malis
1564 2219 1662 2275 male.
1675 2220 1728 2283 Qui
1750 2220 1808 2274 enin

101 2304 215 2368 traeti0,
238 2302 377 2369 adulatio,
401 2302 575 2362 susurratio,
593 2301 748 2356 incusatio.
765 2303 832 2365 Once
851 2304 880 2354 et
902 2299 925 2354 si

101 2393 278 2464 quandoque
294 2391 421 2445 babeant
430 2391 494 2444 ritae
507 2390 667 2458 veritatem,
680 2389 749 2459 quia
759 2394 855 2442 tamen
868 2405 927 2444 rna-

100 2481 128 2538 lo
144 2480 202 2537 tine
221 2480 369 2546 dicuntur,
387 2479 539 2534 mendacia
561 2484 640 2534 sunt.
657 2478 705 2533 Est
725 2482 820 2533 autem
840 2495 926 2532 enine

101 2569 287 2626 mendacium
305 2569 488 2639 fugiendum.
499 2567 579 2623 Unde
596 2572 622 2623 et
635 2567 681 2622 hie
695 2567 744 2633 ait,
755 2567 926 2638 projicientes

100 2677 179 2716 erario
206 2659 388 2714 raeademum.
419 2659 454 2713 Et
485 2657 624 2729 Propheta
647 2674 653 2711 τ
682 2656 790 2723 Perdes,
817 2654 923 2726 inquit,

100 2766 191 2806 auriaco
214 2750 261 2820 qai
291 2749 440 2819 lequuntur
468 2746 640 2801 mcmlacienr
656 2746 740 2813 (Psoi.
756 2747 793 2816 v).
811 2744 926 2800 Nemini

100 2838 191 2911 igitur
203 2835 269 2891 licet
285 2835 412 2891 mentiri.
426 2834 505 2890 Licet
518 2838 615 2890 tamen
628 2834 652 2889 ei
663 2851 762 2890 rerum
775 2832 924 2901 tacere,ch

100 2926 209 2983 modali
237 2926 443 2998 propositione,
475 2924 616 2979 malitiam
647 2924 773 2979 eludere.
807 2923 924 2994 Episco-

99 3035 155 3090 pus
173 3017 303 3087 quidam,
323 3020 355 3070 ut
372 3016 458 3070 relcrt
478 3014 580 3069 beatus
600 3013 790 3084 augustinus,
807 3012 924 3067 nomine

981 2302 1066 2357 timet
1085 2303 1231 2360 offendere
1254 2305 1356 2369 Deum,
1374 2306 1447 2361 bene
1462 2306 1573 2376 timet;
1592 2309 1696 2381 etqui
1722 2314 1808 2364 attensi

980 2390 1125 2459 tristatur,
1151 2393 1223 2448 bene
1253 2394 1396 2450 tristatur.
1414 2396 1435 2449 E
1450 2401 1574 2463 centra,
1595 2398 1652 2468 qui
1683 2399 1761 2452 timet
1784 2414 1807 2449 ne

971 2497 1038 2535 uon
1054 2481 1148 2551 possit
1162 2499 1247 2537 suam
1265 2482 1371 2538 malam
1386 2482 1515 2554 implere
1531 2485 1735 2549 voluntatem,
1750 2486 1806 2539 urata·

980 2568 1077 2636 timet3
1095 2574 1124 2624 et
1138 2569 1188 2641 quii
1203 2569 1346 2639 tristatur,
1359 2571 1500 2643 quianon
1513 2572 1754 2645 implerit‚maie
1770 2575 1806 2627 tri·

979 2662 1084 2713 statur.
1093 2657 1234 2713 Similiter
1241 2659 1290 2731 qui
1300 2659 1553 2716 irascitureontra
1565 2669 1728 2734 peceatum
1737 2681 1805 2717 suaa

978 2745 1022 2801 vel
1045 2747 1185 2816 alienum,
1201 2747 1274 2803 beue
1304 2748 1448 2805 irascitur.
1465 2749 1623 2806 Hortatur
1652 2752 1742 2824 igitur
1767 2769 1806 2806 aas

977 2836 1807 2909 Apostolus,sedlirapostere‚induerenovitatemmentis

978 2942 1042 2980 cvm
1059 2925 1099 2980 ait
1116 2942 1122 2980 :
1140 2928 1305 2988 irascimini,
1322 2927 1463 2982 subaudis
1485 2933 1599 2984 contra
1621 2930 1704 2986 vitia.
1722 2931 1807 2985 llorta-

979 3019 1027 3068 tur
1042 3018 1070 3069 et
1087 3031 1138 3070 nos
1154 3015 1280 3086 abjicere
1295 3020 1467 3071 uetustatem
1484 3018 1605 3073 mentis
1618 3037 1690 3074 eum
1702 3023 1741 3075 ait
1752 3039 1758 3073 :
1768 3022 1806 3074 ie

99 3111 127 3162 et
143 3106 198 3160 tide
213 3106 327 3172 firmae,
343 3104 500 3176 quemdam
524 3120 604 3157 reum
622 3101 698 3173 apud
715 3118 745 3156 se
761 3100 922 3155 abscondit.
940 3088 960 3154 C
980 3104 1028 3158 lile
1039 3119 1160 3174 peecare,
1177 3104 1319 3160 subaudis
1343 3105 1493 3177 perirem,
1511 3107 1559 3163 vel
1588 3107 1689 3164 aliurn
1715 3109 1806 3164 mentis

99 3194 240 3261 Quicum
266 3191 643 3265 quae1·erettrr,ait:aNea
671 3189 738 3244 lieet
767 3189 840 3244 mibi
870 3206 922 3244 nee

40 3325 50 3333 .
99 3284 231 3356 prodere,
249 3299 302 3337 nee
318 3280 464 3337 mentiri.»
478 3282 600 3337 Tractus
616 3284 682 3334 ante
706 3295 804 3350 regem
829 3278 922 3351 genti-

97 3373 166 3437 lem,
178 3389 245 3428 curn
262 3372 290 3426 in
307 3371 361 3426 boo
376 3372 439 3442 ipso
456 3370 600 3441 usquead
618 3373 741 3423 mortem
757 3384 922 3440 persevera·

97 3463 260 3528 retiarius
276 3465 321 3516 est
343 3458 487 3514 mirabilis
503 3458 532 3512 iu
549 3458 667 3512 veritate
696 3461 725 3511 ct
750 3456 879 3527 justitia,
896 3461 923 3510 et

96 3550 236 3606 liberatur
264 3548 358 3620 gratie
386 3550 450 3618 ejus
480 3546 567 3601 etiam
596 3563 672 3600 reus.
701 3546 781 3612 Ecce,
807 3546 921 3610 fratrea,

96 3639 242 3711 quomodo
256 3638 364 3692 veritus
385 3642 412 3690 et
432 3635 550 3707 justitia
566 3635 655 3690 etiam
683 3635 760 3706 apud
789 3633 922 3688 inlideles

95 3727 241 3782 habeatur
256 3724 456 3780 admirabiles.
470 3723 746 3795 Propositioneuero
758 3721 865 3777 modali
882 3721 923 3777 in·

96 3816 259 3887 quirentem
276 3814 392 3869 eludere
414 3813 490 3879 licet,
504 3817 535 3867 ut
550 3829 616 3867 oum
636 3812 738 3883 querit
753 3810 920 3883 gladiator:

96 3904 150 3961 Ubi
166 3908 211 3960 est
226 3903 296 3959 ille?
311 3903 532 3974 Respondemus
548 3917 555 3957 ε
573 3901 685 3968 Nescio,
704 3899 923 3973 subintelligen-

96 3998 152 4061 tes,
169 3993 231 4048 tibi.
249 3990 334 4048 Tales
349 3992 427 4046 enim
449 3991 611 4046 locutiones
627 3991 656 4044 in
674 4007 757 4045 sacra
773 3990 923 4061 Scriptura

95 4081 272 4148 invenimus,
295 4085 327 4134 ut
355 4080 395 4134 ibi
412 4098 418 4136 :
436 4080 558 4136 llorierie
575 4089 614 4145 la,
637 4087 663 4134 el
691 4096 745 4133 noro
772 4080 843 4134 riom
857 4080 920 4146 (lea.

95 4174 222 4239 xxxvia),
233 4167 462 4241 subintelligitur
483 4169 560 4223 enim
578 4167 633 4223 nisi
656 4167 779 4222 [leveris
797 4172 861 4222 llere
878 4172 922 4222 est

77 4257 253 4331 'duplicitas
270 4275 332 4329 qua
349 4258 495 4313 neminem
512 4257 628 4329 decipit,
647 4257 696 4312 sed
718 4256 814 4327 potius
826 4257 920 4327 jurat.

96 4349 140 4402 Ad
156 4346 305 4402 veritatem
322 4364 388 4401 verro
409 4346 467 4402 oris
485 4364 536 4401 nes
552 4346 655 4400 invitat
670 4344 837 4416 Apostolus,
855 4361 921 4399 curn

97 4437 220 4493 subdit:
238 4437 396 4506 teqrrimiru'
419 4438 559 4492 acritatem
576 4438 761 4506 turritaquisque
775 4451 837 4489 cum
858 4451 921 4505 pro-
939 4458 960 4522 D

95 4528 171 4582 eiuro
186 4541 245 4589 sao,
263 4525 290 4579 id
307 4528 352 4580 est
368 4542 434 4579 cam
458 4523 537 4579 amni
562 4523 688 4579 homine.
706 4523 820 4578 Veritas
844 4522 922 4578 enim

96 4620 142 4672 est
156 4632 223 4671 vera
237 4613 411 4687 significatio
427 4613 504 4669 vocis
527 4630 593 4668 cum
610 4614 666 4667 line
690 4612 797 4676 debito,
815 4616 842 4667 et
856 4629 923 4667 vera

98 4706 215 4778 quidem
232 4709 276 4758 est
296 4702 479 4774 significatio,
492 4703 609 4774 qnando
625 4703 701 4772 qued
726 4703 811 4757 eorde
826 4701 922 4755 coaci-

98 4795 186 4866 pitur,
198 4809 266 4847 voce
289 4792 481 4862 significatur,
494 4790 757 4862 quomodocunque
774 4808 804 4845 se
818 4791 923 4845 habeat

98 4900 154 4938 res.
168 4884 237 4936 lnde
252 4885 296 4936 est
311 4882 387 4952 qued
406 4879 522 4945 Paulus,
536 4880 653 4950 quande
671 4879 849 4950 promisitse
866 4880 922 4934 ita·

98 4987 163 5025 rum
180 4971 215 5024 ad
231 4970 403 5036 Corinthios,
416 4969 486 5039 quia
502 4973 533 5022 ut
555 4974 651 5022 mente
673 4968 807 5034 habebat,
824 4968 866 5023 ita
882 4967 922 5023 le·

99 5063 183 5113 cutus
199 5063 360 5125 est,uerum
378 5057 457 5123 dixit,
473 5055 596 5128 quanvis
612 5072 669 5111 nen
686 5056 778 5110 berit.
791 5058 824 5111 Et
838 5073 922 5112 eoen-

977 3197 1101 3247 motum.
1113 3192 1164 3248 Vel
1177 3198 1263 3260 certe,
1277 3198 1309 3249 ut
1322 3195 1441 3265 quidam
1451 3194 1570 3257 uolunt,
1583 3197 1707 3268 primus
1724 3204 1804 3252 erratus

976 3281 1036 3346 ira,
1053 3280 1103 3352 qui
1124 3280 1154 3336 in
1179 3287 1280 3338 nestra
1303 3286 1445 3355 potestate
1469 3301 1532 3339 non
1558 3290 1621 3354 cst,
1637 3288 1806 3358 permittitur

977 3369 1062 3425 nobis
1077 3387 1144 3425 cum
1169 3370 1286 3437 dicitur,
1303 3373 1466 3427 irascimini.
1484 3373 1535 3428 lra
1549 3390 1624 3430 rere
1643 3383 1712 3448 post
1734 3376 1804 3431 illuni

977 3463 1102 3526 metuar,
1119 3463 1259 3531 tanquam
1274 3477 1359 3533 grave
1374 3464 1528 3533 peceatum
1545 3464 1738 3535 prehibetur,
1749 3482 1805 3521 eun

977 3548 1094 3616 dieitur,
1108 3549 1192 3605 nolite
1204 3566 1325 3620 peecare.
1342 3550 1397 3616 Sol,
1413 3549 1521 3621 inquit,
1537 3570 1599 3608 raon
1616 3557 1725 3610 occidat
1738 3572 1808 3626 srqer

976 3636 1152 3692 iracundiam
1176 3646 1302 3694 vestram.
1320 3637 1435 3693 Hoevel
1460 3638 1498 3693 ad
1530 3639 1673 3698 litteram
1704 3644 1808 3715 legitur,

978 3728 1010 3781 ut
1024 3725 1135 3781 seilicet
1151 3731 1210 3781 tarn
1226 3726 1320 3783 brevis
1335 3726 1374 3782 sit
1399 3726 1442 3782 ira
1464 3729 1547 3798 quod
1564 3734 1721 3803 usquead
1737 3749 1807 3788 occe·

978 3831 1043 3871 sum
1058 3812 1130 3869 solis
1153 3831 1210 3869 non
1231 3816 1378 3887 perduret.
1395 3814 1476 3871 Unde
1492 3815 1524 3870 in
1540 3817 1622 3874 Vitis
1642 3820 1760 3876 Petrum
1774 3821 1807 3874 lr-

977 3904 1075 3976 gimus
1091 3904 1126 3958 de
1142 3903 1266 3970 duobus,
1284 3921 1410 3976 qaorum
1432 3904 1561 3961 alterurn
1589 3908 1639 3963 sol
1665 3926 1805 3981 nunquan·

976 3992 1088 4048 viderat
1098 3991 1282 4061 irascentem,
1294 3992 1419 4048 alteram
1436 4010 1596 4066 nunquam
1611 3998 1728 4054 viderat
1741 4015 1808 4052 eam·

977 4082 1122 4137 edentem.
1137 4080 1188 4137 Vel
1214 4081 1267 4149 sol,
1284 4083 1314 4138 id
1336 4085 1381 4138 est
1395 4081 1525 4138 ebaritas
1541 4083 1593 4139 Dei
1623 4092 1656 4142 et
1681 4087 1805 4160 proximi,

977 4188 1035 4225 non
1047 4171 1158 4225 occidat
1169 4171 1197 4224 in
1208 4170 1344 4226 cordibus
1354 4170 1469 4237 restris,
1481 4176 1609 4244 propter
1621 4176 1746 4232 nimiam
1758 4177 1806 4230 ira·

978 4260 1126 4324 cundiam,
1140 4262 1173 4313 ut
1193 4258 1304 4315 scilieet
1325 4258 1367 4314 ita
1389 4259 1555 4316 irascamur
1579 4269 1691 4320 contra
1713 4265 1805 4319 sitium

977 4348 1171 4419 fratris,quod
1183 4347 1354 4425 charitatem
1378 4350 1440 4420 ejus
1466 4355 1581 4405 natura
1605 4353 1740 4409 debitam
1755 4370 1805 4408 nun

976 4437 1235 4493 amittamusCum
1245 4437 1322 4493 eninr
1336 4442 1457 4509 superat
1468 4438 1522 4504 ira,
1536 4438 1720 4498 charitatem
1737 4460 1806 4496 man-

977 4527 1015 4582 tis
1030 4526 1235 4599 pe1·turbat,ut
1245 4527 1308 4598 J'am
1323 4543 1380 4582 non
1396 4527 1678 4598 pessitdiscernere
1689 4532 1757 4604 qaid
1768 4532 1808 4586 de·

977 4615 1134 4671 ceatUnde
1147 4619 1241 4687 poeta,
1253 4638 1266 4664 a
1279 4617 1333 4682 tra,
1343 4615 1555 4687 inquit,brevis
1570 4617 1659 4674 turer
1670 4628 1715 4676 est
1727 4623 1786 4689 ,tiit

977 4709 1005 4760 et
1020 4704 1168 4771 Salomon,
1187 4704 1241 4770 tra,
1258 4703 1362 4776 inquit,
1376 4704 1429 4760 viri
1438 4705 1591 4775 justitiam
1604 4711 1658 4764 Dei
1674 4728 1732 4766 nean
1748 4724 1806 4780 eqe-

977 4798 1059 4849 rntur
1075 4797 1164 4861 (l‘roo.
1180 4792 1248 4862 xm).
1266 4793 1375 4848 Litotes
1393 4796 1448 4860 est,
1466 4793 1496 4848 id
1511 4798 1560 4850 est
1575 4804 1722 4867 operatur
1736 4798 1809 4868 inju-

977 4882 1097 4938 stitiam.
1115 4882 1177 4936 Non
1193 4881 1272 4935 enim
1288 4882 1367 4941 novit
1385 4883 1466 4952 juste
1487 4883 1630 4953 judicare
1658 4905 1744 4959 quern
1771 4888 1809 4940 ira

977 4972 1141 5026 conturbat.
1154 4970 1307 5041 Propterea
1322 4986 1388 5024 cum
1401 4970 1589 5027 Theodosius
1604 4972 1771 5046 imperator
1780 4992 1809 5029 ex

977 5059 1089 5131 impetu
1099 5058 1157 5122 irae,
1166 5058 1322 5129 plusquam
1334 5059 1432 5114 decem
1443 5058 1537 5114 millia
1548 5060 1714 5119 bominum
1724 5062 1809 5119 occidi

98 5151 152 5214 tra,
161 5146 185 5202 si
196 5145 348 5218 quisdicat
359 5150 459 5202 contra
470 5151 636 5201 mentemse
644 5144 754 5216 aliquid
764 5145 921 5215 sucturum,
972 5149 1124 5221 jussisset,
1142 5146 1336 5218 reprehensus
1352 5164 1366 5202 a
1382 5146 1467 5202 beate
1483 5149 1660 5216 Ambrosio,
1678 5153 1757 5207 dedit
1771 5152 1809 5206 le·

98 5240 127 5291 et
142 5240 207 5308 post
223 5234 294 5289 illud
310 5235 405 5300 laeriat,
419 5240 515 5289 tamen
527 5235 597 5306 quia
609 5239 710 5288 eontra
725 5233 753 5288 id
771 5235 847 5306 quod
861 5252 925 5290 sea·
977 5254 1042 5310 gem
1060 5241 1091 5291 ut
1106 5237 1140 5291 de
1156 5240 1258 5290 caetero
1278 5251 1346 5290 eum
1367 5235 1529 5305 imperator
1543 5237 1591 5293 vel
1602 5239 1702 5310 judex
1717 5248 1811 5295 rantra

97 5325 188 5381 tiebat
214 5324 296 5391 dixit,
314 5324 454 5378 mentitus
480 5328 533 5380 est.
551 5323 580 5380 Si
596 5328 693 5380 autern
708 5328 737 5380 et
752 5324 830 5396 quod
859 5341 923 5380 sen·
977 5325 1104 5399 aliquem
1116 5325 1812 5402 reumesseteemmotus,nonstatimeumjudi·

135 5500 190 5585 (ee)
205 5499 270 5557 vu.
288 5502 348 5558 not.
364 5499 410 5556 or.
