3816 6006
79 244 155 306 itit
643 247 930 347 fluuium-1.
954 248 1005 311 DE
1026 246 1227 311 subscus.
1709 249 1788 313 lm

80 366 906 456 timecluturispotocr't,quandocumsuperpoatussuum
921 385 949 452 Α
964 386 997 437 nt
1019 380 1112 454 possit
1135 381 1230 438 dicere
1255 397 1356 439 sectare
1371 397 1437 438 cnm
1463 381 1570 438 Paulo:
1593 405 1607 432 «
1624 382 1789 441 imita-tores

81 466 302 523 recumbentem
327 472 419 536 (Joou.
445 472 513 537 xxc),
538 470 574 526 de
603 470 682 526 fonte
710 471 834 544 pectoris
863 471 908 526 sui
965 472 1022 527 mei
1046 476 1148 537 estote,
1174 473 1249 527 sicut
1273 476 1302 528 et
1320 488 1373 545 ego
1388 471 1495 528 Christi
1511 472 1533 544 (1
1548 472 1607 527 Cor.
1624 488 1653 527 ιν
1666 475 1694 527 et
1707 461 1758 540 xi.)
1774 493 1789 523 n
1895 499 1900 507 =

78 554 192 611 coelesti
217 556 351 613 doctrina
366 562 394 613 et
418 559 563 631 snpientia
586 558 697 632 largius
721 559 909 633 praecaeteris
963 561 1043 626 Quod
1069 564 1167 633 aperte
1192 565 1294 617 eontra
1318 577 1372 616 nos
1395 560 1598 633 predicatores
1618 564 1672 627 est,
1688 559 1739 632 qui
1759 559 1789 616 in

76 642 245 702 inebriavit.
270 645 354 703 Hunc
369 645 562 715 confirmavit,
578 647 629 720 qui
654 665 706 704 nec
727 647 907 717 ludaeorum,
963 650 1090 706 Ecclesia
1104 649 1417 706 Christiministerium
1432 649 1573 722 gerimus,
1590 653 1618 705 et
1634 652 1791 706 tamenvs-

77 749 132 788 nec
162 733 317 807 gentilium
347 737 610 808 persecutionibus,
641 754 693 793 nee
722 736 799 794 dolio
823 737 908 810 pleno
963 738 1050 813 stigio
1065 741 1130 811 ejus
1146 756 1203 795 non
1221 739 1382 812 sequimur.
1395 737 1527 795 Christus
1538 738 1617 794 enim
1628 738 1705 794 riam
1717 754 1789 810 pau·

76 822 215 879 terrentis
230 822 362 890 olei,-nec
373 824 473 881 exsilic
484 843 500 880 n
510 826 631 882 veritate
642 827 737 899 potuit
752 826 906 883 infirmari.
962 827 1093 900 perlatis,
1109 827 1295 894 humilitatis,
1320 828 1429 884 laboris
1445 831 1473 883 et
1487 827 1642 900 patientie,
1659 827 1744 884 nobis
1757 826 1788 884 in

76 911 160 968 Hunc
182 913 381 969 continentem
407 914 513 983 effecit,
529 914 599 987 quin
622 915 652 971 in
668 915 749 972 nulla
763 915 908 974 desideria
961 915 1016 973 hoc
1032 919 1142 974 mundo
1157 916 1377 974 demonstravit.
1391 918 1427 973 ht
1436 933 1490 974 nos
1500 920 1619 973 econtra
1628 915 1675 972 hie
1690 905 1789 988 ditari,

75 1002 174 1058 camis
190 1001 320 1058 delinxit.
336 1006 421 1059 Hunc
441 1003 577 1060 exaltavit
592 1005 665 1077 cprrd
677 1007 819 1078 proximos
833 1022 906 1075 suos,
961 1005 1089 1079 gloriari,
1106 1008 1255 1079 quiescere
1270 1011 1298 1062 et
1314 1005 1449 1066 delectari
1464 1005 1676 1064 desideramus.
1693 1004 1787 1074 Unde,

75 1092 195 1164 quando
219 1108 287 1149 eum
312 1092 341 1149 in
366 1093 530 1167 apostolum
559 1094 736 1151 sublimavit.
761 1096 793 1152 lu
818 1093 906 1152 medio
960 1096 1118 1167 quodsine
1142 1094 1390 1169 lacrymisdicere
1408 1111 1466 1151 non
1489 1111 1622 1167 possum,
1644 1089 1788 1168 contingit
1853 1082 1857 1087 ⁶

74 1181 204 1238 Ecclesiae
212 1183 322 1254 operuit
331 1198 360 1237 os
367 1183 436 1254 ejus,
448 1184 641 1255 quandoeum
652 1184 869 1257 predicatorem
878 1188 906 1240 et
960 1184 1036 1256 quod
1054 1201 1071 1240 a
1086 1184 1194 1241 Christi
1208 1184 1338 1258 vestigiis
1361 1201 1414 1240 nos
1429 1188 1560 1257 pastores
1575 1182 1785 1252 exorbitemus,

73 1268 283 1344 evangelistam
314 1270 477 1327 coustituit.
513 1272 595 1328 llunc
631 1271 763 1345 implevit
799 1273 905 1345 Spiritu
960 1273 1043 1330 nobis
1058 1273 1191 1329 subditos
1207 1273 1360 1330 nobiscum
1375 1272 1536 1330 exorbitare
1550 1273 1684 1344 tacimus,
1700 1271 1786 1331 etita

72 1360 223 1430 sapientise
235 1367 261 1415 et
270 1360 433 1430 intellectus,
446 1377 503 1416 non
516 1359 611 1417 solum
622 1361 652 1417 in
664 1362 710 1417 die
721 1362 904 1418 Pentecosten
959 1379 1016 1418 non
1032 1362 1128 1419 solum
1139 1363 1295 1421 animabus
1308 1362 1426 1431 nostris,
1443 1363 1493 1418 sed
1509 1365 1537 1418 et
1551 1361 1707 1420 animabus
1717 1361 1786 1420 alic·

73 1465 142 1505 cum
158 1448 279 1517 esteris,
293 1449 346 1506 sed
360 1454 391 1506 et
405 1449 604 1507 abundantius
619 1451 751 1519 ceteris:
768 1454 904 1524 utsupra
958 1468 1023 1508 rum
1038 1451 1155 1507 ruinam
1181 1452 1295 1508 damus.
1327 1451 1408 1510 Unde
1428 1450 1570 1523 seriptum
1594 1455 1658 1507 est:
1683 1474 1697 1502 «
1712 1440 1784 1509 Pm-

73 1553 192 1595 omnem
212 1536 391 1594 intellectum
421 1538 607 1613 intelligeret,
638 1539 777 1599 scriberet
791 1543 821 1595 et
842 1538 903 1596 ola·
957 1540 1046 1614 pheta
1069 1540 1192 1613 laqueus
1220 1541 1312 1597 ruine
1339 1541 1407 1612 (Oce.
1428 1545 1508 1609 xi.)»
1532 1541 1569 1599 At
1591 1556 1655 1609 nos,
1680 1540 1785 1600 tratres

73 1632 187 1683 maret:
204 1651 217 1677 «
230 1627 261 1682 ln
279 1627 422 1700 principio
438 1632 500 1684 erat
510 1628 649 1696 Verbum,
666 1633 695 1684 et
707 1628 830 1684 Verbum
842 1633 903 1685 erat
957 1629 1134 1697 charissimi,
1160 1629 1237 1686 siout
1261 1629 1395 1686 videmus
1419 1629 1581 1702 periculum
1597 1633 1741 1698 nostrum,
1755 1629 1784 1688 s'i

72 1717 152 1790 apud
167 1717 270 1783 Deuca
288 1721 316 1772 et
332 1716 408 1773 Deus
424 1723 486 1773 erat
500 1717 626 1773 Verbum
641 1719 727 1786 (loon.
746 1717 775 1789 ι).
790 1740 804 1768 a
823 1720 902 1774 llunc
956 1719 1079 1792 vestigio
1095 1719 1203 1776 summi
1220 1719 1346 1791 pastoris
1361 1735 1419 1775 non
1431 1735 1600 1791 sequamur,
1612 1719 1653 1775 ita
1667 1707 1784 1792 quoque

70 1805 511 1875 induitDominusstoloqlortu‘,
522 1807 716 1878 qnandceum
727 1807 790 1862 sine
801 1806 899 1864 dolore
955 1808 1117 1881 periculum
1132 1814 1262 1864 uestrum
1276 1809 1443 1878 timeamus,
1459 1808 1545 1866 sivos
1560 1826 1614 1865 nos
1629 1812 1706 1865 recte
1716 1825 1782 1883 gra·

69 1893 168 1951 caruis
183 1895 218 1950 ad
235 1893 363 1950 eoelestia
373 1894 535 1951 transtulit.
551 1895 753 1952 trrmnditcteru
767 1905 792 1953 et
806 1896 898 1953 exsul·

67 1985 202 2040 tattonem
211 1982 420 2040 thesaurizavit
430 2001 519 2056 super
528 2001 607 2053 eum,
621 2001 707 2057 quem
717 2002 817 2041 secum
828 2001 898 2041 oon·

66 2073 195 2146 gaudere
212 2073 280 2129 lacit
295 2073 325 2128 in
341 2077 492 2129 eternum.
509 2075 623 2130 Nomine
632 2083 735 2132 oeteruo
751 2074 897 2132 baeredita-

66 2164 108 2218 ln't
132 2161 228 2229 illum,
253 2162 392 2236 quoniam
417 2179 485 2219 curn
508 2163 554 2219 sui
580 2163 708 2219 nominis
731 2166 759 2219 et
778 2163 898 2220 honoris

64 2250 210 2307 haeredem
234 2255 262 2307 et
283 2251 458 2324 participem
485 2252 589 2308 effecit.
621 2252 711 2323 Cujus
739 2253 853 2309 meritis
868 2257 898 2308 ct

954 1898 1067 1954 dientes
1083 1898 1166 1970 sequi
1177 1898 1381 1954 contemnatis.
1394 1897 1548 1970 Propterea
1557 1901 1647 1955 vocet
1659 1899 1782 1956 nescias

953 1991 1070 2043 nostras
1093 1987 1285 2061 corrigamus,
1301 1990 1330 2042 ct
1350 1987 1426 2043 viam
1456 1987 1548 2044 nostri
1578 1974 1782 2060 Redemptorie

952 2075 1035 2148 sequi
1052 2077 1273 2132 contendamus.
1298 2076 1451 2133 Imitemur
1472 2093 1589 2149 quoque
1604 2066 1780 2133 imitatorem

952 2166 1016 2236 ejus
1034 2166 1160 2233 Petrum,
1178 2165 1227 2237 qui
1245 2165 1403 2235 Christum,
1419 2165 1488 2234 vita,
1505 2165 1638 2221 doctrina
1652 2169 1680 2222 et
1694 2181 1781 2223 cruce

952 2259 1070 2310 secutus
1085 2258 1138 2309 est.
1157 2253 1187 2310 ln
1203 2254 1312 2326 quibua
1324 2255 1418 2309 tribus
1434 2271 1535 2310 curuos
1546 2253 1712 2328 specialiter
1726 2272 1780 2312 nos

952 2343 1155 2414 predicatores
1169 2358 1237 2398 eum
1254 2343 1336 2415 sequi
1352 2348 1496 2412 tenemur,
1514 2347 1547 2399 ut
1559 2342 1694 2399 videlicet
1707 2360 1780 2417 pure
1795 2352 1800 2361 ’

951 2431 1093 2496 vivemus,
1122 2436 1198 2487 recte
1220 2432 1387 2499 doceamus,
1404 2438 1433 2489 et
1448 2433 1580 2488 membra
1596 2436 1696 2488 nostra
1711 2448 1779 2488 cum

950 2520 1028 2576 vitiis
1043 2525 1071 2576 et
1079 2520 1326 2593 concupiscentiis
1338 2522 1555 2594 crucifigamus.
1566 2522 1699 2577 Secundo
1710 2539 1780 2594 qno·

464 2608 501 2665 Vl
951 2610 1038 2665 modo
1061 2609 1188 2665 loannes
1210 2608 1388 2682 evangelista
1402 2610 1438 2665 ab
1453 2609 1507 2665 hac
1522 2609 1580 2665 vila
1600 2610 1779 2683 migraturus

190 2715 219 2754 ru
234 2715 329 2755 sonan
345 2715 429 2756 rusco
445 2715 539 2755 senno
557 2717 593 2755 na
605 2693 769 2757 arenosum.
949 2703 1037 2768 essct,
1054 2699 1252 2772 significatum
1263 2704 1308 2755 est
1322 2716 1339 2754 a
1352 2699 1485 2766 Domino,
1497 2716 1564 2755 eum
1576 2698 1658 2755 Petro
1669 2699 1705 2755 de
1714 2700 1780 2772 ejus

100 2789 179 2844 Discit
194 2789 272 2845 lesus
284 2789 385 2845 Petro:
410 2789 527 2862 Sequere
544 2806 597 2846 rue.
624 2789 774 2846 Conuersus
796 2789 896 2844 Petrus
950 2792 1043 2843 morte
1066 2787 1217 2861 querenti,
1243 2788 1302 2843 ait:
1320 2787 1366 2843 Sic
1388 2804 1452 2844 eum
1466 2788 1524 2845 volo
1547 2804 1669 2858 mulcere,
1691 2789 1779 2846 donee

64 2877 138 2933 catu
170 2877 253 2933 illum
280 2886 436 2951 sequentem
464 2876 633 2950 discipulum
660 2894 739 2950 quem
764 2876 896 2948 ditiqetct
948 2878 1068 2933 centnm.
1084 2879 1123 2932 Ac
1139 2877 1163 2933 si
1188 2877 1314 2933 diceret:
1331 2877 1377 2932 Sic
1402 2876 1513 2933 diutius
1528 2880 1637 2951 etpost
1652 2880 1776 2934 mortem

64 2966 142 3024 lesus
156 2969 251 3036 (teau.
266 2969 337 3035 xxc),
352 2971 381 3022 et
396 2965 517 3039 reliqua.
537 2968 614 3023 llanc
631 2966 784 3023 lectionem
801 2963 895 3021 sancti
949 2966 1081 3021 omnium
1112 2963 1311 3038 apostolorum
1339 2965 1403 3022 volc
1426 2982 1495 3022 eum
1521 2965 1614 3022 vivere
1629 2965 1659 3022 in
1678 2982 1775 3045 earne,

63 3055 224 3130 Evangelii,
242 3056 344 3112 tratres
360 3055 427 3123 mei,
445 3055 546 3113 scribit
559 3055 687 3113 loannes
702 3052 851 3129 apostolus
866 3057 895 3111 et
949 3055 1041 3111 donec
1056 3070 1109 3127 ego
1125 3071 1190 3111 eum
1217 3054 1343 3123 visitem,
1360 3059 1389 3111 et
1403 3054 1519 3127 placida
1532 3059 1625 3111 morte
1639 3056 1675 3111 ad
1691 3053 1776 3112 ccele-

63 3143 254 3218 avangelista,
268 3144 354 3216 cujus
368 3143 455 3201 hodie
468 3144 683 3201 solemnitatem
697 3143 890 3200 celebramus.
906 3131 930 3199 (i
949 3144 1004 3201 stia
1032 3160 1098 3199 eum
1128 3144 1313 3200 transieram.
1344 3143 1482 3216 Legimus
1509 3143 1588 3199 enim
1613 3144 1690 3216 quod
1719 3142 1776 3200 iste

63 3232 144 3290 Facit
159 3233 249 3307 igitur
261 3233 318 3291 tria
330 3233 360 3288 in
376 3232 431 3289 hac
446 3233 577 3290 lectione.
592 3233 698 3302 Primo,
713 3233 894 3289 demonstrat
947 3233 1074 3289 loannes
1089 3230 1268 3305 evangeliste
1279 3229 1504 3304 longotempore
1515 3235 1581 3305 post
1595 3248 1698 3289 omnes
1710 3247 1776 3306 apo-

63 3323 262 3400 significatum
274 3322 365 3380 luisse
379 3322 692 3397 aDominoqunmorte
705 3321 807 3378 Petrus
817 3324 895 3378 esset
948 3321 1039 3378 stolos
1053 3319 1133 3376 viril.
1150 3320 1184 3375 ut
1198 3337 1264 3376 cum
1280 3325 1357 3377 esset
1379 3336 1521 3376 annorum
1547 3321 1707 3394 nonaginta
1720 3336 1777 3378 no·

60 3409 895 3484 Dominumclarificaturus.Secundoquomodoipseesset
947 3427 1023 3478 vem,
1049 3408 1185 3482 apparuit
1198 3409 1225 3464 ei
1242 3409 1382 3466 Dominus
1401 3408 1487 3465 lesus
1499 3409 1643 3479 Christus,
1659 3412 1688 3466 et
1702 3408 1776 3466 dix-it

62 3500 99 3556 ab
108 3499 167 3556 hae
176 3499 235 3557 vita
243 3500 434 3574 migraturus.
446 3501 553 3567 Tertio,
565 3516 718 3574 personam
731 3516 815 3556 suam
826 3513 893 3555 cum
948 3499 1010 3554 illi:
1028 3520 1042 3549 a
1057 3498 1141 3564 Veni,
1157 3497 1261 3554 dilecte
1276 3498 1326 3566 mi,
1343 3499 1380 3553 ad
1397 3515 1453 3567 me,
1470 3499 1539 3572 quia
1553 3501 1670 3573 tempus
1684 3502 1729 3556 est
1743 3501 1777 3555 ut

61 3589 895 3662 quibusdamloeutionihusmanifestat.Porroqucmcrte
949 3587 1076 3662 epuleris
1098 3587 1256 3643 mecumin
1285 3587 1415 3642 convivio
1443 3603 1508 3644 meo
1538 3604 1605 3644 cum
1635 3588 1775 3646 iratribus

60 3678 275 3737 clarificaturus
304 3680 407 3737 Petrus
423 3684 500 3736 esset
525 3680 694 3748 Dominum,
720 3676 894 3753 significavit
949 3677 1032 3734 meis.
1058 3676 1109 3732 Die
1133 3675 1224 3750 igitur
1239 3676 1389 3732 Dominico
1414 3676 1465 3748 qui
1486 3681 1551 3749 post
1569 3676 1778 3751 quinquedies

63 3767 209 3826 Dominus
220 3785 287 3825 cunr
299 3769 328 3824 in
338 3768 461 3825 lectione
472 3769 645 3842 precedenti
659 3768 683 3824 ei
695 3768 780 3823 dixit:
794 3790 808 3818 n
822 3766 895 3821 Cum
950 3768 1066 3823 tuturus
1090 3769 1144 3832 est,
1160 3765 1258 3822 venies
1274 3766 1309 3821 ad
1326 3782 1382 3822 me.
1399 3787 1413 3817 n
1430 3766 1465 3823 lit
1479 3782 1547 3822 eum
1568 3766 1629 3823 hec
1644 3766 1776 3838 dixisset,

61 3856 895 3933 essesjuniorcingebaslectambulabasubivolebas;cum
949 3855 1021 3913 coelo
1049 3859 1184 3927 receptus
1206 3858 1260 3910 ost.
1284 3854 1531 3929 Venienteigitur
1546 3856 1593 3911 die
1617 3856 1777 3926 Dominico,

66 3943 897 4015 auternsenueris,extendosmncustuas‚etaliustecin.
949 3946 1028 4026 venit
1053 3945 1157 4000 heatus
1182 3942 1309 4000 loannes
1328 3944 1364 3999 ad
1393 3943 1560 4012 ecclesiam,
1575 3948 1603 4001 et
1618 3960 1685 4001 cum
1708 3944 1780 4001 ibis

62 4038 121 4108 get,
139 4039 169 4092 et
184 4035 272 4093 ducet
288 4054 345 4110 quc
362 4040 392 4091 tu
405 4035 630 4108 consimilat).
647 4059 660 4085 «
672 4035 706 4090 st
720 4051 787 4090 enm
796 4038 897 4106 postea
951 4035 1044 4108 primo
1056 4032 1202 4106 pullorum
1219 4037 1305 4089 cantu
1324 4050 1418 4105 usque
1435 4033 1470 4089 ad
1487 4033 1603 4089 tertiam
1619 4034 1720 4090 horam
1737 4033 1781 4090 di·

62 4125 118 4180 hoc
139 4125 164 4180 ei
191 4125 373 4198 quodmodo
400 4123 576 4193 audivimus,
603 4123 693 4179 dixit:
713 4125 829 4196 Sequere
842 4139 894 4182 nce.
949 4124 1018 4180 vina
1041 4122 1180 4196 mysteria
1202 4121 1388 4190 celebrasset,
1406 4127 1435 4178 et
1453 4122 1595 4195 populum
1612 4122 1780 4181 exhortatus

62 2339 202 2413 precibus
213 2339 552 2414 nosquantuloscunqne
564 2358 662 2398 seruos
673 2342 896 2415 comparticipes

63 2427 163 2503 gloriae
179 2445 238 2486 suae
264 2430 353 2486 faeiat
367 2430 509 2487 Dominus
538 2435 637 2487 noster
651 2433 736 2486 lesus
751 2430 895 2500 Christos,

63 2518 116 2592 qui
132 2534 200 2574 cum
218 2519 312 2586 Patre,
331 2524 385 2575 etc.

62 4218 100 4271 llo
117 4213 142 4270 si
160 4217 259 4287 aperte
273 4215 370 4271 dicct:
388 4215 508 4271 Imitare
524 4231 580 4282 me,
597 4217 625 4269 et
639 4211 782 4285 precipue
797 4211 826 4268 in
841 4212 896 4268 hoc
950 4212 1063 4280 suisset,
1079 4211 1262 4267 indefessum
1277 4211 1434 4284 sepulture
1450 4229 1509 4267 sure
1525 4211 1622 4268 locum
1634 4213 1716 4270 solus
1730 4213 1779 4270 da·
1870 4219 1883 4231 ‘

61 4303 305 4378 quodsicutego
324 4309 540 4360 mortuussum
557 4320 608 4375 pro
625 4306 663 4371 te,
680 4301 896 4374 ilatuquoque
950 4301 1074 4369 scandit,
1091 4299 1270 4372 etspiritum
1287 4300 1344 4356 Deo
1373 4300 1510 4368 reddidit,
1531 4305 1634 4358 ettam
1651 4301 1781 4360 adolere

62 4392 203 4448 moriaris
217 4409 269 4465 pro
294 4410 351 4449 me.
368 4393 456 4450 Porro
475 4390 600 4466 principi
616 4389 814 4464 apostolorum
838 4406 896 4462 pru
952 4389 1054 4447 mortis
1070 4394 1236 4457 extraneus,
1254 4405 1341 4462 quam
1358 4389 1485 4446 acernis
1499 4391 1684 4464 corruptione
1699 4391 1781 4449 inve-

62 4480 661 4556 eaeterisdiciturutsequaturDominum,
671 4478 934 4569 quoniam‚cumq,
951 4479 1031 4536 nitur
1045 4477 1168 4535 alienus.

62 4587 168 4627 omncs
185 4572 267 4644 aequi
284 4571 412 4629 debeanr
423 4587 500 4640 eum,
517 4569 662 4643 precipue
675 4569 816 4642 primates
832 4584 896 4625 san·
984 4568 1048 4625 Non
1063 4572 1162 4624 autem
1179 4566 1244 4623 idea
1261 4566 1404 4640 Dominus
1427 4567 1502 4624 dixit
1526 4568 1715 4642 singulariter
1727 4568 1782 4625 Pe·

62 4663 115 4715 ctae
140 4659 286 4729 Ecclesice,
315 4660 364 4733 qni
380 4662 446 4734 ejus
469 4660 561 4717 ricem
578 4660 608 4715 in
633 4658 764 4715 Ecclesia
784 4661 897 4731 tonent,
952 4662 1015 4714 tro:
1032 4658 1149 4729 Sequere
1163 4673 1215 4727 rue,
1233 4657 1317 4728 quasi
1334 4656 1389 4713 iste
1404 4657 1532 4714 loannes
1548 4674 1605 4714 non
1621 4661 1699 4715 esset
1712 4673 1781 4715 eum

64 4749 174 4804 Omnes
191 4749 300 4823 quippe
315 4754 452 4806 tenentur
469 4767 537 4806 eum
554 4748 647 4820 sequi.
660 4747 741 4804 Unde
756 4748 898 4820 scriptum
953 4750 1118 4804 secuturus.
1135 4745 1189 4811 Oui
1206 4745 1285 4801 enim
1310 4745 1405 4821 magis
1420 4750 1575 4804 secuturus
1588 4751 1650 4804 erat
1664 4752 1782 4822 sgnum

62 4841 128 4893 est:
156 4839 237 4905 «Qui
260 4838 323 4894 vult
348 4856 415 4895 cum
440 4839 555 4895 Christo
584 4853 712 4905 monere,
737 4837 899 4910 sicutipse
953 4834 1782 4912 quamillcquisequitureumquocunqueierit‘l(dpoc.

63 4926 238 4995 ambulavit,
258 4929 343 4984 debet
358 4933 387 4985 et
398 4927 550 4985 ambulare
560 4929 584 4995 <l
596 4930 675 4984 toan.
692 4929 734 4996 n.)
749 4950 763 4978 n
780 4927 835 4984 Sed
847 4925 900 4982 mi·
952 4927 1020 4995 xiv.)
1036 4925 1093 4981 Sed
1118 4924 1188 4997 quia
1215 4941 1266 4997 per
1293 4924 1520 4981 amaritudinem
1551 4925 1697 5000 passionis
1725 4943 1785 4985 non

67 5016 194 5073 neribus
210 5018 329 5086 sufficit,
348 5018 372 5074 si
387 5018 463 5073 iiam
476 5015 581 5073 [bristi
597 5034 614 5072 a
628 5015 712 5089 longe
728 5020 897 5088 sequantur.
953 5018 1033 5071 esset
1048 5030 1115 5069 eum
1127 5017 1293 5081 securulus,
1311 5013 1529 5071 demonstravit.
1545 5014 1601 5072 Nec
1611 5020 1710 5073 tamen
1720 5016 1785 5076 ideo

64 5105 201 5162 Proelatis
216 5122 284 5163 vero
298 5106 431 5163 Ecclesiae
447 5116 564 5174 sancte,
581 5121 639 5161 non
661 5103 769 5161 suflicit
793 5104 848 5161 nisi
864 5104 900 5162 de
955 5104 1083 5160 loannes
1107 5119 1124 5158 a
1151 5119 1259 5159 corona
1283 5102 1414 5177 martyrii
1437 5103 1568 5177 privatus
1592 5109 1645 5175 est,
1662 5104 1787 5165 Domino

62 5211 154 5268 prope
170 5200 200 5250 et
211 5212 346 5268 expresse
372 5195 521 5252 Christum
536 5197 707 5268 sequantur,
724 5199 752 5249 et
773 5194 838 5266 ejus
852 5211 899 5251 ve·
956 5197 1042 5264 leste,
1059 5192 1109 5264 qui
1122 5192 1148 5247 ei
1164 5195 1193 5247 et
1209 5191 1292 5248 fratri
1303 5209 1356 5248 suo
1368 5191 1477 5250 lacobo
1492 5195 1684 5266 predixerat:
1705 5219 1719 5248 a
1733 5198 1787 5255 Ca·

62 5282 162 5356 stigiis
179 5283 354 5342 innitantur.
381 5285 463 5341 Unde
489 5287 517 5340 et
541 5283 707 5356 specialiter
721 5283 763 5339 eis
788 5282 899 5339 dictum
958 5282 1043 5339 licem
1061 5281 1182 5354 quidem
1199 5297 1298 5338 meum
1317 5280 1425 5339 bibetis
1440 5283 1544 5351 (Motll.
1560 5287 1619 5356 xx.)
1635 5307 1650 5336 »
1663 5287 1727 5358 lpse
1742 5286 1789 5343 ni·

64 5378 126 5428 est:
145 5395 159 5423 «ι
173 5373 227 5440 Qui
244 5373 318 5431 mihi
331 5375 489 5442 ministrat,
501 5390 548 5429 me
564 5375 704 5446 sequatur
714 5374 800 5440 (loon.
813 5375 876 5442 xri.)
884 5395 899 5424 »
954 5370 1063 5427 mirum
1080 5375 1109 5426 et
1127 5385 1193 5425 cum
1211 5370 1322 5426 ceteris
1342 5370 1513 5443 apostoliea
1534 5373 1645 5431 Judaeis
1660 5373 1789 5449 hageDa-

61 5463 102 5518 Ac
118 5461 144 5517 si
159 5462 283 5519 diceret:
297 5464 351 5530 Oui
363 5480 460 5520 meum
473 5462 669 5519 ministerium
685 5461 769 5535 gerit,
777 5461 900 5536 uestigia
954 5466 1003 5516 tus
1018 5463 1082 5529 est,
1103 5459 1165 5531 ipse
1182 5460 1210 5515 in
1227 5458 1305 5516 dolio
1330 5461 1468 5518 ferventis
1482 5461 1537 5518 olei
1551 5469 1670 5538 propter
1681 5480 1789 5522 nomen

60 5566 130 5610 mea
145 5557 300 5625 sequatur,
317 5557 349 5609 ut
366 5554 416 5626 qui
432 5570 499 5609 cum
516 5551 659 5628 sequitur,
682 5567 729 5609 me
748 5555 898 5631 sequatur,
953 5547 1097 5611 Christis
1120 5545 1285 5608 Domitiano
1310 5548 1424 5628 positus
1439 5554 1502 5623 θοις
1517 5551 1626 5628 ipsein
1647 5552 1789 5637 Patbmos

233 5677 370 5762 Parnon.
392 5678 478 5747 Glrl'.
1586 5679 1636 5746 tt
