<?xml version="1.0" encoding="UTF-8"?>
<!DOCTYPE html PUBLIC "-//W3C//DTD XHTML 1.0 Transitional//EN"
    "http://www.w3.org/TR/xhtml1/DTD/xhtml1-transitional.dtd">
<html xmlns="http://www.w3.org/1999/xhtml" xml:lang="en" lang="en">
 <head>
  <title>
</title>
<meta http-equiv="Content-Type" content="text/html;charset=utf-8" />
  <meta name='ocr-system' content='tesseract 3.04.00' />
  <meta name='ocr-capabilities' content='ocr_page ocr_carea ocr_par ocr_line ocrx_word'/>
</head>
<body>
  <div class='ocr_page' id='page_1' title='image "./patrologiaecurs93unkngoog_0680.png"; bbox 0 0 3816 6006; ppageno 0'>
   <div class='ocr_carea' id='block_1_1' title="bbox 57 273 1768 483">
    <p class='ocr_par' dir='ltr' id='par_1_1' title="bbox 57 273 1768 483">
     <span class='ocr_line' id='line_1_1' title="bbox 59 273 1768 343; baseline 0 -3"><span class='ocrx_word' id='word_1_1' title='bbox 59 273 141 343; x_wconf 66' lang='lat' dir='ltr'><strong>Ul</strong></span> <span class='ocrx_word' id='word_1_2' title='bbox 632 274 823 340; x_wconf 66' lang='lat' dir='ltr'><strong>uoltum.</strong></span> <span class='ocrx_word' id='word_1_3' title='bbox 836 275 915 339; x_wconf 66' lang='lat' dir='ltr'><strong>ml.</strong></span> <span class='ocrx_word' id='word_1_4' title='bbox 933 274 989 338; x_wconf 66' lang='lat' dir='ltr'><strong>Ml</strong></span> <span class='ocrx_word' id='word_1_5' title='bbox 1009 275 1209 340; x_wconf 68' lang='lat' dir='ltr'><strong>deusone.</strong></span> <span class='ocrx_word' id='word_1_6' title='bbox 1683 277 1768 340; x_wconf 75' lang='lat' dir='ltr'><strong>&#39;latu</strong></span> 
     </span>
     <span class='ocr_line' id='line_1_2' title="bbox 57 405 1767 483; baseline -0.001 -15"><span class='ocrx_word' id='word_1_7' title='bbox 57 409 215 479; x_wconf 83' lang='lat' dir='ltr'><strong>debemus,</strong></span> <span class='ocrx_word' id='word_1_8' title='bbox 231 407 336 467; x_wconf 82' lang='lat' dir='ltr'><strong>fratres</strong></span> <span class='ocrx_word' id='word_1_9' title='bbox 350 405 419 479; x_wconf 88' lang='lat' dir='ltr'><strong>mei,</strong></span> <span class='ocrx_word' id='word_1_10' title='bbox 435 408 551 483; x_wconf 79' lang='lat' dir='ltr'><strong>quaudo</strong></span> <span class='ocrx_word' id='word_1_11' title='bbox 561 406 672 482; x_wconf 86' lang='lat' dir='ltr'><strong>aliquis</strong></span> <span class='ocrx_word' id='word_1_12' title='bbox 687 426 741 466; x_wconf 88' lang='lat' dir='ltr'><strong>uos</strong></span> <span class='ocrx_word' id='word_1_13' title='bbox 751 408 893 467; x_wconf 84' lang='lat' dir='ltr'><strong>salutatet</strong></span> <span class='ocrx_word' id='word_1_14' title='bbox 906 408 934 478; x_wconf 76' lang='grc' dir='ltr'><strong>Δ</strong></span> <span class='ocrx_word' id='word_1_15' title='bbox 949 412 978 466; x_wconf 86' lang='lat' dir='ltr'><strong>et</strong></span> <span class='ocrx_word' id='word_1_16' title='bbox 993 407 1041 466; x_wconf 89' lang='lat' dir='ltr'><strong>Dei</strong></span> <span class='ocrx_word' id='word_1_17' title='bbox 1057 409 1149 467; x_wconf 78' lang='lat' dir='ltr'><strong>liilius</strong></span> <span class='ocrx_word' id='word_1_18' title='bbox 1163 425 1227 466; x_wconf 88' lang='lat' dir='ltr'><strong>esse</strong></span> <span class='ocrx_word' id='word_1_19' title='bbox 1242 405 1379 482; x_wconf 78' lang='lat' dir='ltr'>operibus</span> <span class='ocrx_word' id='word_1_20' title='bbox 1407 406 1615 465; x_wconf 88' lang='lat' dir='ltr'><strong>attestantibus</strong></span> <span class='ocrx_word' id='word_1_21' title='bbox 1630 406 1767 467; x_wconf 87' lang='lat' dir='ltr'><strong>innotuit.</strong></span> 
     </span>
    </p>
   </div>
   <div class='ocr_carea' id='block_1_2' title="bbox 60 497 1880 571">
    <p class='ocr_par' dir='ltr' id='par_1_2' title="bbox 60 497 1880 571">
     <span class='ocr_line' id='line_1_3' title="bbox 60 497 1880 571; baseline -0.002 -15"><span class='ocrx_word' id='word_1_22' title='bbox 60 498 381 567; x_wconf 76' lang='lat' dir='ltr'><strong>commendatouodsi</strong></span> <span class='ocrx_word' id='word_1_23' title='bbox 392 497 531 555; x_wconf 88' lang='lat' dir='ltr'><strong>salutatio</strong></span> <span class='ocrx_word' id='word_1_24' title='bbox 547 503 575 556; x_wconf 90' lang='lat' dir='ltr'><strong>et</strong></span> <span class='ocrx_word' id='word_1_25' title='bbox 587 497 893 556; x_wconf 87' lang='lat' dir='ltr'><strong>commendatiolalsi·</strong></span> <span class='ocrx_word' id='word_1_26' title='bbox 946 498 1151 555; x_wconf 85' lang='lat' dir='ltr'><strong>Hicestenim</strong></span> <span class='ocrx_word' id='word_1_27' title='bbox 1168 497 1441 571; x_wconf 86' lang='lat' dir='ltr'><strong>illeparvuslapis‚</strong></span> <span class='ocrx_word' id='word_1_28' title='bbox 1458 498 1508 570; x_wconf 90' lang='lat' dir='ltr'><strong>qui</strong></span> <span class='ocrx_word' id='word_1_29' title='bbox 1538 497 1652 554; x_wconf 84' lang='lat' dir='ltr'><strong>excisus</strong></span> <span class='ocrx_word' id='word_1_30' title='bbox 1675 500 1769 558; x_wconf 89' lang='lat' dir='ltr'><strong>estde</strong></span> <span class='ocrx_word' id='word_1_31' title='bbox 1872 538 1880 553; x_wconf 75' lang='lat'>.</span> 
     </span>
    </p>
   </div>
   <div class='ocr_carea' id='block_1_3' title="bbox 46 585 1785 5644">
    <p class='ocr_par' dir='ltr' id='par_1_3' title="bbox 46 585 1785 5644">
     <span class='ocr_line' id='line_1_4' title="bbox 59 585 1768 660; baseline -0.001 -15"><span class='ocrx_word' id='word_1_32' title='bbox 59 588 133 645; x_wconf 76' lang='lat' dir='ltr'><strong>tatis</strong></span> <span class='ocrx_word' id='word_1_33' title='bbox 148 591 202 655; x_wconf 87' lang='lat' dir='ltr'><strong>est,</strong></span> <span class='ocrx_word' id='word_1_34' title='bbox 213 587 435 656; x_wconf 87' lang='lat' dir='ltr'><strong>erubescamus,</strong></span> <span class='ocrx_word' id='word_1_35' title='bbox 448 586 738 658; x_wconf 78' lang='lat' dir='ltr'><strong>utcontradicamus3</strong></span> <span class='ocrx_word' id='word_1_36' title='bbox 751 591 779 643; x_wconf 91' lang='lat' dir='ltr'><strong>et</strong></span> <span class='ocrx_word' id='word_1_37' title='bbox 789 585 892 660; x_wconf 88' lang='lat' dir='ltr'><strong>quales</strong></span> <span class='ocrx_word' id='word_1_38' title='bbox 948 591 1046 643; x_wconf 90' lang='lat' dir='ltr'><strong>monte</strong></span> <span class='ocrx_word' id='word_1_39' title='bbox 1062 586 1281 656; x_wconf 88' lang='lat' dir='ltr'><strong>sinemanibus,</strong></span> <span class='ocrx_word' id='word_1_40' title='bbox 1298 592 1326 644; x_wconf 87' lang='lat' dir='ltr'><strong>et</strong></span> <span class='ocrx_word' id='word_1_41' title='bbox 1337 591 1439 660; x_wconf 88' lang='lat' dir='ltr'><strong>postea</strong></span> <span class='ocrx_word' id='word_1_42' title='bbox 1450 587 1575 643; x_wconf 79' lang='lat' dir='ltr'><strong>excrevit</strong></span> <span class='ocrx_word' id='word_1_43' title='bbox 1587 587 1617 642; x_wconf 91' lang='lat' dir='ltr'><strong>in</strong></span> <span class='ocrx_word' id='word_1_44' title='bbox 1627 603 1768 660; x_wconf 82' lang='lat' dir='ltr'><strong>maguum</strong></span> 
     </span>
     <span class='ocr_line' id='line_1_5' title="bbox 56 676 1770 753; baseline 0.001 -20"><span class='ocrx_word' id='word_1_45' title='bbox 56 677 267 753; x_wconf 63' lang='lat' dir='ltr'><strong>praedicamur,</strong></span> <span class='ocrx_word' id='word_1_46' title='bbox 279 693 343 733; x_wconf 86' lang='lat' dir='ltr'><strong>esse</strong></span> <span class='ocrx_word' id='word_1_47' title='bbox 351 677 536 733; x_wconf 84' lang='lat' dir='ltr'><strong>studeamus.</strong></span> <span class='ocrx_word' id='word_1_48' title='bbox 550 677 580 733; x_wconf 90' lang='lat' dir='ltr'><strong>Si</strong></span> <span class='ocrx_word' id='word_1_49' title='bbox 588 680 687 733; x_wconf 89' lang='lat' dir='ltr'><strong>autem</strong></span> <span class='ocrx_word' id='word_1_50' title='bbox 696 676 827 734; x_wconf 85' lang='lat' dir='ltr'><strong>veritatis</strong></span> <span class='ocrx_word' id='word_1_51' title='bbox 835 680 890 745; x_wconf 88' lang='lat' dir='ltr'><strong>est,</strong></span> <span class='ocrx_word' id='word_1_52' title='bbox 945 680 1133 740; x_wconf 74' lang='lat' dir='ltr'><strong>mentemst</strong></span> <span class='ocrx_word' id='word_1_53' title='bbox 1153 677 1306 749; x_wconf 90' lang='lat' dir='ltr'><strong>occupavit</strong></span> <span class='ocrx_word' id='word_1_54' title='bbox 1335 681 1431 733; x_wconf 88' lang='lat' dir='ltr'><strong>totum</strong></span> <span class='ocrx_word' id='word_1_55' title='bbox 1459 676 1559 732; x_wconf 91' lang='lat' dir='ltr'><strong>orbem</strong></span> <span class='ocrx_word' id='word_1_56' title='bbox 1586 677 1667 746; x_wconf 83' lang='lat' dir='ltr'><strong>(llou.</strong></span> <span class='ocrx_word' id='word_1_57' title='bbox 1681 676 1720 749; x_wconf 88' lang='grc' dir='ltr'><strong>ιι.)</strong></span> <span class='ocrx_word' id='word_1_58' title='bbox 1736 679 1770 734; x_wconf 78' lang='lat' dir='ltr'><strong>Et</strong></span> 
     </span>
     <span class='ocr_line' id='line_1_6' title="bbox 58 764 1768 839; baseline 0 -17"><span class='ocrx_word' id='word_1_59' title='bbox 58 764 122 833; x_wconf 76' lang='lat' dir='ltr'><strong>iren</strong></span> <span class='ocrx_word' id='word_1_60' title='bbox 136 765 214 839; x_wconf 89' lang='lat' dir='ltr'><strong>apud</strong></span> <span class='ocrx_word' id='word_1_61' title='bbox 227 783 284 835; x_wconf 79' lang='lat' dir='ltr'><strong>uos</strong></span> <span class='ocrx_word' id='word_1_62' title='bbox 296 766 452 839; x_wconf 67' lang='lat' dir='ltr'><strong>elevemur,</strong></span> <span class='ocrx_word' id='word_1_63' title='bbox 472 766 525 822; x_wconf 90' lang='lat' dir='ltr'><strong>sed</strong></span> <span class='ocrx_word' id='word_1_64' title='bbox 541 766 599 822; x_wconf 85' lang='lat' dir='ltr'><strong>Deo</strong></span> <span class='ocrx_word' id='word_1_65' title='bbox 612 769 716 834; x_wconf 88' lang='lat' dir='ltr'><strong>totum,</strong></span> <span class='ocrx_word' id='word_1_66' title='bbox 733 783 792 822; x_wconf 91' lang='lat' dir='ltr'><strong>non</strong></span> <span class='ocrx_word' id='word_1_67' title='bbox 806 765 891 823; x_wconf 90' lang='lat' dir='ltr'><strong>nobis</strong></span> <span class='ocrx_word' id='word_1_68' title='bbox 943 764 1021 822; x_wconf 79' lang='lat' dir='ltr'><strong>dubit</strong></span> <span class='ocrx_word' id='word_1_69' title='bbox 1036 767 1082 823; x_wconf 80' lang='lat' dir='ltr'><strong>illi</strong></span> <span class='ocrx_word' id='word_1_70' title='bbox 1096 767 1230 823; x_wconf 78' lang='lat' dir='ltr'><strong>Dominus</strong></span> <span class='ocrx_word' id='word_1_71' title='bbox 1246 770 1317 823; x_wconf 78' lang='lat' dir='ltr'><strong>Deus</strong></span> <span class='ocrx_word' id='word_1_72' title='bbox 1332 767 1421 823; x_wconf 79' lang='lat' dir='ltr'><strong>sedem</strong></span> <span class='ocrx_word' id='word_1_73' title='bbox 1436 766 1521 821; x_wconf 76' lang='lat' dir='ltr'><strong>bario</strong></span> <span class='ocrx_word' id='word_1_74' title='bbox 1547 766 1768 838; x_wconf 62' lang='lat' dir='ltr'><strong>patriminam</strong></span> 
     </span>
     <span class='ocr_line' id='line_1_7' title="bbox 60 853 1765 930; baseline -0.001 -19"><span class='ocrx_word' id='word_1_75' title='bbox 60 855 270 912; x_wconf 65' lang='lat' dir='ltr'><strong>attribuamus.</strong></span> <span class='ocrx_word' id='word_1_76' title='bbox 287 854 317 911; x_wconf 86' lang='lat' dir='ltr'><strong>Si</strong></span> <span class='ocrx_word' id='word_1_77' title='bbox 332 872 367 911; x_wconf 83' lang='lat' dir='ltr'><strong>ex</strong></span> <span class='ocrx_word' id='word_1_78' title='bbox 381 853 555 913; x_wconf 88' lang='lat' dir='ltr'><strong>adulatione</strong></span> <span class='ocrx_word' id='word_1_79' title='bbox 564 859 621 922; x_wconf 91' lang='lat' dir='ltr'><strong>est,</strong></span> <span class='ocrx_word' id='word_1_80' title='bbox 635 872 692 911; x_wconf 91' lang='lat' dir='ltr'><strong>non</strong></span> <span class='ocrx_word' id='word_1_81' title='bbox 704 854 889 927; x_wconf 89' lang='lat' dir='ltr'><strong>recipiamus,</strong></span> <span class='ocrx_word' id='word_1_82' title='bbox 944 853 1077 911; x_wconf 79' lang='lat' dir='ltr'><strong>videlicet</strong></span> <span class='ocrx_word' id='word_1_83' title='bbox 1091 856 1209 930; x_wconf 90' lang='lat' dir='ltr'><strong>populo.</strong></span> <span class='ocrx_word' id='word_1_84' title='bbox 1227 856 1257 911; x_wconf 92' lang='lat' dir='ltr'><strong>in</strong></span> <span class='ocrx_word' id='word_1_85' title='bbox 1274 873 1331 929; x_wconf 91' lang='lat' dir='ltr'><strong>quo</strong></span> <span class='ocrx_word' id='word_1_86' title='bbox 1348 856 1435 911; x_wconf 85' lang='lat' dir='ltr'><strong>David</strong></span> <span class='ocrx_word' id='word_1_87' title='bbox 1454 854 1584 927; x_wconf 83' lang='lat' dir='ltr'><strong>regnavit</strong></span> <span class='ocrx_word' id='word_1_88' title='bbox 1606 853 1765 928; x_wconf 84' lang='lat' dir='ltr'><strong>corporali·</strong></span> 
     </span>
     <span class='ocr_line' id='line_1_8' title="bbox 59 941 1766 1019; baseline 0 -17"><span class='ocrx_word' id='word_1_89' title='bbox 59 944 261 1017; x_wconf 80' lang='lat' dir='ltr'><strong>sedtanquam</strong></span> <span class='ocrx_word' id='word_1_90' title='bbox 272 941 430 1000; x_wconf 77' lang='lat' dir='ltr'><strong>falsitatem</strong></span> <span class='ocrx_word' id='word_1_91' title='bbox 440 944 641 1017; x_wconf 89' lang='lat' dir='ltr'><strong>repudiemus.</strong></span> <span class='ocrx_word' id='word_1_92' title='bbox 656 944 684 1000; x_wconf 90' lang='lat' dir='ltr'><strong>Si</strong></span> <span class='ocrx_word' id='word_1_93' title='bbox 696 961 761 1000; x_wconf 86' lang='lat' dir='ltr'><strong>vero</strong></span> <span class='ocrx_word' id='word_1_94' title='bbox 772 961 806 1000; x_wconf 83' lang='lat' dir='ltr'><strong>ex</strong></span> <span class='ocrx_word' id='word_1_95' title='bbox 814 961 891 1001; x_wconf 91' lang='lat' dir='ltr'><strong>amo·</strong></span> <span class='ocrx_word' id='word_1_96' title='bbox 944 945 989 999; x_wconf 90' lang='lat' dir='ltr'><strong>ter</strong></span> <span class='ocrx_word' id='word_1_97' title='bbox 1002 947 1031 1000; x_wconf 87' lang='lat' dir='ltr'><strong>et</strong></span> <span class='ocrx_word' id='word_1_98' title='bbox 1046 943 1256 1019; x_wconf 86' lang='lat' dir='ltr'><strong>temporaliter,</strong></span> <span class='ocrx_word' id='word_1_99' title='bbox 1281 946 1368 1003; x_wconf 84' lang='lat' dir='ltr'><strong>Jesus</strong></span> <span class='ocrx_word' id='word_1_100' title='bbox 1396 948 1497 1016; x_wconf 78' lang='lat' dir='ltr'><strong>regnet</strong></span> <span class='ocrx_word' id='word_1_101' title='bbox 1519 942 1713 1015; x_wconf 78' lang='lat' dir='ltr'><strong>spiritualiter</strong></span> <span class='ocrx_word' id='word_1_102' title='bbox 1736 947 1766 1002; x_wconf 82' lang='lat' dir='ltr'><strong>et</strong></span> 
     </span>
     <span class='ocr_line' id='line_1_9' title="bbox 58 1031 1762 1107; baseline -0.002 -16"><span class='ocrx_word' id='word_1_103' title='bbox 58 1048 103 1102; x_wconf 75' lang='lat' dir='ltr'><strong>rc,</strong></span> <span class='ocrx_word' id='word_1_104' title='bbox 119 1032 234 1100; x_wconf 79' lang='lat' dir='ltr'><strong>amicis,</strong></span> <span class='ocrx_word' id='word_1_105' title='bbox 250 1031 301 1105; x_wconf 90' lang='lat' dir='ltr'><strong>qui</strong></span> <span class='ocrx_word' id='word_1_106' title='bbox 315 1032 466 1105; x_wconf 75' lang='lat' dir='ltr'><strong>inJudicio</strong></span> <span class='ocrx_word' id='word_1_107' title='bbox 482 1033 522 1088; x_wconf 88' lang='lat' dir='ltr'><strong>rai</strong></span> <span class='ocrx_word' id='word_1_108' title='bbox 535 1036 638 1089; x_wconf 81' lang='lat' dir='ltr'><strong>amata</strong></span> <span class='ocrx_word' id='word_1_109' title='bbox 649 1032 889 1106; x_wconf 72' lang='lat' dir='ltr'><strong>seperabuntur,</strong></span> <span class='ocrx_word' id='word_1_110' title='bbox 944 1032 1128 1091; x_wconf 80' lang='lat' dir='ltr'><strong>eternaliter.</strong></span> <span class='ocrx_word' id='word_1_111' title='bbox 1145 1034 1359 1107; x_wconf 69' lang='lat' dir='ltr'><strong>strepentem</strong></span> <span class='ocrx_word' id='word_1_112' title='bbox 1375 1034 1451 1090; x_wconf 81' lang='lat' dir='ltr'><strong>docto</strong></span> <span class='ocrx_word' id='word_1_113' title='bbox 1465 1034 1545 1091; x_wconf 81' lang='lat' dir='ltr'><em>Jacob</em></span> <span class='ocrx_word' id='word_1_114' title='bbox 1563 1035 1594 1089; x_wconf 82' lang='lat' dir='ltr'><strong>ia</strong></span> <span class='ocrx_word' id='word_1_115' title='bbox 1617 1039 1762 1098; x_wconf 64' lang='lat' dir='ltr'><strong>ammom,</strong></span> 
     </span>
     <span class='ocr_line' id='line_1_10' title="bbox 57 1120 1764 1197; baseline -0.002 -16"><span class='ocrx_word' id='word_1_116' title='bbox 57 1136 122 1181; x_wconf 72' lang='lat' dir='ltr'><strong>mn</strong></span> <span class='ocrx_word' id='word_1_117' title='bbox 135 1121 256 1178; x_wconf 86' lang='lat' dir='ltr'><strong>omnino</strong></span> <span class='ocrx_word' id='word_1_118' title='bbox 272 1121 437 1178; x_wconf 84' lang='lat' dir='ltr'><strong>credamus.</strong></span> <span class='ocrx_word' id='word_1_119' title='bbox 450 1122 611 1177; x_wconf 74' lang='lat' dir='ltr'><strong>Turbatam</strong></span> <span class='ocrx_word' id='word_1_120' title='bbox 627 1121 716 1194; x_wconf 78' lang='lat' dir='ltr'><strong>igitur</strong></span> <span class='ocrx_word' id='word_1_121' title='bbox 728 1125 756 1178; x_wconf 91' lang='lat' dir='ltr'><strong>et</strong></span> <span class='ocrx_word' id='word_1_122' title='bbox 764 1121 891 1195; x_wconf 80' lang='lat' dir='ltr'><strong>cogitan-</strong></span> <span class='ocrx_word' id='word_1_123' title='bbox 941 1120 1030 1178; x_wconf 84' lang='lat' dir='ltr'><strong>idest</strong></span> <span class='ocrx_word' id='word_1_124' title='bbox 1044 1123 1074 1178; x_wconf 92' lang='lat' dir='ltr'><strong>in</strong></span> <span class='ocrx_word' id='word_1_125' title='bbox 1090 1123 1227 1190; x_wconf 79' lang='lat' dir='ltr'>Ecclesia,</span> <span class='ocrx_word' id='word_1_126' title='bbox 1244 1141 1306 1197; x_wconf 81' lang='lat' dir='ltr'><strong>qua</strong></span> <span class='ocrx_word' id='word_1_127' title='bbox 1334 1141 1386 1196; x_wconf 92' lang='lat' dir='ltr'><strong>per</strong></span> <span class='ocrx_word' id='word_1_128' title='bbox 1415 1123 1481 1179; x_wconf 82' lang='lat' dir='ltr'><strong>fidei</strong></span> <span class='ocrx_word' id='word_1_129' title='bbox 1508 1121 1703 1178; x_wconf 88' lang='lat' dir='ltr'><strong>imitationem</strong></span> <span class='ocrx_word' id='word_1_130' title='bbox 1726 1120 1764 1178; x_wconf 86' lang='lat' dir='ltr'><strong>ad</strong></span> 
     </span>
     <span class='ocr_line' id='line_1_11' title="bbox 58 1208 1764 1286; baseline -0.004 -14"><span class='ocrx_word' id='word_1_131' title='bbox 58 1213 122 1272; x_wconf 76' lang='lat' dir='ltr'><strong>ten</strong></span> <span class='ocrx_word' id='word_1_132' title='bbox 136 1209 254 1279; x_wconf 78' lang='lat' dir='ltr'><strong>hertam</strong></span> <span class='ocrx_word' id='word_1_133' title='bbox 269 1209 418 1284; x_wconf 76' lang='lat' dir='ltr'>Virginem</span> <span class='ocrx_word' id='word_1_134' title='bbox 430 1210 555 1286; x_wconf 77' lang='lat' dir='ltr'><strong>angelus</strong></span> <span class='ocrx_word' id='word_1_135' title='bbox 565 1211 655 1282; x_wconf 90' lang='lat' dir='ltr'><strong>(quod</strong></span> <span class='ocrx_word' id='word_1_136' title='bbox 667 1208 783 1283; x_wconf 89' lang='lat' dir='ltr'><strong>proprie</strong></span> <span class='ocrx_word' id='word_1_137' title='bbox 792 1211 891 1267; x_wconf 86' lang='lat' dir='ltr'><strong>estbo-</strong></span> <span class='ocrx_word' id='word_1_138' title='bbox 944 1211 1180 1283; x_wconf 86' lang='lat' dir='ltr'><strong>patriarcharum</strong></span> <span class='ocrx_word' id='word_1_139' title='bbox 1191 1213 1317 1286; x_wconf 77' lang='lat' dir='ltr'><strong>pertinet</strong></span> <span class='ocrx_word' id='word_1_140' title='bbox 1331 1217 1450 1280; x_wconf 81' lang='lat' dir='ltr'><strong>sortem,</strong></span> <span class='ocrx_word' id='word_1_141' title='bbox 1468 1214 1629 1280; x_wconf 88' lang='lat' dir='ltr'><strong>Sectemur,</strong></span> <span class='ocrx_word' id='word_1_142' title='bbox 1645 1210 1764 1279; x_wconf 84' lang='lat' dir='ltr'><strong>fratres,</strong></span> 
     </span>
     <span class='ocr_line' id='line_1_12' title="bbox 59 1297 1765 1374; baseline 0 -18"><span class='ocrx_word' id='word_1_143' title='bbox 59 1315 168 1370; x_wconf 72' lang='lat' dir='ltr'><strong>porum</strong></span> <span class='ocrx_word' id='word_1_144' title='bbox 178 1297 361 1372; x_wconf 84' lang='lat' dir='ltr'><strong>angelorum)</strong></span> <span class='ocrx_word' id='word_1_145' title='bbox 370 1298 529 1370; x_wconf 80' lang='lat' dir='ltr'><strong>confortat,</strong></span> <span class='ocrx_word' id='word_1_146' title='bbox 541 1304 579 1368; x_wconf 87' lang='lat' dir='ltr'><strong>et,</strong></span> <span class='ocrx_word' id='word_1_147' title='bbox 590 1298 892 1372; x_wconf 83' lang='lat' dir='ltr'><strong>quodmasimetimo-</strong></span> <span class='ocrx_word' id='word_1_148' title='bbox 943 1299 1032 1357; x_wconf 83' lang='lat' dir='ltr'><strong>fidem</strong></span> <span class='ocrx_word' id='word_1_149' title='bbox 1048 1301 1281 1374; x_wconf 87' lang='lat' dir='ltr'><strong>patriarcharum</strong></span> <span class='ocrx_word' id='word_1_150' title='bbox 1294 1320 1301 1370; x_wconf 87' lang='lat'>;</span> <span class='ocrx_word' id='word_1_151' title='bbox 1313 1303 1408 1359; x_wconf 91' lang='lat' dir='ltr'><strong>simus</strong></span> <span class='ocrx_word' id='word_1_152' title='bbox 1418 1302 1518 1372; x_wconf 80' lang='lat' dir='ltr'><strong>Jacob,</strong></span> <span class='ocrx_word' id='word_1_153' title='bbox 1531 1301 1560 1357; x_wconf 93' lang='lat' dir='ltr'><strong>id</strong></span> <span class='ocrx_word' id='word_1_154' title='bbox 1573 1305 1616 1357; x_wconf 90' lang='lat' dir='ltr'><strong>est</strong></span> <span class='ocrx_word' id='word_1_155' title='bbox 1627 1298 1765 1374; x_wconf 85' lang='lat' dir='ltr'><strong>supplau-</strong></span> 
     </span>
     <span class='ocr_line' id='line_1_13' title="bbox 56 1385 1764 1465; baseline -0.002 -17"><span class='ocrx_word' id='word_1_156' title='bbox 56 1385 241 1461; x_wconf 76' lang='lat' dir='ltr'><strong>asmpcllcre</strong></span> <span class='ocrx_word' id='word_1_157' title='bbox 252 1386 462 1459; x_wconf 88' lang='lat' dir='ltr'><strong>solet,proprio</strong></span> <span class='ocrx_word' id='word_1_158' title='bbox 476 1387 887 1446; x_wconf 88' lang='lat' dir='ltr'><strong>nominecamvocatdicens:</strong></span> <span class='ocrx_word' id='word_1_159' title='bbox 943 1392 1053 1446; x_wconf 81' lang='lat' dir='ltr'><strong>tutores</strong></span> <span class='ocrx_word' id='word_1_160' title='bbox 1068 1390 1224 1460; x_wconf 78' lang='lat' dir='ltr'><strong>vitiorum3</strong></span> <span class='ocrx_word' id='word_1_161' title='bbox 1243 1408 1299 1447; x_wconf 89' lang='lat' dir='ltr'><strong>non</strong></span> <span class='ocrx_word' id='word_1_162' title='bbox 1316 1395 1418 1465; x_wconf 81' lang='lat' dir='ltr'><strong>regnet</strong></span> <span class='ocrx_word' id='word_1_163' title='bbox 1437 1393 1588 1464; x_wconf 88' lang='lat' dir='ltr'><strong>peecatum</strong></span> <span class='ocrx_word' id='word_1_164' title='bbox 1612 1388 1643 1445; x_wconf 88' lang='lat' dir='ltr'><strong>in</strong></span> <span class='ocrx_word' id='word_1_165' title='bbox 1665 1391 1764 1446; x_wconf 89' lang='lat' dir='ltr'><strong>nostro</strong></span> 
     </span>
     <span class='ocr_line' id='line_1_14' title="bbox 58 1474 1765 1553; baseline 0.001 -18"><span class='ocrx_word' id='word_1_166' title='bbox 58 1475 208 1541; x_wconf 65' lang='lat' dir='ltr'><strong>{tcum</strong></span> <span class='ocrx_word' id='word_1_167' title='bbox 223 1474 322 1545; x_wconf 75' lang='lat' dir='ltr'><strong>lluriu.</strong></span> <span class='ocrx_word' id='word_1_168' title='bbox 347 1475 383 1530; x_wconf 71' lang='lat' dir='ltr'><strong>Et</strong></span> <span class='ocrx_word' id='word_1_169' title='bbox 411 1491 501 1547; x_wconf 85' lang='lat' dir='ltr'><strong>quare</strong></span> <span class='ocrx_word' id='word_1_170' title='bbox 525 1492 581 1533; x_wconf 90' lang='lat' dir='ltr'><strong>uon</strong></span> <span class='ocrx_word' id='word_1_171' title='bbox 606 1477 645 1532; x_wconf 87' lang='lat' dir='ltr'><strong>sit</strong></span> <span class='ocrx_word' id='word_1_172' title='bbox 669 1476 694 1532; x_wconf 91' lang='lat' dir='ltr'><strong>ei</strong></span> <span class='ocrx_word' id='word_1_173' title='bbox 710 1478 888 1546; x_wconf 78' lang='lat' dir='ltr'><strong>tumendum,</strong></span> <span class='ocrx_word' id='word_1_174' title='bbox 944 1477 1060 1534; x_wconf 77' lang='lat' dir='ltr'><strong>mortali</strong></span> <span class='ocrx_word' id='word_1_175' title='bbox 1077 1495 1206 1552; x_wconf 89' lang='lat' dir='ltr'><strong>corpore,</strong></span> <span class='ocrx_word' id='word_1_176' title='bbox 1228 1484 1257 1536; x_wconf 90' lang='lat' dir='ltr'><strong>et</strong></span> <span class='ocrx_word' id='word_1_177' title='bbox 1279 1480 1412 1553; x_wconf 83' lang='lat' dir='ltr'><strong>reguabit</strong></span> <span class='ocrx_word' id='word_1_178' title='bbox 1426 1480 1513 1537; x_wconf 86' lang='lat' dir='ltr'><strong>Jesus</strong></span> <span class='ocrx_word' id='word_1_179' title='bbox 1536 1479 1565 1533; x_wconf 93' lang='lat' dir='ltr'><strong>in</strong></span> <span class='ocrx_word' id='word_1_180' title='bbox 1589 1477 1765 1535; x_wconf 88' lang='lat' dir='ltr'><strong>nobis.«1u</strong></span> 
     </span>
     <span class='ocr_line' id='line_1_15' title="bbox 57 1563 1766 1640; baseline 0.002 -18"><span class='ocrx_word' id='word_1_181' title='bbox 57 1563 123 1628; x_wconf 73' lang='lat' dir='ltr'><strong>ime</strong></span> <span class='ocrx_word' id='word_1_182' title='bbox 132 1564 231 1637; x_wconf 78' lang='lat' dir='ltr'><strong>polius</strong></span> <span class='ocrx_word' id='word_1_183' title='bbox 240 1564 444 1638; x_wconf 80' lang='lat' dir='ltr'><strong>gaudendum,</strong></span> <span class='ocrx_word' id='word_1_184' title='bbox 453 1565 606 1637; x_wconf 80' lang='lat' dir='ltr'><strong>subjunxit</strong></span> <span class='ocrx_word' id='word_1_185' title='bbox 615 1583 622 1621; x_wconf 77' lang='grc' dir='ltr'><strong>ι</strong></span> <span class='ocrx_word' id='word_1_186' title='bbox 631 1567 763 1622; x_wconf 71' lang='lat' dir='ltr'><strong>intentati</strong></span> <span class='ocrx_word' id='word_1_187' title='bbox 771 1567 891 1636; x_wconf 69' lang='lat' dir='ltr'><strong>predum</strong></span> <span class='ocrx_word' id='word_1_188' title='bbox 941 1567 1115 1625; x_wconf 85' lang='lat' dir='ltr'><strong>malevolam</strong></span> <span class='ocrx_word' id='word_1_189' title='bbox 1132 1568 1210 1624; x_wconf 88' lang='lat' dir='ltr'><strong>enim</strong></span> <span class='ocrx_word' id='word_1_190' title='bbox 1226 1568 1355 1625; x_wconf 88' lang='lat' dir='ltr'><strong>animam</strong></span> <span class='ocrx_word' id='word_1_191' title='bbox 1366 1585 1425 1625; x_wconf 90' lang='lat' dir='ltr'><strong>non</strong></span> <span class='ocrx_word' id='word_1_192' title='bbox 1436 1568 1557 1624; x_wconf 91' lang='lat' dir='ltr'><strong>intrabit</strong></span> <span class='ocrx_word' id='word_1_193' title='bbox 1571 1567 1725 1640; x_wconf 87' lang='lat' dir='ltr'><strong>sapientia,</strong></span> <span class='ocrx_word' id='word_1_194' title='bbox 1737 1571 1766 1626; x_wconf 83' lang='lat' dir='ltr'><strong>et</strong></span> 
     </span>
     <span class='ocr_line' id='line_1_16' title="bbox 56 1652 1765 1729; baseline -0.003 -17"><span class='ocrx_word' id='word_1_195' title='bbox 56 1653 135 1728; x_wconf 70' lang='lat' dir='ltr'><strong>apud</strong></span> <span class='ocrx_word' id='word_1_196' title='bbox 147 1654 243 1712; x_wconf 68' lang='lat' dir='ltr'><strong>oeae</strong></span> <span class='ocrx_word' id='word_1_197' title='bbox 258 1655 298 1710; x_wconf 82' lang='lat' dir='ltr'><strong>Ae</strong></span> <span class='ocrx_word' id='word_1_198' title='bbox 313 1652 338 1710; x_wconf 94' lang='lat' dir='ltr'><strong>si</strong></span> <span class='ocrx_word' id='word_1_199' title='bbox 353 1658 451 1727; x_wconf 87' lang='lat' dir='ltr'><strong>aperte</strong></span> <span class='ocrx_word' id='word_1_200' title='bbox 465 1654 543 1710; x_wconf 87' lang='lat' dir='ltr'><strong>dicat</strong></span> <span class='ocrx_word' id='word_1_201' title='bbox 559 1671 566 1710; x_wconf 89' lang='lat'>:</span> <span class='ocrx_word' id='word_1_202' title='bbox 586 1654 663 1721; x_wconf 86' lang='lat' dir='ltr'><strong>Quia</strong></span> <span class='ocrx_word' id='word_1_203' title='bbox 680 1654 749 1721; x_wconf 90' lang='lat' dir='ltr'><strong>Deo,</strong></span> <span class='ocrx_word' id='word_1_204' title='bbox 765 1672 822 1711; x_wconf 89' lang='lat' dir='ltr'><strong>non</strong></span> <span class='ocrx_word' id='word_1_205' title='bbox 838 1654 889 1712; x_wconf 92' lang='lat' dir='ltr'><strong>ho·</strong></span> <span class='ocrx_word' id='word_1_206' title='bbox 944 1672 1003 1712; x_wconf 87' lang='lat' dir='ltr'><strong>nou</strong></span> <span class='ocrx_word' id='word_1_207' title='bbox 1017 1655 1163 1713; x_wconf 83' lang='lat' dir='ltr'><strong>habitabit</strong></span> <span class='ocrx_word' id='word_1_208' title='bbox 1176 1657 1207 1711; x_wconf 90' lang='lat' dir='ltr'><strong>in</strong></span> <span class='ocrx_word' id='word_1_209' title='bbox 1223 1673 1342 1729; x_wconf 88' lang='lat' dir='ltr'><strong>corpore</strong></span> <span class='ocrx_word' id='word_1_210' title='bbox 1352 1657 1470 1713; x_wconf 85' lang='lat' dir='ltr'><strong>subdito</strong></span> <span class='ocrx_word' id='word_1_211' title='bbox 1481 1655 1607 1728; x_wconf 88' lang='lat' dir='ltr'><strong>peccatis</strong></span> <span class='ocrx_word' id='word_1_212' title='bbox 1622 1656 1695 1729; x_wconf 84' lang='lat' dir='ltr'><strong>(Sap.</strong></span> <span class='ocrx_word' id='word_1_213' title='bbox 1708 1658 1739 1726; x_wconf 86' lang='lat'><strong>1.)</strong></span> <span class='ocrx_word' id='word_1_214' title='bbox 1750 1678 1765 1708; x_wconf 88' lang='lat'>»</span> 
     </span>
     <span class='ocr_line' id='line_1_17' title="bbox 56 1742 1765 1849; baseline -0.001 -46"><span class='ocrx_word' id='word_1_215' title='bbox 56 1742 194 1807; x_wconf 68' lang='lat' dir='ltr'><strong>nisibin</strong></span> <span class='ocrx_word' id='word_1_216' title='bbox 209 1743 323 1817; x_wconf 79' lang='lat' dir='ltr'><strong>plaeere</strong></span> <span class='ocrx_word' id='word_1_217' title='bbox 338 1743 522 1802; x_wconf 77' lang='lat' dir='ltr'><strong>desiderasti.</strong></span> <span class='ocrx_word' id='word_1_218' title='bbox 548 1745 626 1818; x_wconf 90' lang='lat' dir='ltr'><strong>apud</strong></span> <span class='ocrx_word' id='word_1_219' title='bbox 644 1745 738 1801; x_wconf 88' lang='lat' dir='ltr'><strong>Deum</strong></span> <span class='ocrx_word' id='word_1_220' title='bbox 764 1745 890 1818; x_wconf 83' lang='lat' dir='ltr'><strong>gratiam</strong></span> <span class='ocrx_word' id='word_1_221' title='bbox 905 1745 977 1849; x_wconf 75' lang='lat' dir='ltr'><strong>B-Et</strong></span> <span class='ocrx_word' id='word_1_222' title='bbox 990 1748 1080 1815; x_wconf 69' lang='lat' dir='ltr'><strong>remu,</strong></span> <span class='ocrx_word' id='word_1_223' title='bbox 1095 1746 1202 1818; x_wconf 92' lang='lat' dir='ltr'><strong>inquit,</strong></span> <span class='ocrx_word' id='word_1_224' title='bbox 1216 1746 1275 1818; x_wconf 82' lang='lat' dir='ltr'><strong>ejus</strong></span> <span class='ocrx_word' id='word_1_225' title='bbox 1293 1761 1349 1802; x_wconf 82' lang='lat' dir='ltr'><strong>noo</strong></span> <span class='ocrx_word' id='word_1_226' title='bbox 1363 1748 1416 1803; x_wconf 85' lang='lat' dir='ltr'><strong>erit</strong></span> <span class='ocrx_word' id='word_1_227' title='bbox 1428 1747 1503 1818; x_wconf 69' lang='lat' dir='ltr'><strong>fieb.</strong></span> <span class='ocrx_word' id='word_1_228' title='bbox 1529 1745 1592 1802; x_wconf 89' lang='lat' dir='ltr'><strong>Non</strong></span> <span class='ocrx_word' id='word_1_229' title='bbox 1615 1745 1670 1803; x_wconf 90' lang='lat' dir='ltr'><strong>erit</strong></span> <span class='ocrx_word' id='word_1_230' title='bbox 1697 1745 1765 1802; x_wconf 87' lang='lat' dir='ltr'><strong>fluis</strong></span> 
     </span>
     <span class='ocr_line' id='line_1_18' title="bbox 58 1830 1763 1908; baseline -0.001 -15"><span class='ocrx_word' id='word_1_231' title='bbox 58 1830 207 1894; x_wconf 58' lang='lat' dir='ltr'><strong>memoli.</strong></span> <span class='ocrx_word' id='word_1_232' title='bbox 224 1832 285 1899; x_wconf 62' lang='lat' dir='ltr'><strong>,Oui</strong></span> <span class='ocrx_word' id='word_1_233' title='bbox 313 1832 484 1889; x_wconf 89' lang='lat' dir='ltr'><strong>bominibus</strong></span> <span class='ocrx_word' id='word_1_234' title='bbox 513 1832 639 1906; x_wconf 86' lang='lat' dir='ltr'><strong>placent,</strong></span> <span class='ocrx_word' id='word_1_235' title='bbox 672 1833 786 1890; x_wconf 82' lang='lat' dir='ltr'><strong>confusi</strong></span> <span class='ocrx_word' id='word_1_236' title='bbox 807 1837 904 1902; x_wconf 75' lang='lat' dir='ltr'><strong>sunt,</strong></span> <span class='ocrx_word' id='word_1_237' title='bbox 944 1834 1097 1906; x_wconf 86' lang='lat' dir='ltr'><strong>potestatis</strong></span> <span class='ocrx_word' id='word_1_238' title='bbox 1121 1838 1150 1890; x_wconf 89' lang='lat' dir='ltr'><strong>et</strong></span> <span class='ocrx_word' id='word_1_239' title='bbox 1176 1833 1285 1908; x_wconf 80' lang='lat' dir='ltr'><strong>glories,</strong></span> <span class='ocrx_word' id='word_1_240' title='bbox 1315 1852 1373 1891; x_wconf 91' lang='lat' dir='ltr'><strong>non</strong></span> <span class='ocrx_word' id='word_1_241' title='bbox 1400 1834 1537 1891; x_wconf 87' lang='lat' dir='ltr'><strong>eritlinis</strong></span> <span class='ocrx_word' id='word_1_242' title='bbox 1565 1835 1763 1908; x_wconf 75' lang='lat' dir='ltr'><strong>premiorum.</strong></span> 
     </span>
     <span class='ocr_line' id='line_1_19' title="bbox 58 1921 1764 1998; baseline 0.001 -20"><span class='ocrx_word' id='word_1_243' title='bbox 58 1922 200 1995; x_wconf 85' lang='lat' dir='ltr'><strong>quoniam</strong></span> <span class='ocrx_word' id='word_1_244' title='bbox 211 1922 289 1978; x_wconf 90' lang='lat' dir='ltr'><strong>Deus</strong></span> <span class='ocrx_word' id='word_1_245' title='bbox 301 1921 410 1995; x_wconf 81' lang='lat' dir='ltr'><strong>sprevit</strong></span> <span class='ocrx_word' id='word_1_246' title='bbox 422 1938 481 1978; x_wconf 89' lang='lat' dir='ltr'><strong>eos.</strong></span> <span class='ocrx_word' id='word_1_247' title='bbox 489 1922 571 1979; x_wconf 84' lang='lat' dir='ltr'><strong>Unde</strong></span> <span class='ocrx_word' id='word_1_248' title='bbox 581 1921 741 1995; x_wconf 86' lang='lat' dir='ltr'><strong>Apostolus</strong></span> <span class='ocrx_word' id='word_1_249' title='bbox 754 1939 761 1977; x_wconf 91' lang='lat'>:</span> <span class='ocrx_word' id='word_1_250' title='bbox 775 1945 788 1974; x_wconf 77' lang='lat' dir='ltr'><strong>o</strong></span> <span class='ocrx_word' id='word_1_251' title='bbox 799 1921 828 1979; x_wconf 93' lang='lat' dir='ltr'><strong>Si</strong></span> <span class='ocrx_word' id='word_1_252' title='bbox 840 1923 889 1978; x_wconf 90' lang='lat' dir='ltr'><strong>ad·</strong></span> <span class='ocrx_word' id='word_1_253' title='bbox 937 1923 1063 1991; x_wconf 71' lang='lat' dir='ltr'><strong>Quarto,</strong></span> <span class='ocrx_word' id='word_1_254' title='bbox 1075 1925 1215 1996; x_wconf 77' lang='lat' dir='ltr'><strong>querenti</strong></span> <span class='ocrx_word' id='word_1_255' title='bbox 1226 1925 1357 1990; x_wconf 87' lang='lat' dir='ltr'><strong>modum,</strong></span> <span class='ocrx_word' id='word_1_256' title='bbox 1368 1923 1492 1998; x_wconf 80' lang='lat' dir='ltr'><strong>angelus</strong></span> <span class='ocrx_word' id='word_1_257' title='bbox 1501 1923 1764 1981; x_wconf 71' lang='lat' dir='ltr'><strong>determinabilem</strong></span> 
     </span>
     <span class='ocr_line' id='line_1_20' title="bbox 60 2009 1764 2089; baseline 0.001 -21"><span class='ocrx_word' id='word_1_258' title='bbox 60 2009 888 2085; x_wconf 85' lang='lat' dir='ltr'><strong>huc,inquit,hominibusplacerem,Christiservusuon</strong></span> <span class='ocrx_word' id='word_1_259' title='bbox 939 2011 1022 2069; x_wconf 77' lang='lat' dir='ltr'><strong>enim</strong></span> <span class='ocrx_word' id='word_1_260' title='bbox 1037 2012 1123 2068; x_wconf 86' lang='lat' dir='ltr'><strong>beata</strong></span> <span class='ocrx_word' id='word_1_261' title='bbox 1138 2012 1226 2086; x_wconf 82' lang='lat' dir='ltr'><strong>Virgo</strong></span> <span class='ocrx_word' id='word_1_262' title='bbox 1240 2012 1487 2085; x_wconf 86' lang='lat' dir='ltr'><strong>promissionibus</strong></span> <span class='ocrx_word' id='word_1_263' title='bbox 1516 2013 1656 2089; x_wconf 74' lang='lat' dir='ltr'><strong>angelicis</strong></span> <span class='ocrx_word' id='word_1_264' title='bbox 1675 2013 1764 2070; x_wconf 79' lang='lat' dir='ltr'><strong>fidem</strong></span> 
     </span>
     <span class='ocr_line' id='line_1_21' title="bbox 60 2098 1762 2175; baseline 0.001 -17"><span class='ocrx_word' id='word_1_265' title='bbox 60 2115 157 2160; x_wconf 83' lang='lat' dir='ltr'><strong>essem</strong></span> <span class='ocrx_word' id='word_1_266' title='bbox 172 2099 245 2170; x_wconf 75' lang='lat' dir='ltr'><strong>(tat.</strong></span> <span class='ocrx_word' id='word_1_267' title='bbox 256 2102 287 2169; x_wconf 90' lang='grc' dir='ltr'><strong>ι.)</strong></span> <span class='ocrx_word' id='word_1_268' title='bbox 305 2121 319 2150; x_wconf 87' lang='lat'>»</span> <span class='ocrx_word' id='word_1_269' title='bbox 331 2099 412 2156; x_wconf 85' lang='lat' dir='ltr'><strong>lleul</strong></span> <span class='ocrx_word' id='word_1_270' title='bbox 426 2116 517 2173; x_wconf 85' lang='lat' dir='ltr'><strong>quam</strong></span> <span class='ocrx_word' id='word_1_271' title='bbox 533 2098 599 2156; x_wconf 85' lang='lat' dir='ltr'><strong>vani</strong></span> <span class='ocrx_word' id='word_1_272' title='bbox 617 2103 690 2156; x_wconf 90' lang='lat' dir='ltr'><strong>sunt</strong></span> <span class='ocrx_word' id='word_1_273' title='bbox 710 2099 753 2155; x_wconf 90' lang='lat' dir='ltr'><strong>illi</strong></span> <span class='ocrx_word' id='word_1_274' title='bbox 778 2099 889 2173; x_wconf 88' lang='lat' dir='ltr'><strong>quito·</strong></span> <span class='ocrx_word' id='word_1_275' title='bbox 943 2100 1104 2169; x_wconf 85' lang='lat' dir='ltr'><strong>adhiberet,</strong></span> <span class='ocrx_word' id='word_1_276' title='bbox 1135 2102 1171 2158; x_wconf 87' lang='lat' dir='ltr'><strong>de</strong></span> <span class='ocrx_word' id='word_1_277' title='bbox 1200 2102 1286 2159; x_wconf 88' lang='lat' dir='ltr'><strong>modo</strong></span> <span class='ocrx_word' id='word_1_278' title='bbox 1314 2101 1532 2175; x_wconf 72' lang='lat' dir='ltr'><strong>adimpletionis</strong></span> <span class='ocrx_word' id='word_1_279' title='bbox 1558 2102 1696 2159; x_wconf 86' lang='lat' dir='ltr'><strong>dubitans</strong></span> <span class='ocrx_word' id='word_1_280' title='bbox 1711 2102 1762 2160; x_wconf 85' lang='lat' dir='ltr'><strong>ait.</strong></span> 
     </span>
     <span class='ocr_line' id='line_1_22' title="bbox 57 2188 1764 2263; baseline -0.001 -14"><span class='ocrx_word' id='word_1_281' title='bbox 57 2192 123 2257; x_wconf 62' lang='lat' dir='ltr'><strong>hm</strong></span> <span class='ocrx_word' id='word_1_282' title='bbox 135 2188 237 2257; x_wconf 77' lang='lat' dir='ltr'><strong>mum,</strong></span> <span class='ocrx_word' id='word_1_283' title='bbox 246 2204 354 2261; x_wconf 78' lang='lat' dir='ltr'><strong>carpus</strong></span> <span class='ocrx_word' id='word_1_284' title='bbox 364 2189 532 2246; x_wconf 88' lang='lat' dir='ltr'><strong>etanimam</strong></span> <span class='ocrx_word' id='word_1_285' title='bbox 545 2189 816 2262; x_wconf 86' lang='lat' dir='ltr'><strong>suam,expendunt</strong></span> <span class='ocrx_word' id='word_1_286' title='bbox 826 2206 890 2262; x_wconf 92' lang='lat' dir='ltr'><strong>pro·</strong></span> <span class='ocrx_word' id='word_1_287' title='bbox 944 2192 1084 2263; x_wconf 81' lang='lat' dir='ltr'><strong>Quomopo</strong></span> <span class='ocrx_word' id='word_1_288' title='bbox 1097 2191 1143 2262; x_wconf 75' lang='lat' dir='ltr'><strong>fiet</strong></span> <span class='ocrx_word' id='word_1_289' title='bbox 1157 2192 1234 2258; x_wconf 74' lang='lat' dir='ltr'><strong>istm,</strong></span> <span class='ocrx_word' id='word_1_290' title='bbox 1249 2193 1382 2263; x_wconf 82' lang='lat' dir='ltr'><strong>quonium</strong></span> <span class='ocrx_word' id='word_1_291' title='bbox 1397 2192 1489 2247; x_wconf 84' lang='lat' dir='ltr'><strong>virum</strong></span> <span class='ocrx_word' id='word_1_292' title='bbox 1504 2208 1558 2247; x_wconf 84' lang='lat' dir='ltr'><strong>noo</strong></span> <span class='ocrx_word' id='word_1_293' title='bbox 1573 2207 1702 2261; x_wconf 80' lang='lat' dir='ltr'><strong>copoosco</strong></span> <span class='ocrx_word' id='word_1_294' title='bbox 1711 2194 1725 2248; x_wconf 73' lang='lat' dir='ltr'><strong>i</strong></span> <span class='ocrx_word' id='word_1_295' title='bbox 1734 2191 1764 2248; x_wconf 89' lang='lat' dir='ltr'><strong>id</strong></span> 
     </span>
     <span class='ocr_line' id='line_1_23' title="bbox 57 2276 1765 2365; baseline 0.001 -29"><span class='ocrx_word' id='word_1_296' title='bbox 57 2282 128 2365; x_wconf 71' lang='lat' dir='ltr'><strong>pter</strong></span> <span class='ocrx_word' id='word_1_297' title='bbox 141 2278 329 2349; x_wconf 69' lang='lat' dir='ltr'><strong>emerendam</strong></span> <span class='ocrx_word' id='word_1_298' title='bbox 341 2278 458 2334; x_wconf 88' lang='lat' dir='ltr'><strong>inanem</strong></span> <span class='ocrx_word' id='word_1_299' title='bbox 470 2276 636 2350; x_wconf 89' lang='lat' dir='ltr'><strong>principum</strong></span> <span class='ocrx_word' id='word_1_300' title='bbox 650 2277 818 2334; x_wconf 82' lang='lat' dir='ltr'><strong>mortalium</strong></span> <span class='ocrx_word' id='word_1_301' title='bbox 829 2277 890 2352; x_wconf 79' lang='lat' dir='ltr'><strong>glo·</strong></span> <span class='ocrx_word' id='word_1_302' title='bbox 943 2284 988 2337; x_wconf 89' lang='lat' dir='ltr'><strong>eet</strong></span> <span class='ocrx_word' id='word_1_303' title='bbox 1000 2296 1047 2336; x_wconf 88' lang='lat' dir='ltr'><strong>mo</strong></span> <span class='ocrx_word' id='word_1_304' title='bbox 1062 2296 1120 2336; x_wconf 91' lang='lat' dir='ltr'><strong>non</strong></span> <span class='ocrx_word' id='word_1_305' title='bbox 1136 2279 1320 2352; x_wconf 83' lang='lat' dir='ltr'><strong>cognituram</strong></span> <span class='ocrx_word' id='word_1_306' title='bbox 1337 2281 1485 2353; x_wconf 89' lang='lat' dir='ltr'><strong>proposui.</strong></span> <span class='ocrx_word' id='word_1_307' title='bbox 1499 2280 1579 2337; x_wconf 83' lang='lat' dir='ltr'><strong>Alias</strong></span> <span class='ocrx_word' id='word_1_308' title='bbox 1607 2297 1696 2352; x_wconf 89' lang='lat' dir='ltr'><strong>super</strong></span> <span class='ocrx_word' id='word_1_309' title='bbox 1709 2279 1765 2337; x_wconf 89' lang='lat' dir='ltr'><strong>hoo</strong></span> 
     </span>
     <span class='ocr_line' id='line_1_24' title="bbox 58 2365 1765 2443; baseline 0.001 -20"><span class='ocrx_word' id='word_1_310' title='bbox 58 2366 256 2443; x_wconf 60' lang='lat' dir='ltr'><strong>ptumum</strong></span> <span class='ocrx_word' id='word_1_311' title='bbox 271 2367 318 2423; x_wconf 81' lang='lat' dir='ltr'><strong>rix</strong></span> <span class='ocrx_word' id='word_1_312' title='bbox 330 2366 437 2423; x_wconf 85' lang='lat' dir='ltr'><strong>babere</strong></span> <span class='ocrx_word' id='word_1_313' title='bbox 453 2371 588 2440; x_wconf 85' lang='lat' dir='ltr'><strong>possunt,</strong></span> <span class='ocrx_word' id='word_1_314' title='bbox 604 2365 736 2423; x_wconf 86' lang='lat' dir='ltr'><strong>habitam</strong></span> <span class='ocrx_word' id='word_1_315' title='bbox 757 2367 889 2440; x_wconf 88' lang='lat' dir='ltr'><strong>citoper·</strong></span> <span class='ocrx_word' id='word_1_316' title='bbox 944 2368 1078 2426; x_wconf 88' lang='lat' dir='ltr'><strong>dubitare</strong></span> <span class='ocrx_word' id='word_1_317' title='bbox 1094 2385 1151 2425; x_wconf 90' lang='lat' dir='ltr'><strong>non</strong></span> <span class='ocrx_word' id='word_1_318' title='bbox 1167 2368 1294 2435; x_wconf 82' lang='lat' dir='ltr'><strong>deberet,</strong></span> <span class='ocrx_word' id='word_1_319' title='bbox 1319 2372 1418 2441; x_wconf 88' lang='lat' dir='ltr'><strong>utpote</strong></span> <span class='ocrx_word' id='word_1_320' title='bbox 1433 2385 1496 2440; x_wconf 82' lang='lat' dir='ltr'><strong>que</strong></span> <span class='ocrx_word' id='word_1_321' title='bbox 1513 2370 1548 2426; x_wconf 94' lang='lat' dir='ltr'><strong>de</strong></span> <span class='ocrx_word' id='word_1_322' title='bbox 1574 2385 1685 2441; x_wconf 87' lang='lat' dir='ltr'><strong>sponso</strong></span> <span class='ocrx_word' id='word_1_323' title='bbox 1711 2385 1765 2426; x_wconf 91' lang='lat' dir='ltr'><strong>suo</strong></span> 
     </span>
     <span class='ocr_line' id='line_1_25' title="bbox 56 2453 1765 2531; baseline 0.001 -18"><span class='ocrx_word' id='word_1_324' title='bbox 56 2453 258 2529; x_wconf 65' lang='lat' dir='ltr'><strong>ductionem</strong></span> <span class='ocrx_word' id='word_1_325' title='bbox 268 2454 383 2513; x_wconf 64' lang='lat' dir='ltr'><strong>belliue</strong></span> <span class='ocrx_word' id='word_1_326' title='bbox 393 2455 650 2529; x_wconf 86' lang='lat' dir='ltr'><strong>possentinvenire</strong></span> <span class='ocrx_word' id='word_1_327' title='bbox 661 2472 758 2512; x_wconf 86' lang='lat' dir='ltr'><strong>veram</strong></span> <span class='ocrx_word' id='word_1_328' title='bbox 768 2459 798 2512; x_wconf 90' lang='lat' dir='ltr'><strong>et</strong></span> <span class='ocrx_word' id='word_1_329' title='bbox 807 2460 888 2515; x_wconf 84' lang='lat' dir='ltr'><strong>ater·</strong></span> <span class='ocrx_word' id='word_1_330' title='bbox 937 2457 1095 2530; x_wconf 82' lang='lat' dir='ltr'><strong>coneipere</strong></span> <span class='ocrx_word' id='word_1_331' title='bbox 1106 2461 1213 2529; x_wconf 87' lang='lat' dir='ltr'><strong>posset.</strong></span> <span class='ocrx_word' id='word_1_332' title='bbox 1224 2457 1344 2514; x_wconf 88' lang='lat' dir='ltr'><strong>Modum</strong></span> <span class='ocrx_word' id='word_1_333' title='bbox 1354 2474 1422 2529; x_wconf 82' lang='lat' dir='ltr'><strong>ergo</strong></span> <span class='ocrx_word' id='word_1_334' title='bbox 1436 2457 1633 2518; x_wconf 85' lang='lat' dir='ltr'><strong>determinans</strong></span> <span class='ocrx_word' id='word_1_335' title='bbox 1644 2456 1765 2531; x_wconf 85' lang='lat' dir='ltr'><strong>angelus</strong></span> 
     </span>
     <span class='ocr_line' id='line_1_26' title="bbox 58 2534 1765 2627; baseline 0.002 -27"><span class='ocrx_word' id='word_1_336' title='bbox 58 2534 135 2617; x_wconf 64' lang='lat' dir='ltr'><strong>pem</strong></span> <span class='ocrx_word' id='word_1_337' title='bbox 148 2544 273 2627; x_wconf 55' lang='lat' dir='ltr'><strong>§ouum</strong></span> <span class='ocrx_word' id='word_1_338' title='bbox 285 2545 367 2619; x_wconf 75' lang='lat' dir='ltr'><strong>apud</strong></span> <span class='ocrx_word' id='word_1_339' title='bbox 380 2544 492 2601; x_wconf 79' lang='lat' dir='ltr'><strong>licum!</strong></span> <span class='ocrx_word' id='word_1_340' title='bbox 944 2546 985 2606; x_wconf 90' lang='lat' dir='ltr'><strong>ait</strong></span> <span class='ocrx_word' id='word_1_341' title='bbox 1000 2562 1007 2601; x_wconf 77' lang='grc' dir='ltr'><strong>ι</strong></span> <span class='ocrx_word' id='word_1_342' title='bbox 1024 2547 1144 2620; x_wconf 70' lang='lat' dir='ltr'><strong>Spiritus</strong></span> <span class='ocrx_word' id='word_1_343' title='bbox 1157 2554 1268 2603; x_wconf 79' lang='lat' dir='ltr'><strong>sanctos</strong></span> <span class='ocrx_word' id='word_1_344' title='bbox 1282 2549 1453 2619; x_wconf 81' lang='lat' dir='ltr'><strong>superveniet</strong></span> <span class='ocrx_word' id='word_1_345' title='bbox 1467 2550 1497 2604; x_wconf 83' lang='lat' dir='ltr'><strong>in</strong></span> <span class='ocrx_word' id='word_1_346' title='bbox 1512 2554 1546 2604; x_wconf 84' lang='lat' dir='ltr'><strong>tc.</strong></span> <span class='ocrx_word' id='word_1_347' title='bbox 1573 2550 1610 2602; x_wconf 76' lang='lat' dir='ltr'><strong>tc</strong></span> <span class='ocrx_word' id='word_1_348' title='bbox 1626 2546 1651 2603; x_wconf 90' lang='lat' dir='ltr'><strong>si</strong></span> <span class='ocrx_word' id='word_1_349' title='bbox 1667 2551 1765 2621; x_wconf 86' lang='lat' dir='ltr'><strong>aperte</strong></span> 
     </span>
     <span class='ocr_line' id='line_1_27' title="bbox 96 2632 1765 2712; baseline 0 -21"><span class='ocrx_word' id='word_1_350' title='bbox 96 2634 322 2712; x_wconf 55' lang='lat' dir='ltr'><strong>memmae-s,</strong></span> <span class='ocrx_word' id='word_1_351' title='bbox 338 2632 445 2705; x_wconf 87' lang='lat' dir='ltr'><strong>iuquit,</strong></span> <span class='ocrx_word' id='word_1_352' title='bbox 460 2641 488 2690; x_wconf 87' lang='lat' dir='ltr'><strong>et</strong></span> <span class='ocrx_word' id='word_1_353' title='bbox 500 2635 592 2706; x_wconf 83' lang='lat' dir='ltr'><strong>purr&#39;eo</strong></span> <span class='ocrx_word' id='word_1_354' title='bbox 606 2634 706 2705; x_wconf 77' lang='lat' dir='ltr'><strong>filiam,</strong></span> <span class='ocrx_word' id='word_1_355' title='bbox 727 2641 753 2690; x_wconf 84' lang='lat' dir='ltr'><strong>ct</strong></span> <span class='ocrx_word' id='word_1_356' title='bbox 779 2632 891 2689; x_wconf 79' lang='lat' dir='ltr'><strong>vocabis</strong></span> <span class='ocrx_word' id='word_1_357' title='bbox 944 2634 1022 2692; x_wconf 87' lang='lat' dir='ltr'><strong>dicat</strong></span> <span class='ocrx_word' id='word_1_358' title='bbox 1038 2653 1045 2692; x_wconf 92' lang='lat'><strong>:</strong></span> <span class='ocrx_word' id='word_1_359' title='bbox 1062 2635 1127 2692; x_wconf 87' lang='lat' dir='ltr'><strong>Nou</strong></span> <span class='ocrx_word' id='word_1_360' title='bbox 1142 2636 1177 2692; x_wconf 88' lang='lat' dir='ltr'><strong>dc</strong></span> <span class='ocrx_word' id='word_1_361' title='bbox 1191 2635 1267 2692; x_wconf 84' lang='lat' dir='ltr'><strong>virili</strong></span> <span class='ocrx_word' id='word_1_362' title='bbox 1283 2635 1395 2693; x_wconf 88' lang='lat' dir='ltr'><strong>semine</strong></span> <span class='ocrx_word' id='word_1_363' title='bbox 1410 2636 1567 2710; x_wconf 84' lang='lat' dir='ltr'><strong>concipies,</strong></span> <span class='ocrx_word' id='word_1_364' title='bbox 1582 2637 1633 2693; x_wconf 90' lang='lat' dir='ltr'><strong>sed</strong></span> <span class='ocrx_word' id='word_1_365' title='bbox 1659 2637 1695 2693; x_wconf 91' lang='lat' dir='ltr'><strong>de</strong></span> <span class='ocrx_word' id='word_1_366' title='bbox 1708 2635 1765 2693; x_wconf 86' lang='lat' dir='ltr'><strong>vir·</strong></span> 
     </span>
     <span class='ocr_line' id='line_1_28' title="bbox 59 2721 1764 2806; baseline 0.001 -27"><span class='ocrx_word' id='word_1_367' title='bbox 59 2737 164 2806; x_wconf 62' lang='lat' dir='ltr'><strong>m</strong></span> <span class='ocrx_word' id='word_1_368' title='bbox 187 2722 247 2795; x_wconf 78' lang='lat' dir='ltr'><strong>ejus</strong></span> <span class='ocrx_word' id='word_1_369' title='bbox 259 2723 363 2783; x_wconf 76' lang='lat' dir='ltr'><strong>lesum.</strong></span> <span class='ocrx_word' id='word_1_370' title='bbox 379 2721 419 2780; x_wconf 85' lang='lat' dir='ltr'><strong>De</strong></span> <span class='ocrx_word' id='word_1_371' title='bbox 434 2721 488 2780; x_wconf 86' lang='lat' dir='ltr'><strong>hac</strong></span> <span class='ocrx_word' id='word_1_372' title='bbox 514 2722 704 2795; x_wconf 76' lang='lat' dir='ltr'><strong>conceptione</strong></span> <span class='ocrx_word' id='word_1_373' title='bbox 718 2721 890 2794; x_wconf 76' lang='lat' dir='ltr'><strong>predixerat</strong></span> <span class='ocrx_word' id='word_1_374' title='bbox 937 2727 1005 2790; x_wconf 67' lang='lat' dir='ltr'><strong>tuta</strong></span> <span class='ocrx_word' id='word_1_375' title='bbox 1015 2723 1146 2796; x_wconf 74' lang='lat' dir='ltr'><strong>Spiritus</strong></span> <span class='ocrx_word' id='word_1_376' title='bbox 1161 2725 1265 2782; x_wconf 88' lang='lat' dir='ltr'><strong>sancti.</strong></span> <span class='ocrx_word' id='word_1_377' title='bbox 1279 2726 1335 2782; x_wconf 85' lang='lat' dir='ltr'><strong>Sed</strong></span> <span class='ocrx_word' id='word_1_378' title='bbox 1352 2743 1419 2782; x_wconf 90' lang='lat' dir='ltr'><strong>cum</strong></span> <span class='ocrx_word' id='word_1_379' title='bbox 1431 2725 1568 2798; x_wconf 90' lang='lat' dir='ltr'><strong>superius</strong></span> <span class='ocrx_word' id='word_1_380' title='bbox 1581 2725 1764 2798; x_wconf 82' lang='lat' dir='ltr'><strong>beetsllirgo</strong></span> 
     </span>
     <span class='ocr_line' id='line_1_29' title="bbox 59 2809 1766 2895; baseline 0.001 -26"><span class='ocrx_word' id='word_1_381' title='bbox 59 2809 365 2895; x_wconf 64' lang='lat' dir='ltr'><strong>Jmmimprophets,</strong></span> <span class='ocrx_word' id='word_1_382' title='bbox 376 2810 492 2870; x_wconf 88' lang='lat' dir='ltr'><strong>dicens:</strong></span> <span class='ocrx_word' id='word_1_383' title='bbox 503 2811 639 2868; x_wconf 83' lang='lat' dir='ltr'><strong>«Novum</strong></span> <span class='ocrx_word' id='word_1_384' title='bbox 651 2811 736 2882; x_wconf 84' lang='lat' dir='ltr'><strong>laciet</strong></span> <span class='ocrx_word' id='word_1_385' title='bbox 744 2809 890 2867; x_wconf 80' lang='lat' dir='ltr'><strong>llominus</strong></span> <span class='ocrx_word' id='word_1_386' title='bbox 939 2812 1030 2886; x_wconf 83' lang='lat' dir='ltr'><strong>plena</strong></span> <span class='ocrx_word' id='word_1_387' title='bbox 1040 2813 1134 2886; x_wconf 79' lang='lat' dir='ltr'><strong>gra-tia</strong></span> <span class='ocrx_word' id='word_1_388' title='bbox 1144 2813 1338 2881; x_wconf 87' lang='lat' dir='ltr'><strong>describatur,</strong></span> <span class='ocrx_word' id='word_1_389' title='bbox 1350 2815 1496 2888; x_wconf 91' lang='lat' dir='ltr'><strong>quomodo</strong></span> <span class='ocrx_word' id='word_1_390' title='bbox 1508 2813 1689 2888; x_wconf 85' lang='lat' dir='ltr'><strong>hicSpiritus</strong></span> <span class='ocrx_word' id='word_1_391' title='bbox 1699 2830 1766 2871; x_wconf 88' lang='lat' dir='ltr'><strong>san·</strong></span> 
     </span>
     <span class='ocr_line' id='line_1_30' title="bbox 60 2898 1765 2977; baseline 0.001 -18"><span class='ocrx_word' id='word_1_392' title='bbox 60 2903 279 2974; x_wconf 71' lang='lat' dir='ltr'><strong>superterram,</strong></span> <span class='ocrx_word' id='word_1_393' title='bbox 288 2898 887 2970; x_wconf 79' lang='lat' dir='ltr'><strong>muliercircumdabitvirum(.ler.xxx¹.)u</strong></span> <span class='ocrx_word' id='word_1_394' title='bbox 940 2909 1009 2967; x_wconf 58' lang='lat' dir='ltr'><strong>,otus</strong></span> <span class='ocrx_word' id='word_1_395' title='bbox 1024 2902 1132 2976; x_wconf 89' lang='lat' dir='ltr'><strong>dicitur</strong></span> <span class='ocrx_word' id='word_1_396' title='bbox 1146 2904 1401 2976; x_wconf 79' lang='lat' dir='ltr'><strong>superventurus?</strong></span> <span class='ocrx_word' id='word_1_397' title='bbox 1415 2904 1479 2960; x_wconf 91' lang='lat' dir='ltr'><strong>Non</strong></span> <span class='ocrx_word' id='word_1_398' title='bbox 1492 2908 1525 2960; x_wconf 91' lang='lat' dir='ltr'><strong>ut</strong></span> <span class='ocrx_word' id='word_1_399' title='bbox 1540 2903 1709 2977; x_wconf 81' lang='lat' dir='ltr'><strong>cumgratia</strong></span> <span class='ocrx_word' id='word_1_400' title='bbox 1723 2919 1765 2961; x_wconf 85' lang='lat' dir='ltr'><strong>re·</strong></span> 
     </span>
     <span class='ocr_line' id='line_1_31' title="bbox 59 2986 1764 3065; baseline -0.002 -13"><span class='ocrx_word' id='word_1_401' title='bbox 59 2986 423 3061; x_wconf 59' lang='lat' dir='ltr'><strong>praestolemur</strong></span> <span class='ocrx_word' id='word_1_402' title='bbox 434 2988 703 3061; x_wconf 82' lang='lat' dir='ltr'><strong>panerefiliumnon</strong></span> <span class='ocrx_word' id='word_1_403' title='bbox 714 2993 888 3046; x_wconf 88' lang='lat' dir='ltr'><strong>estnovum.</strong></span> <span class='ocrx_word' id='word_1_404' title='bbox 942 2990 1046 3064; x_wconf 88' lang='lat' dir='ltr'><strong>plerot,</strong></span> <span class='ocrx_word' id='word_1_405' title='bbox 1058 2993 1195 3065; x_wconf 83' lang='lat' dir='ltr'><strong>¹quajsm</strong></span> <span class='ocrx_word' id='word_1_406' title='bbox 1212 2991 1408 3064; x_wconf 73' lang='lat' dir='ltr'><strong>repleuerat,</strong></span> <span class='ocrx_word' id='word_1_407' title='bbox 1424 2993 1475 3048; x_wconf 88' lang='lat' dir='ltr'><strong>sed</strong></span> <span class='ocrx_word' id='word_1_408' title='bbox 1492 2997 1524 3048; x_wconf 91' lang='lat' dir='ltr'><strong>ut</strong></span> <span class='ocrx_word' id='word_1_409' title='bbox 1537 3008 1603 3049; x_wconf 88' lang='lat' dir='ltr'><strong>eam</strong></span> <span class='ocrx_word' id='word_1_410' title='bbox 1619 2996 1720 3049; x_wconf 88' lang='lat' dir='ltr'><strong>sancto</strong></span> <span class='ocrx_word' id='word_1_411' title='bbox 1735 2995 1764 3048; x_wconf 91' lang='lat' dir='ltr'><strong>et</strong></span> 
     </span>
     <span class='ocr_line' id='line_1_32' title="bbox 60 3076 1763 3154; baseline 0.002 -20"><span class='ocrx_word' id='word_1_412' title='bbox 60 3077 124 3150; x_wconf 64' lang='lat' dir='ltr'><strong>fiad</strong></span> <span class='ocrx_word' id='word_1_413' title='bbox 139 3076 170 3143; x_wconf 82' lang='lat' dir='ltr'><strong>iu</strong></span> <span class='ocrx_word' id='word_1_414' title='bbox 183 3077 242 3150; x_wconf 72' lang='lat' dir='ltr'><strong>boc</strong></span> <span class='ocrx_word' id='word_1_415' title='bbox 250 3081 339 3148; x_wconf 74' lang='lat' dir='ltr'><strong>‚paon</strong></span> <span class='ocrx_word' id='word_1_416' title='bbox 351 3093 459 3135; x_wconf 86' lang='lat' dir='ltr'><strong>novum</strong></span> <span class='ocrx_word' id='word_1_417' title='bbox 470 3081 504 3135; x_wconf 89' lang='lat' dir='ltr'><strong>et</strong></span> <span class='ocrx_word' id='word_1_418' title='bbox 512 3077 648 3135; x_wconf 88' lang='lat' dir='ltr'><strong>mirabile</strong></span> <span class='ocrx_word' id='word_1_419' title='bbox 664 3077 732 3135; x_wconf 83' lang='lat' dir='ltr'><strong>iecit</strong></span> <span class='ocrx_word' id='word_1_420' title='bbox 748 3083 833 3146; x_wconf 86' lang='lat' dir='ltr'><strong>Deus,</strong></span> <span class='ocrx_word' id='word_1_421' title='bbox 844 3076 889 3135; x_wconf 84' lang='lat' dir='ltr'><strong>vel</strong></span> <span class='ocrx_word' id='word_1_422' title='bbox 937 3081 1018 3141; x_wconf 75' lang='lat' dir='ltr'><strong>miro</strong></span> <span class='ocrx_word' id='word_1_423' title='bbox 1026 3081 1114 3138; x_wconf 90' lang='lat' dir='ltr'><strong>modo</strong></span> <span class='ocrx_word' id='word_1_424' title='bbox 1124 3079 1273 3154; x_wconf 79' lang='lat' dir='ltr'><strong>gravidam</strong></span> <span class='ocrx_word' id='word_1_425' title='bbox 1285 3081 1420 3137; x_wconf 83' lang='lat' dir='ltr'><strong>efficeret.</strong></span> <span class='ocrx_word' id='word_1_426' title='bbox 1432 3082 1465 3136; x_wconf 83' lang='lat' dir='ltr'><strong>Et</strong></span> <span class='ocrx_word' id='word_1_427' title='bbox 1475 3082 1563 3137; x_wconf 76' lang='lat' dir='ltr'><strong>virtus</strong></span> <span class='ocrx_word' id='word_1_428' title='bbox 1575 3081 1709 3138; x_wconf 73' lang='lat' dir='ltr'><strong>ditissimi</strong></span> <span class='ocrx_word' id='word_1_429' title='bbox 1717 3080 1763 3138; x_wconf 82' lang='lat' dir='ltr'><strong>ob·</strong></span> 
     </span>
     <span class='ocr_line' id='line_1_33' title="bbox 59 3153 1764 3244; baseline 0 -18"><span class='ocrx_word' id='word_1_430' title='bbox 59 3165 168 3239; x_wconf 66' lang='lat' dir='ltr'><strong>hbeo</strong></span> <span class='ocrx_word' id='word_1_431' title='bbox 182 3165 260 3240; x_wconf 63' lang='lat' dir='ltr'><strong>quod</strong></span> <span class='ocrx_word' id='word_1_432' title='bbox 273 3182 334 3226; x_wconf 74' lang='lat' dir='ltr'><strong>aon</strong></span> <span class='ocrx_word' id='word_1_433' title='bbox 353 3182 388 3226; x_wconf 84' lang='lat' dir='ltr'><strong>ex</strong></span> <span class='ocrx_word' id='word_1_434' title='bbox 404 3170 485 3224; x_wconf 86' lang='lat' dir='ltr'><strong>utero</strong></span> <span class='ocrx_word' id='word_1_435' title='bbox 504 3167 593 3240; x_wconf 79' lang='lat' dir='ltr'><strong>Virgo</strong></span> <span class='ocrx_word' id='word_1_436' title='bbox 614 3168 758 3240; x_wconf 84' lang='lat' dir='ltr'><strong>suscepit.</strong></span> <span class='ocrx_word' id='word_1_437' title='bbox 786 3167 838 3224; x_wconf 85' lang='lat' dir='ltr'><strong>sed</strong></span> <span class='ocrx_word' id='word_1_438' title='bbox 857 3153 924 3225; x_wconf 74' lang='lat' dir='ltr'><strong>&#39;ulti</strong></span> <span class='ocrx_word' id='word_1_439' title='bbox 938 3170 1085 3240; x_wconf 60' lang='lat' dir='ltr'><strong>onerabit</strong></span> <span class='ocrx_word' id='word_1_440' title='bbox 1099 3170 1159 3226; x_wconf 84' lang='lat' dir='ltr'><strong>tibi.</strong></span> <span class='ocrx_word' id='word_1_441' title='bbox 1175 3168 1275 3225; x_wconf 89' lang='lat' dir='ltr'><strong>Virtus</strong></span> <span class='ocrx_word' id='word_1_442' title='bbox 1290 3168 1432 3226; x_wconf 65' lang='lat' dir='ltr'><strong>altissimi</strong></span> <span class='ocrx_word' id='word_1_443' title='bbox 1448 3172 1543 3242; x_wconf 87' lang='lat' dir='ltr'><strong>potest</strong></span> <span class='ocrx_word' id='word_1_444' title='bbox 1567 3169 1624 3225; x_wconf 89' lang='lat' dir='ltr'><strong>diei</strong></span> <span class='ocrx_word' id='word_1_445' title='bbox 1640 3169 1684 3226; x_wconf 80' lang='lat' dir='ltr'><strong>vel</strong></span> <span class='ocrx_word' id='word_1_446' title='bbox 1699 3170 1764 3244; x_wconf 85' lang='lat' dir='ltr'><strong>Spi-</strong></span> 
     </span>
     <span class='ocr_line' id='line_1_34' title="bbox 46 3250 1765 3331; baseline 0.002 -19"><span class='ocrx_word' id='word_1_447' title='bbox 46 3250 323 3327; x_wconf 63' lang='lat' dir='ltr'><strong>&#39;fltapoetcxutcrc</strong></span> <span class='ocrx_word' id='word_1_448' title='bbox 333 3259 459 3327; x_wconf 62' lang='lat' dir='ltr'><strong>mnium.</strong></span> <span class='ocrx_word' id='word_1_449' title='bbox 483 3255 536 3313; x_wconf 84' lang='lat' dir='ltr'><strong>Vel</strong></span> <span class='ocrx_word' id='word_1_450' title='bbox 555 3255 585 3312; x_wconf 91' lang='lat' dir='ltr'><strong>in</strong></span> <span class='ocrx_word' id='word_1_451' title='bbox 600 3255 655 3312; x_wconf 91' lang='lat' dir='ltr'><strong>boo</strong></span> <span class='ocrx_word' id='word_1_452' title='bbox 670 3256 749 3329; x_wconf 79' lang='lat' dir='ltr'><strong>quod</strong></span> <span class='ocrx_word' id='word_1_453' title='bbox 765 3273 823 3314; x_wconf 88' lang='lat' dir='ltr'><strong>non</strong></span> <span class='ocrx_word' id='word_1_454' title='bbox 839 3272 890 3329; x_wconf 87' lang='lat' dir='ltr'><strong>per</strong></span> <span class='ocrx_word' id='word_1_455' title='bbox 939 3259 1019 3330; x_wconf 75' lang='lat' dir='ltr'><strong>ritus</strong></span> <span class='ocrx_word' id='word_1_456' title='bbox 1031 3262 1163 3321; x_wconf 89' lang='lat' dir='ltr'><strong>sauctus,</strong></span> <span class='ocrx_word' id='word_1_457' title='bbox 1175 3259 1261 3330; x_wconf 84' lang='lat' dir='ltr'><strong>juxta</strong></span> <span class='ocrx_word' id='word_1_458' title='bbox 1275 3257 1347 3313; x_wconf 88' lang='lat' dir='ltr'><strong>illud</strong></span> <span class='ocrx_word' id='word_1_459' title='bbox 1369 3258 1447 3331; x_wconf 90' lang='lat' dir='ltr'><strong>quod</strong></span> <span class='ocrx_word' id='word_1_460' title='bbox 1473 3259 1567 3314; x_wconf 90' lang='lat' dir='ltr'><strong>Lucas</strong></span> <span class='ocrx_word' id='word_1_461' title='bbox 1592 3258 1632 3315; x_wconf 85' lang='lat' dir='ltr'><strong>ait</strong></span> <span class='ocrx_word' id='word_1_462' title='bbox 1648 3274 1655 3313; x_wconf 90' lang='lat'>:</span> <span class='ocrx_word' id='word_1_463' title='bbox 1673 3280 1688 3311; x_wconf 79' lang='grc' dir='ltr'><strong>ιι</strong></span> <span class='ocrx_word' id='word_1_464' title='bbox 1704 3257 1765 3316; x_wconf 62' lang='grc' dir='ltr'><strong>νοε</strong></span> 
     </span>
     <span class='ocr_line' id='line_1_35' title="bbox 59 3343 1766 3419; baseline -0.001 -11"><span class='ocrx_word' id='word_1_465' title='bbox 59 3343 365 3418; x_wconf 56' lang='lat' dir='ltr'><strong>walamirum</strong></span> <span class='ocrx_word' id='word_1_466' title='bbox 377 3361 447 3405; x_wconf 83' lang='lat' dir='ltr'><strong>caro</strong></span> <span class='ocrx_word' id='word_1_467' title='bbox 464 3343 561 3405; x_wconf 88' lang='lat' dir='ltr'><strong>decisa</strong></span> <span class='ocrx_word' id='word_1_468' title='bbox 576 3349 604 3402; x_wconf 87' lang='lat' dir='ltr'><strong>et</strong></span> <span class='ocrx_word' id='word_1_469' title='bbox 617 3347 653 3403; x_wconf 87' lang='lat' dir='ltr'><strong>de</strong></span> <span class='ocrx_word' id='word_1_470' title='bbox 673 3362 760 3403; x_wconf 90' lang='lat' dir='ltr'><strong>carne</strong></span> <span class='ocrx_word' id='word_1_471' title='bbox 775 3345 889 3414; x_wconf 85' lang='lat' dir='ltr'><strong>matris,</strong></span> <span class='ocrx_word' id='word_1_472' title='bbox 938 3345 1766 3419; x_wconf 65' lang='lat' dir='ltr'><strong>smtemsedsteincivitate,quousquoinduaminivirtute</strong></span> 
     </span>
     <span class='ocr_line' id='line_1_36' title="bbox 61 3431 1766 3509; baseline -0.001 -14"><span class='ocrx_word' id='word_1_473' title='bbox 61 3437 178 3508; x_wconf 52' lang='grc' dir='ltr'><strong>ἣρω</strong></span> <span class='ocrx_word' id='word_1_474' title='bbox 188 3431 306 3507; x_wconf 69' lang='lat' dir='ltr'><strong>mouet</strong></span> <span class='ocrx_word' id='word_1_475' title='bbox 317 3433 382 3495; x_wconf 75' lang='lat' dir='ltr'><strong>aia</strong></span> <span class='ocrx_word' id='word_1_476' title='bbox 398 3433 520 3508; x_wconf 85' lang='lat' dir='ltr'><strong>spiritus</strong></span> <span class='ocrx_word' id='word_1_477' title='bbox 535 3435 652 3493; x_wconf 84' lang='lat' dir='ltr'><strong>inlusus</strong></span> <span class='ocrx_word' id='word_1_478' title='bbox 662 3439 717 3503; x_wconf 87' lang='lat' dir='ltr'><strong>est,</strong></span> <span class='ocrx_word' id='word_1_479' title='bbox 732 3435 784 3492; x_wconf 89' lang='lat' dir='ltr'><strong>sed</strong></span> <span class='ocrx_word' id='word_1_480' title='bbox 800 3433 890 3493; x_wconf 87' lang='lat' dir='ltr'><strong>simul</strong></span> <span class='ocrx_word' id='word_1_481' title='bbox 938 3453 979 3499; x_wconf 80' lang='lat' dir='ltr'><strong>ex</strong></span> <span class='ocrx_word' id='word_1_482' title='bbox 993 3435 1052 3495; x_wconf 84' lang='lat' dir='ltr'><strong>alto</strong></span> <span class='ocrx_word' id='word_1_483' title='bbox 1067 3436 1141 3507; x_wconf 81' lang='lat' dir='ltr'><strong>(tac.</strong></span> <span class='ocrx_word' id='word_1_484' title='bbox 1158 3452 1222 3491; x_wconf 75' lang='lat' dir='ltr'><strong>xxix</strong></span> <span class='ocrx_word' id='word_1_485' title='bbox 1235 3437 1255 3504; x_wconf 79' lang='lat'><strong>3)</strong></span> <span class='ocrx_word' id='word_1_486' title='bbox 1271 3457 1286 3486; x_wconf 81' lang='lat' dir='ltr'><strong>n</strong></span> <span class='ocrx_word' id='word_1_487' title='bbox 1301 3434 1344 3490; x_wconf 86' lang='lat' dir='ltr'><strong>vel</strong></span> <span class='ocrx_word' id='word_1_488' title='bbox 1358 3433 1421 3508; x_wconf 85' lang='lat' dir='ltr'><strong>ipse</strong></span> <span class='ocrx_word' id='word_1_489' title='bbox 1451 3434 1551 3504; x_wconf 82' lang='lat' dir='ltr'><strong>Filius,</strong></span> <span class='ocrx_word' id='word_1_490' title='bbox 1579 3436 1667 3508; x_wconf 84' lang='lat' dir='ltr'><strong>juxta</strong></span> <span class='ocrx_word' id='word_1_491' title='bbox 1687 3436 1766 3509; x_wconf 85' lang='lat' dir='ltr'><strong>quod</strong></span> 
     </span>
     <span class='ocr_line' id='line_1_37' title="bbox 63 3521 1767 3598; baseline -0.007 -5"><span class='ocrx_word' id='word_1_492' title='bbox 63 3521 331 3596; x_wconf 71' lang='lat' dir='ltr'><strong>mampitpleuum</strong></span> <span class='ocrx_word' id='word_1_493' title='bbox 340 3523 569 3591; x_wconf 65' lang='lat' dir='ltr'><strong>visumensem</strong></span> <span class='ocrx_word' id='word_1_494' title='bbox 580 3541 666 3581; x_wconf 86' lang='lat' dir='ltr'><strong>carne</strong></span> <span class='ocrx_word' id='word_1_495' title='bbox 676 3529 706 3581; x_wconf 90' lang='lat' dir='ltr'><strong>et</strong></span> <span class='ocrx_word' id='word_1_496' title='bbox 715 3523 891 3585; x_wconf 80' lang='lat' dir='ltr'><strong>veraauima</strong></span> <span class='ocrx_word' id='word_1_497' title='bbox 942 3523 1055 3589; x_wconf 69' lang='lat' dir='ltr'><strong>Bauius</strong></span> <span class='ocrx_word' id='word_1_498' title='bbox 1069 3528 1152 3581; x_wconf 84' lang='lat' dir='ltr'><strong>vocat</strong></span> <span class='ocrx_word' id='word_1_499' title='bbox 1175 3540 1272 3580; x_wconf 87' lang='lat' dir='ltr'><strong>eum«</strong></span> <span class='ocrx_word' id='word_1_500' title='bbox 1299 3524 1349 3580; x_wconf 83' lang='lat' dir='ltr'><strong>Dei</strong></span> <span class='ocrx_word' id='word_1_501' title='bbox 1375 3525 1512 3581; x_wconf 89' lang='lat' dir='ltr'><strong>virtutem</strong></span> <span class='ocrx_word' id='word_1_502' title='bbox 1538 3529 1567 3581; x_wconf 91' lang='lat' dir='ltr'><strong>et</strong></span> <span class='ocrx_word' id='word_1_503' title='bbox 1592 3524 1767 3598; x_wconf 86' lang='lat' dir='ltr'><strong>sapientiam</strong></span> 
     </span>
     <span class='ocr_line' id='line_1_38' title="bbox 64 3610 1769 3687; baseline -0.006 -6"><span class='ocrx_word' id='word_1_504' title='bbox 64 3613 264 3681; x_wconf 63' lang='lat' dir='ltr'><strong>mum.</strong></span> <span class='ocrx_word' id='word_1_505' title='bbox 278 3610 372 3674; x_wconf 78' lang='lat' dir='ltr'><strong>Deum</strong></span> <span class='ocrx_word' id='word_1_506' title='bbox 387 3616 415 3670; x_wconf 86' lang='lat' dir='ltr'><strong>ct</strong></span> <span class='ocrx_word' id='word_1_507' title='bbox 433 3611 595 3671; x_wconf 79' lang='lat' dir='ltr'><strong>bominum</strong></span> <span class='ocrx_word' id='word_1_508' title='bbox 622 3617 759 3670; x_wconf 88' lang='lat' dir='ltr'><strong>nostrum</strong></span> <span class='ocrx_word' id='word_1_509' title='bbox 788 3613 891 3671; x_wconf 74' lang='lat' dir='ltr'><strong>iesum</strong></span> <span class='ocrx_word' id='word_1_510' title='bbox 947 3613 1044 3687; x_wconf 69' lang='lat' dir='ltr'><strong>(lter.</strong></span> <span class='ocrx_word' id='word_1_511' title='bbox 1055 3613 1085 3686; x_wconf 89' lang='grc' dir='ltr'><strong>ι.)</strong></span> <span class='ocrx_word' id='word_1_512' title='bbox 1103 3613 1182 3670; x_wconf 85' lang='lat' dir='ltr'><strong>»Ait</strong></span> <span class='ocrx_word' id='word_1_513' title='bbox 1208 3629 1276 3686; x_wconf 82' lang='lat' dir='ltr'><strong>ergo</strong></span> <span class='ocrx_word' id='word_1_514' title='bbox 1293 3630 1300 3668; x_wconf 91' lang='lat'><strong>:</strong></span> <span class='ocrx_word' id='word_1_515' title='bbox 1318 3614 1406 3670; x_wconf 75' lang='lat' dir='ltr'><strong>Virtus</strong></span> <span class='ocrx_word' id='word_1_516' title='bbox 1434 3613 1571 3669; x_wconf 72' lang='lat' dir='ltr'><strong>ditissimi</strong></span> <span class='ocrx_word' id='word_1_517' title='bbox 1593 3612 1769 3671; x_wconf 80' lang='lat' dir='ltr'><strong>obumbrabit</strong></span> 
     </span>
     <span class='ocr_line' id='line_1_39' title="bbox 66 3698 1771 3775; baseline 0.002 -18"><span class='ocrx_word' id='word_1_518' title='bbox 66 3699 232 3770; x_wconf 61' lang='lat' dir='ltr'><strong>absistam.</strong></span> <span class='ocrx_word' id='word_1_519' title='bbox 249 3698 289 3757; x_wconf 87' lang='lat' dir='ltr'><strong>De</strong></span> <span class='ocrx_word' id='word_1_520' title='bbox 303 3699 359 3759; x_wconf 82' lang='lat' dir='ltr'><strong>hoc</strong></span> <span class='ocrx_word' id='word_1_521' title='bbox 369 3701 476 3761; x_wconf 77' lang='lat' dir='ltr'><strong>,eodem</strong></span> <span class='ocrx_word' id='word_1_522' title='bbox 489 3699 581 3759; x_wconf 83' lang='lat' dir='ltr'><strong>lsaias</strong></span> <span class='ocrx_word' id='word_1_523' title='bbox 591 3700 664 3759; x_wconf 85' lang='lat' dir='ltr'><strong>dicit</strong></span> <span class='ocrx_word' id='word_1_524' title='bbox 679 3719 686 3758; x_wconf 91' lang='lat'><strong>:</strong></span> <span class='ocrx_word' id='word_1_525' title='bbox 705 3702 801 3759; x_wconf 76' lang='lat' dir='ltr'><strong>allece</strong></span> <span class='ocrx_word' id='word_1_526' title='bbox 811 3700 891 3775; x_wconf 78' lang='lat' dir='ltr'><strong>virgo</strong></span> <span class='ocrx_word' id='word_1_527' title='bbox 947 3704 1008 3769; x_wconf 80' lang='lat' dir='ltr'><strong>tibi,</strong></span> <span class='ocrx_word' id='word_1_528' title='bbox 1025 3702 1115 3775; x_wconf 80' lang='lat' dir='ltr'><strong>idest,</strong></span> <span class='ocrx_word' id='word_1_529' title='bbox 1124 3701 1251 3774; x_wconf 89' lang='lat' dir='ltr'><strong>Spiritus</strong></span> <span class='ocrx_word' id='word_1_530' title='bbox 1262 3706 1383 3759; x_wconf 85' lang='lat' dir='ltr'><strong>sanetus</strong></span> <span class='ocrx_word' id='word_1_531' title='bbox 1393 3707 1497 3758; x_wconf 76' lang='lat' dir='ltr'><strong>estam</strong></span> <span class='ocrx_word' id='word_1_532' title='bbox 1507 3701 1646 3758; x_wconf 87' lang='lat' dir='ltr'><strong>vitiorum</strong></span> <span class='ocrx_word' id='word_1_533' title='bbox 1660 3706 1715 3759; x_wconf 88' lang='lat' dir='ltr'><strong>ate</strong></span> <span class='ocrx_word' id='word_1_534' title='bbox 1725 3718 1771 3760; x_wconf 84' lang='lat' dir='ltr'><strong>ex·</strong></span> 
     </span>
     <span class='ocr_line' id='line_1_40' title="bbox 65 3787 1771 3865; baseline 0.002 -21"><span class='ocrx_word' id='word_1_535' title='bbox 65 3787 215 3862; x_wconf 55' lang='lat' dir='ltr'><strong>moipiel</strong></span> <span class='ocrx_word' id='word_1_536' title='bbox 228 3787 356 3855; x_wconf 73' lang='lat' dir='ltr'><strong>inuam</strong></span> <span class='ocrx_word' id='word_1_537' title='bbox 371 3792 400 3850; x_wconf 76' lang='lat' dir='ltr'><strong>cl</strong></span> <span class='ocrx_word' id='word_1_538' title='bbox 415 3789 508 3862; x_wconf 75' lang='lat' dir='ltr'><strong>pariet</strong></span> <span class='ocrx_word' id='word_1_539' title='bbox 522 3789 617 3847; x_wconf 84' lang='lat' dir='ltr'><strong>illium</strong></span> <span class='ocrx_word' id='word_1_540' title='bbox 632 3791 697 3860; x_wconf 75' lang='lat' dir='ltr'><strong>(lau.</strong></span> <span class='ocrx_word' id='word_1_541' title='bbox 712 3796 774 3860; x_wconf 78' lang='lat' dir='ltr'><strong>au.)</strong></span> <span class='ocrx_word' id='word_1_542' title='bbox 787 3813 801 3842; x_wconf 76' lang='lat' dir='ltr'><strong>o</strong></span> <span class='ocrx_word' id='word_1_543' title='bbox 818 3791 892 3851; x_wconf 81' lang='lat' dir='ltr'><strong>Cum</strong></span> <span class='ocrx_word' id='word_1_544' title='bbox 947 3792 1056 3857; x_wconf 82' lang='lat' dir='ltr'><strong>cludet,</strong></span> <span class='ocrx_word' id='word_1_545' title='bbox 1071 3796 1104 3848; x_wconf 91' lang='lat' dir='ltr'><strong>ut</strong></span> <span class='ocrx_word' id='word_1_546' title='bbox 1118 3791 1262 3847; x_wconf 78' lang='lat' dir='ltr'><strong>habitatio</strong></span> <span class='ocrx_word' id='word_1_547' title='bbox 1275 3792 1387 3847; x_wconf 88' lang='lat' dir='ltr'><strong>munda</strong></span> <span class='ocrx_word' id='word_1_548' title='bbox 1401 3790 1431 3846; x_wconf 90' lang='lat' dir='ltr'><strong>in</strong></span> <span class='ocrx_word' id='word_1_549' title='bbox 1443 3794 1470 3847; x_wconf 86' lang='lat' dir='ltr'><strong>te</strong></span> <span class='ocrx_word' id='word_1_550' title='bbox 1487 3790 1536 3847; x_wconf 86' lang='lat' dir='ltr'><strong>Dei</strong></span> <span class='ocrx_word' id='word_1_551' title='bbox 1547 3790 1619 3847; x_wconf 79' lang='lat' dir='ltr'><strong>Filio</strong></span> <span class='ocrx_word' id='word_1_552' title='bbox 1630 3808 1771 3865; x_wconf 79' lang='lat' dir='ltr'><strong>prepare·</strong></span> 
     </span>
     <span class='ocr_line' id='line_1_41' title="bbox 66 3876 1769 3956; baseline 0.001 -22"><span class='ocrx_word' id='word_1_553' title='bbox 66 3882 168 3956; x_wconf 62' lang='lat' dir='ltr'><strong>putem</strong></span> <span class='ocrx_word' id='word_1_554' title='bbox 181 3876 231 3944; x_wconf 77' lang='lat' dir='ltr'><strong>bic</strong></span> <span class='ocrx_word' id='word_1_555' title='bbox 244 3882 364 3942; x_wconf 58' lang='lat' dir='ltr'><strong>aarum</strong></span> <span class='ocrx_word' id='word_1_556' title='bbox 379 3876 434 3935; x_wconf 87' lang='lat' dir='ltr'><strong>iste</strong></span> <span class='ocrx_word' id='word_1_557' title='bbox 451 3877 649 3938; x_wconf 82' lang='lat' dir='ltr'><strong>nominativus</strong></span> <span class='ocrx_word' id='word_1_558' title='bbox 663 3879 745 3953; x_wconf 86' lang='lat' dir='ltr'><strong>virgo</strong></span> <span class='ocrx_word' id='word_1_559' title='bbox 754 3883 892 3953; x_wconf 85' lang='lat' dir='ltr'><strong>ponatur,</strong></span> <span class='ocrx_word' id='word_1_560' title='bbox 947 3884 1005 3940; x_wconf 90' lang='lat' dir='ltr'><strong>tur.</strong></span> <span class='ocrx_word' id='word_1_561' title='bbox 1022 3880 1073 3937; x_wconf 88' lang='lat' dir='ltr'><strong>Vel</strong></span> <span class='ocrx_word' id='word_1_562' title='bbox 1083 3885 1160 3937; x_wconf 90' lang='lat' dir='ltr'><strong>certe</strong></span> <span class='ocrx_word' id='word_1_563' title='bbox 1170 3880 1264 3935; x_wconf 87' lang='lat' dir='ltr'><strong>virtus</strong></span> <span class='ocrx_word' id='word_1_564' title='bbox 1278 3878 1433 3951; x_wconf 89' lang='lat' dir='ltr'><strong>Altissimi‚</strong></span> <span class='ocrx_word' id='word_1_565' title='bbox 1444 3879 1473 3935; x_wconf 90' lang='lat' dir='ltr'><strong>id</strong></span> <span class='ocrx_word' id='word_1_566' title='bbox 1490 3883 1534 3936; x_wconf 90' lang='lat' dir='ltr'><strong>est</strong></span> <span class='ocrx_word' id='word_1_567' title='bbox 1544 3879 1635 3935; x_wconf 76' lang='lat' dir='ltr'><strong>Filius</strong></span> <span class='ocrx_word' id='word_1_568' title='bbox 1645 3878 1707 3945; x_wconf 89' lang='lat' dir='ltr'><strong>Dei,</strong></span> <span class='ocrx_word' id='word_1_569' title='bbox 1718 3880 1769 3936; x_wconf 90' lang='lat' dir='ltr'><strong>ob-</strong></span> 
     </span>
     <span class='ocr_line' id='line_1_42' title="bbox 67 3966 1771 4045; baseline 0.001 -23"><span class='ocrx_word' id='word_1_570' title='bbox 67 3983 188 4039; x_wconf 62' lang='lat' dir='ltr'><strong>upme</strong></span> <span class='ocrx_word' id='word_1_571' title='bbox 201 3969 249 4030; x_wconf 78' lang='lat' dir='ltr'><strong>est</strong></span> <span class='ocrx_word' id='word_1_572' title='bbox 263 3970 297 4031; x_wconf 85' lang='lat' dir='ltr'><strong>ut</strong></span> <span class='ocrx_word' id='word_1_573' title='bbox 311 3966 347 4029; x_wconf 82' lang='lat' dir='ltr'><strong>sd</strong></span> <span class='ocrx_word' id='word_1_574' title='bbox 367 3971 526 4045; x_wconf 77' lang='lat' dir='ltr'><strong>utrumque</strong></span> <span class='ocrx_word' id='word_1_575' title='bbox 553 3967 675 4024; x_wconf 84' lang='lat' dir='ltr'><strong>verbum</strong></span> <span class='ocrx_word' id='word_1_576' title='bbox 690 3968 843 4025; x_wconf 80' lang='lat' dir='ltr'><strong>referatur.</strong></span> <span class='ocrx_word' id='word_1_577' title='bbox 859 3972 894 4024; x_wconf 88' lang='lat' dir='ltr'><strong>lu</strong></span> <span class='ocrx_word' id='word_1_578' title='bbox 949 3969 1100 4030; x_wconf 84' lang='lat' dir='ltr'><strong>umbrabit</strong></span> <span class='ocrx_word' id='word_1_579' title='bbox 1114 3967 1217 4034; x_wconf 86' lang='lat' dir='ltr'><strong>tibi‚id</strong></span> <span class='ocrx_word' id='word_1_580' title='bbox 1228 3972 1272 4024; x_wconf 91' lang='lat' dir='ltr'><strong>est</strong></span> <span class='ocrx_word' id='word_1_581' title='bbox 1282 3967 1528 4023; x_wconf 89' lang='lat' dir='ltr'><strong>obumbraculum</strong></span> <span class='ocrx_word' id='word_1_582' title='bbox 1540 3967 1636 4023; x_wconf 88' lang='lat' dir='ltr'><strong>carnis</strong></span> <span class='ocrx_word' id='word_1_583' title='bbox 1646 3967 1771 4039; x_wconf 81' lang='lat' dir='ltr'><strong>accipiet</strong></span> 
     </span>
     <span class='ocr_line' id='line_1_43' title="bbox 68 4055 1770 4134; baseline -0.002 -19"><span class='ocrx_word' id='word_1_584' title='bbox 68 4073 128 4131; x_wconf 64' lang='lat' dir='ltr'><strong>(uo</strong></span> <span class='ocrx_word' id='word_1_585' title='bbox 143 4055 473 4134; x_wconf 75' lang='lat' dir='ltr'><strong>apertedemonstratur</strong></span> <span class='ocrx_word' id='word_1_586' title='bbox 483 4056 562 4112; x_wconf 88' lang='lat' dir='ltr'><strong>siout</strong></span> <span class='ocrx_word' id='word_1_587' title='bbox 573 4055 602 4112; x_wconf 91' lang='lat' dir='ltr'><strong>in</strong></span> <span class='ocrx_word' id='word_1_588' title='bbox 615 4056 811 4128; x_wconf 86' lang='lat' dir='ltr'><strong>conceptu,ita</strong></span> <span class='ocrx_word' id='word_1_589' title='bbox 821 4072 893 4129; x_wconf 86' lang='lat' dir='ltr'><strong>quo.-</strong></span> <span class='ocrx_word' id='word_1_590' title='bbox 951 4058 982 4118; x_wconf 87' lang='lat' dir='ltr'><strong>iu</strong></span> <span class='ocrx_word' id='word_1_591' title='bbox 994 4061 1032 4114; x_wconf 88' lang='lat' dir='ltr'><strong>te.</strong></span> <span class='ocrx_word' id='word_1_592' title='bbox 1048 4056 1123 4123; x_wconf 82' lang='lat' dir='ltr'><strong>Quia</strong></span> <span class='ocrx_word' id='word_1_593' title='bbox 1137 4056 1215 4113; x_wconf 91' lang='lat' dir='ltr'><strong>enim</strong></span> <span class='ocrx_word' id='word_1_594' title='bbox 1231 4055 1460 4112; x_wconf 83' lang='lat' dir='ltr'><strong>immensitatem</strong></span> <span class='ocrx_word' id='word_1_595' title='bbox 1480 4056 1570 4111; x_wconf 87' lang='lat' dir='ltr'><strong>divini</strong></span> <span class='ocrx_word' id='word_1_596' title='bbox 1586 4055 1709 4129; x_wconf 80' lang='lat' dir='ltr'><strong>fulgoris</strong></span> <span class='ocrx_word' id='word_1_597' title='bbox 1722 4056 1770 4111; x_wconf 85' lang='lat' dir='ltr'><strong>in·</strong></span> 
     </span>
     <span class='ocr_line' id='line_1_44' title="bbox 68 4135 1772 4219; baseline 0.003 -21"><span class='ocrx_word' id='word_1_598' title='bbox 68 4160 127 4219; x_wconf 67' lang='lat' dir='ltr'><strong>pua</strong></span> <span class='ocrx_word' id='word_1_599' title='bbox 136 4143 172 4210; x_wconf 84' lang='lat' dir='ltr'><strong>ip</strong></span> <span class='ocrx_word' id='word_1_600' title='bbox 182 4135 280 4217; x_wconf 66' lang='lat' dir='ltr'><strong>pontu,</strong></span> <span class='ocrx_word' id='word_1_601' title='bbox 288 4143 434 4218; x_wconf 58' lang='lat' dir='ltr'><strong>»virginem</strong></span> <span class='ocrx_word' id='word_1_602' title='bbox 446 4160 668 4216; x_wconf 86' lang='lat' dir='ltr'><strong>permansuram</strong></span> <span class='ocrx_word' id='word_1_603' title='bbox 681 4160 755 4202; x_wconf 87' lang='lat' dir='ltr'><strong>esse.</strong></span> <span class='ocrx_word' id='word_1_604' title='bbox 767 4144 801 4201; x_wconf 80' lang='lat' dir='ltr'><strong>ut</strong></span> <span class='ocrx_word' id='word_1_605' title='bbox 813 4161 895 4201; x_wconf 88' lang='lat' dir='ltr'><strong>voca-</strong></span> <span class='ocrx_word' id='word_1_606' title='bbox 950 4146 1075 4207; x_wconf 79' lang='lat' dir='ltr'><strong>firmitas</strong></span> <span class='ocrx_word' id='word_1_607' title='bbox 1087 4150 1258 4202; x_wconf 84' lang='lat' dir='ltr'><strong>nostrorum</strong></span> <span class='ocrx_word' id='word_1_608' title='bbox 1275 4143 1426 4201; x_wconf 90' lang='lat' dir='ltr'><strong>oculorum</strong></span> <span class='ocrx_word' id='word_1_609' title='bbox 1439 4144 1629 4217; x_wconf 88' lang='lat' dir='ltr'><strong>contemplari</strong></span> <span class='ocrx_word' id='word_1_610' title='bbox 1641 4162 1699 4202; x_wconf 90' lang='lat' dir='ltr'><strong>non</strong></span> <span class='ocrx_word' id='word_1_611' title='bbox 1708 4161 1772 4218; x_wconf 89' lang='lat' dir='ltr'><strong>pos·</strong></span> 
     </span>
     <span class='ocr_line' id='line_1_45' title="bbox 69 4232 1773 4306; baseline 0 -16"><span class='ocrx_word' id='word_1_612' title='bbox 69 4233 160 4303; x_wconf 69' lang='lat' dir='ltr'><strong>bitur,</strong></span> <span class='ocrx_word' id='word_1_613' title='bbox 175 4232 273 4306; x_wconf 67' lang='lat' dir='ltr'><strong>insuit</strong></span> <span class='ocrx_word' id='word_1_614' title='bbox 286 4232 388 4305; x_wconf 53' lang='lat' dir='ltr'><strong>[iridi</strong></span> <span class='ocrx_word' id='word_1_615' title='bbox 399 4232 583 4301; x_wconf 75' lang='lat' dir='ltr'><strong>Emmanuel,</strong></span> <span class='ocrx_word' id='word_1_616' title='bbox 597 4233 675 4305; x_wconf 91' lang='lat' dir='ltr'><strong>quod</strong></span> <span class='ocrx_word' id='word_1_617' title='bbox 686 4233 896 4305; x_wconf 87' lang='lat' dir='ltr'><strong>interpretetur</strong></span> <span class='ocrx_word' id='word_1_618' title='bbox 951 4239 1005 4303; x_wconf 84' lang='lat' dir='ltr'><strong>sat,</strong></span> <span class='ocrx_word' id='word_1_619' title='bbox 1022 4234 1086 4291; x_wconf 90' lang='lat' dir='ltr'><strong>ideo</strong></span> <span class='ocrx_word' id='word_1_620' title='bbox 1102 4233 1150 4290; x_wconf 88' lang='lat' dir='ltr'><strong>Sol</strong></span> <span class='ocrx_word' id='word_1_621' title='bbox 1162 4233 1283 4305; x_wconf 82' lang='lat' dir='ltr'><strong>justitia</strong></span> <span class='ocrx_word' id='word_1_622' title='bbox 1307 4234 1393 4289; x_wconf 87' lang='lat' dir='ltr'><strong>Jesus</strong></span> <span class='ocrx_word' id='word_1_623' title='bbox 1415 4233 1548 4289; x_wconf 85' lang='lat' dir='ltr'><strong>Christus</strong></span> <span class='ocrx_word' id='word_1_624' title='bbox 1577 4251 1640 4290; x_wconf 91' lang='lat' dir='ltr'><strong>sese</strong></span> <span class='ocrx_word' id='word_1_625' title='bbox 1667 4233 1773 4291; x_wconf 83' lang='lat' dir='ltr'><strong>velavit</strong></span> 
     </span>
     <span class='ocr_line' id='line_1_46' title="bbox 70 4320 1770 4395; baseline -0.006 -5"><span class='ocrx_word' id='word_1_626' title='bbox 70 4324 213 4391; x_wconf 56' lang='lat' dir='ltr'><strong>nolim</strong></span> <span class='ocrx_word' id='word_1_627' title='bbox 222 4323 303 4387; x_wconf 63' lang='lat' dir='ltr'><strong>Deua·</strong></span> <span class='ocrx_word' id='word_1_628' title='bbox 317 4321 371 4383; x_wconf 77' lang='lat' dir='ltr'><strong>tlte</strong></span> <span class='ocrx_word' id='word_1_629' title='bbox 385 4322 536 4380; x_wconf 75' lang='lat' dir='ltr'><strong>autemait</strong></span> <span class='ocrx_word' id='word_1_630' title='bbox 550 4321 671 4395; x_wconf 83' lang='lat' dir='ltr'><strong>angelus</strong></span> <span class='ocrx_word' id='word_1_631' title='bbox 688 4338 695 4377; x_wconf 75' lang='grc' dir='ltr'>ε</span> <span class='ocrx_word' id='word_1_632' title='bbox 711 4321 836 4379; x_wconf 88' lang='lat' dir='ltr'><strong>Vocabis</strong></span> <span class='ocrx_word' id='word_1_633' title='bbox 847 4339 895 4379; x_wconf 90' lang='lat' dir='ltr'><strong>no·</strong></span> <span class='ocrx_word' id='word_1_634' title='bbox 951 4340 1046 4391; x_wconf 88' lang='lat' dir='ltr'><strong>carue,</strong></span> <span class='ocrx_word' id='word_1_635' title='bbox 1063 4328 1096 4379; x_wconf 94' lang='lat' dir='ltr'><strong>ut</strong></span> <span class='ocrx_word' id='word_1_636' title='bbox 1111 4321 1375 4394; x_wconf 86' lang='lat' dir='ltr'><strong>siequodammodo</strong></span> <span class='ocrx_word' id='word_1_637' title='bbox 1388 4320 1494 4378; x_wconf 89' lang='lat' dir='ltr'><strong>melius</strong></span> <span class='ocrx_word' id='word_1_638' title='bbox 1509 4338 1577 4378; x_wconf 91' lang='lat' dir='ltr'><strong>eum</strong></span> <span class='ocrx_word' id='word_1_639' title='bbox 1592 4322 1770 4395; x_wconf 90' lang='lat' dir='ltr'><strong>contempla·</strong></span> 
     </span>
     <span class='ocr_line' id='line_1_47' title="bbox 71 4409 1773 4492; baseline 0.001 -25"><span class='ocrx_word' id='word_1_640' title='bbox 71 4410 220 4492; x_wconf 52' lang='lat' dir='ltr'><strong>mabill!</strong></span> <span class='ocrx_word' id='word_1_641' title='bbox 232 4410 333 4474; x_wconf 81' lang='lat' dir='ltr'><strong>lesum</strong></span> <span class='ocrx_word' id='word_1_642' title='bbox 346 4425 354 4466; x_wconf 75' lang='lat' dir='ltr'><em>z</em></span> <span class='ocrx_word' id='word_1_643' title='bbox 366 4409 444 4482; x_wconf 88' lang='lat' dir='ltr'><strong>quod</strong></span> <span class='ocrx_word' id='word_1_644' title='bbox 455 4410 807 4483; x_wconf 81' lang='lat' dir='ltr'><strong>iuterpretaturb&#39;alvctor.</strong></span> <span class='ocrx_word' id='word_1_645' title='bbox 819 4411 894 4478; x_wconf 81' lang='lat' dir='ltr'><strong>Quid</strong></span> <span class='ocrx_word' id='word_1_646' title='bbox 951 4429 1050 4472; x_wconf 87' lang='lat' dir='ltr'><strong>remur</strong></span> <span class='ocrx_word' id='word_1_647' title='bbox 1064 4411 1119 4467; x_wconf 92' lang='lat' dir='ltr'><strong>sub</strong></span> <span class='ocrx_word' id='word_1_648' title='bbox 1136 4411 1224 4467; x_wconf 89' lang='lat' dir='ltr'><strong>nube.</strong></span> <span class='ocrx_word' id='word_1_649' title='bbox 1242 4410 1369 4482; x_wconf 84' lang='lat' dir='ltr'><strong>Ideoque</strong></span> <span class='ocrx_word' id='word_1_650' title='bbox 1396 4410 1540 4482; x_wconf 80' lang='lat' dir='ltr'><strong>videlieet,</strong></span> <span class='ocrx_word' id='word_1_651' title='bbox 1571 4411 1713 4482; x_wconf 85' lang='lat' dir='ltr'><strong>quianon</strong></span> <span class='ocrx_word' id='word_1_652' title='bbox 1737 4427 1773 4468; x_wconf 83' lang='lat' dir='ltr'><strong>ex</strong></span> 
     </span>
     <span class='ocr_line' id='line_1_48' title="bbox 71 4497 1772 4587; baseline 0.001 -33"><span class='ocrx_word' id='word_1_653' title='bbox 71 4498 152 4567; x_wconf 68' lang='lat' dir='ltr'><strong>euim</strong></span> <span class='ocrx_word' id='word_1_654' title='bbox 168 4498 247 4564; x_wconf 76' lang='lat' dir='ltr'><strong>aliud</strong></span> <span class='ocrx_word' id='word_1_655' title='bbox 262 4504 307 4556; x_wconf 90' lang='lat' dir='ltr'><strong>est</strong></span> <span class='ocrx_word' id='word_1_656' title='bbox 317 4498 472 4559; x_wconf 91' lang='lat' dir='ltr'><strong>uobiscum</strong></span> <span class='ocrx_word' id='word_1_657' title='bbox 484 4499 576 4555; x_wconf 88' lang='lat' dir='ltr'><strong>Deum</strong></span> <span class='ocrx_word' id='word_1_658' title='bbox 586 4514 762 4570; x_wconf 70' lang='lat' dir='ltr'><strong>essequam</strong></span> <span class='ocrx_word' id='word_1_659' title='bbox 775 4516 828 4556; x_wconf 91' lang='lat' dir='ltr'><strong>uos</strong></span> <span class='ocrx_word' id='word_1_660' title='bbox 839 4499 896 4556; x_wconf 85' lang='lat' dir='ltr'><strong>sal-</strong></span> <span class='ocrx_word' id='word_1_661' title='bbox 912 4522 935 4587; x_wconf 69' lang='lat' dir='ltr'><strong>p</strong></span> <span class='ocrx_word' id='word_1_662' title='bbox 950 4501 1025 4559; x_wconf 75' lang='lat' dir='ltr'><strong>virili</strong></span> <span class='ocrx_word' id='word_1_663' title='bbox 1042 4499 1164 4567; x_wconf 86' lang='lat' dir='ltr'><strong>semine,</strong></span> <span class='ocrx_word' id='word_1_664' title='bbox 1181 4500 1231 4555; x_wconf 89' lang='lat' dir='ltr'><strong>sed</strong></span> <span class='ocrx_word' id='word_1_665' title='bbox 1247 4514 1280 4555; x_wconf 86' lang='lat' dir='ltr'><strong>ex</strong></span> <span class='ocrx_word' id='word_1_666' title='bbox 1295 4498 1422 4572; x_wconf 85' lang='lat' dir='ltr'><strong>Spiritus</strong></span> <span class='ocrx_word' id='word_1_667' title='bbox 1436 4497 1530 4554; x_wconf 86' lang='lat' dir='ltr'><strong>sancti</strong></span> <span class='ocrx_word' id='word_1_668' title='bbox 1553 4498 1658 4554; x_wconf 84' lang='lat' dir='ltr'><strong>virtute</strong></span> <span class='ocrx_word' id='word_1_669' title='bbox 1673 4499 1772 4556; x_wconf 90' lang='lat' dir='ltr'><strong>conei-</strong></span> 
     </span>
     <span class='ocr_line' id='line_1_49' title="bbox 70 4583 1775 4664; baseline -0.006 -9"><span class='ocrx_word' id='word_1_670' title='bbox 70 4588 159 4655; x_wconf 69' lang='lat' dir='ltr'><strong>mer?</strong></span> <span class='ocrx_word' id='word_1_671' title='bbox 170 4583 793 4660; x_wconf 73' lang='lat' dir='ltr'><strong>thuidestnussaluare,quamnobiscum</strong></span> <span class='ocrx_word' id='word_1_672' title='bbox 807 4593 896 4646; x_wconf 80' lang='lat' dir='ltr'><strong>Deum</strong></span> <span class='ocrx_word' id='word_1_673' title='bbox 952 4591 1025 4664; x_wconf 88' lang='lat' dir='ltr'><strong>pios,</strong></span> <span class='ocrx_word' id='word_1_674' title='bbox 1041 4589 1113 4662; x_wconf 82' lang='lat' dir='ltr'><strong>quod</strong></span> <span class='ocrx_word' id='word_1_675' title='bbox 1126 4596 1256 4645; x_wconf 78' lang='lat' dir='ltr'><strong>nascetur</strong></span> <span class='ocrx_word' id='word_1_676' title='bbox 1268 4605 1304 4644; x_wconf 81' lang='lat' dir='ltr'><strong>ex</strong></span> <span class='ocrx_word' id='word_1_677' title='bbox 1317 4597 1342 4644; x_wconf 83' lang='lat' dir='ltr'><strong>te</strong></span> <span class='ocrx_word' id='word_1_678' title='bbox 1365 4595 1501 4652; x_wconf 73' lang='lat' dir='ltr'><strong>sanction,</strong></span> <span class='ocrx_word' id='word_1_679' title='bbox 1527 4589 1669 4643; x_wconf 75' lang='lat' dir='ltr'><strong>vocabitur</strong></span> <span class='ocrx_word' id='word_1_680' title='bbox 1686 4589 1775 4645; x_wconf 79' lang='lat' dir='ltr'><strong>Filius</strong></span> 
     </span>
     <span class='ocr_line' id='line_1_50' title="bbox 71 4674 1776 4750; baseline -0.002 -13"><span class='ocrx_word' id='word_1_681' title='bbox 71 4675 644 4750; x_wconf 54' lang='lat' dir='ltr'><strong>meiterrpsrtumigiturVirginislieus</strong></span> <span class='ocrx_word' id='word_1_682' title='bbox 651 4676 808 4733; x_wconf 82' lang='lat' dir='ltr'><strong>nossalvat</strong></span> <span class='ocrx_word' id='word_1_683' title='bbox 816 4681 844 4734; x_wconf 90' lang='lat' dir='ltr'><strong>et</strong></span> <span class='ocrx_word' id='word_1_684' title='bbox 851 4694 899 4735; x_wconf 90' lang='lat' dir='ltr'><strong>no·</strong></span> <span class='ocrx_word' id='word_1_685' title='bbox 955 4680 1014 4744; x_wconf 82' lang='lat' dir='ltr'><strong>Dei,</strong></span> <span class='ocrx_word' id='word_1_686' title='bbox 1031 4677 1060 4734; x_wconf 92' lang='lat' dir='ltr'><strong>id</strong></span> <span class='ocrx_word' id='word_1_687' title='bbox 1075 4680 1121 4734; x_wconf 89' lang='lat' dir='ltr'><strong>est</strong></span> <span class='ocrx_word' id='word_1_688' title='bbox 1136 4675 1185 4732; x_wconf 90' lang='lat' dir='ltr'><strong>ille</strong></span> <span class='ocrx_word' id='word_1_689' title='bbox 1197 4677 1246 4749; x_wconf 89' lang='lat' dir='ltr'><strong>qui</strong></span> <span class='ocrx_word' id='word_1_690' title='bbox 1263 4680 1408 4745; x_wconf 86' lang='lat' dir='ltr'><strong>nascetur,</strong></span> <span class='ocrx_word' id='word_1_691' title='bbox 1426 4676 1489 4731; x_wconf 90' lang='lat' dir='ltr'><strong>Non</strong></span> <span class='ocrx_word' id='word_1_692' title='bbox 1505 4674 1583 4731; x_wconf 88' lang='lat' dir='ltr'><strong>onim</strong></span> <span class='ocrx_word' id='word_1_693' title='bbox 1599 4693 1650 4749; x_wconf 91' lang='lat' dir='ltr'><strong>per</strong></span> <span class='ocrx_word' id='word_1_694' title='bbox 1664 4676 1719 4734; x_wconf 91' lang='lat' dir='ltr'><strong>boc</strong></span> <span class='ocrx_word' id='word_1_695' title='bbox 1733 4693 1776 4734; x_wconf 90' lang='lat' dir='ltr'><strong>re-</strong></span> 
     </span>
     <span class='ocr_line' id='line_1_51' title="bbox 71 4764 1773 4838; baseline 0.001 -18"><span class='ocrx_word' id='word_1_696' title='bbox 71 4764 413 4833; x_wconf 66' lang='lat' dir='ltr'><strong>hisupmastrltubisuum</strong></span> <span class='ocrx_word' id='word_1_697' title='bbox 420 4764 899 4838; x_wconf 66' lang='lat' dir='ltr'><strong>actuosus]carnisassumptione</strong></span> <span class='ocrx_word' id='word_1_698' title='bbox 955 4767 1087 4833; x_wconf 85' lang='lat' dir='ltr'><strong>lativum,</strong></span> <span class='ocrx_word' id='word_1_699' title='bbox 1099 4765 1181 4838; x_wconf 77' lang='lat' dir='ltr'><strong>proed,</strong></span> <span class='ocrx_word' id='word_1_700' title='bbox 1196 4765 1258 4821; x_wconf 88' lang='lat' dir='ltr'><strong>sola</strong></span> <span class='ocrx_word' id='word_1_701' title='bbox 1272 4781 1349 4832; x_wconf 89' lang='lat' dir='ltr'><strong>caro,</strong></span> <span class='ocrx_word' id='word_1_702' title='bbox 1366 4765 1416 4821; x_wconf 89' lang='lat' dir='ltr'><strong>sed</strong></span> <span class='ocrx_word' id='word_1_703' title='bbox 1442 4781 1566 4837; x_wconf 91' lang='lat' dir='ltr'><strong>persona</strong></span> <span class='ocrx_word' id='word_1_704' title='bbox 1580 4764 1773 4838; x_wconf 79' lang='lat' dir='ltr'><strong>significatur.</strong></span> 
     </span>
     <span class='ocr_line' id='line_1_52' title="bbox 73 4852 1776 4927; baseline 0.001 -16"><span class='ocrx_word' id='word_1_705' title='bbox 73 4852 901 4927; x_wconf 72' lang='lat' dir='ltr'><strong>nobiscumestuharitatanobiseumestpruteotiune.llic</strong></span> <span class='ocrx_word' id='word_1_706' title='bbox 954 4856 1097 4912; x_wconf 88' lang='lat' dir='ltr'><strong>Neutrum</strong></span> <span class='ocrx_word' id='word_1_707' title='bbox 1112 4858 1208 4910; x_wconf 87' lang='lat' dir='ltr'><strong>tumen</strong></span> <span class='ocrx_word' id='word_1_708' title='bbox 1226 4853 1353 4926; x_wconf 89' lang='lat' dir='ltr'><strong>positum</strong></span> <span class='ocrx_word' id='word_1_709' title='bbox 1369 4858 1425 4923; x_wconf 86' lang='lat' dir='ltr'><strong>est,</strong></span> <span class='ocrx_word' id='word_1_710' title='bbox 1441 4854 1477 4909; x_wconf 91' lang='lat' dir='ltr'><strong>ad</strong></span> <span class='ocrx_word' id='word_1_711' title='bbox 1499 4854 1640 4925; x_wconf 88' lang='lat' dir='ltr'><strong>majorem</strong></span> <span class='ocrx_word' id='word_1_712' title='bbox 1668 4855 1709 4911; x_wconf 90' lang='lat' dir='ltr'><strong>rei</strong></span> <span class='ocrx_word' id='word_1_713' title='bbox 1726 4872 1776 4912; x_wconf 90' lang='lat' dir='ltr'><strong>ex·</strong></span> 
     </span>
     <span class='ocr_line' id='line_1_53' title="bbox 74 4941 1776 5017; baseline 0.002 -20"><span class='ocrx_word' id='word_1_714' title='bbox 74 4941 262 5015; x_wconf 63' lang='lat' dir='ltr'><strong>oriainquit,</strong></span> <span class='ocrx_word' id='word_1_715' title='bbox 272 4959 404 5012; x_wconf 65' lang='lat' dir='ltr'><strong>marusa</strong></span> <span class='ocrx_word' id='word_1_716' title='bbox 421 4943 457 5000; x_wconf 77' lang='lat' dir='ltr'><strong>ut</strong></span> <span class='ocrx_word' id='word_1_717' title='bbox 471 4958 536 5011; x_wconf 73' lang='lat' dir='ltr'><strong>aere</strong></span> <span class='ocrx_word' id='word_1_718' title='bbox 548 4943 828 5015; x_wconf 82' lang='lat' dir='ltr'><strong>magnus,quoniam</strong></span> <span class='ocrx_word' id='word_1_719' title='bbox 836 4945 901 5016; x_wconf 90' lang='lat' dir='ltr'><strong>ejus</strong></span> <span class='ocrx_word' id='word_1_720' title='bbox 955 4943 1148 5017; x_wconf 89' lang='lat' dir='ltr'><strong>pressionem.</strong></span> <span class='ocrx_word' id='word_1_721' title='bbox 1164 4941 1194 4999; x_wconf 86' lang='lat' dir='ltr'><strong>Si</strong></span> <span class='ocrx_word' id='word_1_722' title='bbox 1206 4942 1283 4998; x_wconf 91' lang='lat' dir='ltr'><strong>enim</strong></span> <span class='ocrx_word' id='word_1_723' title='bbox 1295 4941 1472 4998; x_wconf 81' lang='lat' dir='ltr'><strong>dixissetillo</strong></span> <span class='ocrx_word' id='word_1_724' title='bbox 1489 4948 1609 4999; x_wconf 89' lang='lat' dir='ltr'><strong>sanctus</strong></span> <span class='ocrx_word' id='word_1_725' title='bbox 1623 4942 1720 5012; x_wconf 90' lang='lat' dir='ltr'><strong>bomo,</strong></span> <span class='ocrx_word' id='word_1_726' title='bbox 1732 4943 1776 5000; x_wconf 89' lang='lat' dir='ltr'><strong>vel</strong></span> 
     </span>
     <span class='ocr_line' id='line_1_54' title="bbox 75 5030 1778 5106; baseline 0.001 -18"><span class='ocrx_word' id='word_1_727' title='bbox 75 5030 899 5106; x_wconf 72' lang='lat' dir='ltr'><strong>magnitudinisnonestfinisdtfitt&#39;usdltieat&#39;miuocabitur,</strong></span> <span class='ocrx_word' id='word_1_728' title='bbox 955 5031 1207 5100; x_wconf 78' lang='lat' dir='ltr'><strong>illesanotusvir,</strong></span> <span class='ocrx_word' id='word_1_729' title='bbox 1224 5048 1328 5104; x_wconf 88' lang='lat' dir='ltr'><strong>porum</strong></span> <span class='ocrx_word' id='word_1_730' title='bbox 1348 5031 1456 5087; x_wconf 81' lang='lat' dir='ltr'><strong>dixisse</strong></span> <span class='ocrx_word' id='word_1_731' title='bbox 1482 5031 1639 5102; x_wconf 86' lang='lat' dir='ltr'><strong>videretur,</strong></span> <span class='ocrx_word' id='word_1_732' title='bbox 1670 5033 1721 5089; x_wconf 86' lang='lat' dir='ltr'><strong>sed</strong></span> <span class='ocrx_word' id='word_1_733' title='bbox 1737 5032 1778 5090; x_wconf 86' lang='lat' dir='ltr'><strong>ait</strong></span> 
     </span>
     <span class='ocr_line' id='line_1_55' title="bbox 73 5118 1778 5195; baseline 0.001 -18"><span class='ocrx_word' id='word_1_734' title='bbox 73 5118 359 5193; x_wconf 66' lang='lat' dir='ltr'><strong>moadcptiapsaed</strong></span> <span class='ocrx_word' id='word_1_735' title='bbox 369 5118 655 5186; x_wconf 81' lang='lat' dir='ltr'><strong>naturalis.Sedcum</strong></span> <span class='ocrx_word' id='word_1_736' title='bbox 667 5119 704 5175; x_wconf 90' lang='lat' dir='ltr'><strong>ab</strong></span> <span class='ocrx_word' id='word_1_737' title='bbox 716 5125 824 5177; x_wconf 82' lang='lat' dir='ltr'><strong>aterno</strong></span> <span class='ocrx_word' id='word_1_738' title='bbox 836 5121 900 5178; x_wconf 87' lang='lat' dir='ltr'><strong>lue·</strong></span> <span class='ocrx_word' id='word_1_739' title='bbox 954 5120 1027 5179; x_wconf 93' lang='lat' dir='ltr'><strong>illud</strong></span> <span class='ocrx_word' id='word_1_740' title='bbox 1042 5129 1183 5190; x_wconf 63' lang='lat' dir='ltr'><strong>sunctum</strong></span> <span class='ocrx_word' id='word_1_741' title='bbox 1200 5137 1234 5175; x_wconf 89' lang='lat' dir='ltr'><strong>ao</strong></span> <span class='ocrx_word' id='word_1_742' title='bbox 1250 5119 1274 5177; x_wconf 85' lang='lat' dir='ltr'><strong>ei</strong></span> <span class='ocrx_word' id='word_1_743' title='bbox 1291 5124 1389 5192; x_wconf 87' lang='lat' dir='ltr'><strong>aperte</strong></span> <span class='ocrx_word' id='word_1_744' title='bbox 1405 5120 1553 5177; x_wconf 88' lang='lat' dir='ltr'><strong>diceretur</strong></span> <span class='ocrx_word' id='word_1_745' title='bbox 1568 5138 1576 5177; x_wconf 78' lang='lat' dir='ltr'><strong>t</strong></span> <span class='ocrx_word' id='word_1_746' title='bbox 1594 5121 1644 5178; x_wconf 90' lang='lat' dir='ltr'><strong>llle</strong></span> <span class='ocrx_word' id='word_1_747' title='bbox 1671 5121 1702 5178; x_wconf 88' lang='lat' dir='ltr'><strong>iu</strong></span> <span class='ocrx_word' id='word_1_748' title='bbox 1718 5138 1778 5195; x_wconf 91' lang='lat' dir='ltr'><strong>quo</strong></span> 
     </span>
     <span class='ocr_line' id='line_1_56' title="bbox 74 5207 1633 5283; baseline -0.002 -18"><span class='ocrx_word' id='word_1_749' title='bbox 74 5208 900 5283; x_wconf 65' lang='lat' dir='ltr'><strong>ritmpueetliiliusriltissimi,quarcoitzPerluturum</strong></span> <span class='ocrx_word' id='word_1_750' title='bbox 954 5208 1028 5266; x_wconf 90' lang='lat' dir='ltr'><strong>nibil</strong></span> <span class='ocrx_word' id='word_1_751' title='bbox 1043 5208 1101 5265; x_wconf 90' lang='lat' dir='ltr'><strong>nisi</strong></span> <span class='ocrx_word' id='word_1_752' title='bbox 1117 5207 1267 5273; x_wconf 84' lang='lat' dir='ltr'><strong>sanctitas,</strong></span> <span class='ocrx_word' id='word_1_753' title='bbox 1284 5208 1358 5264; x_wconf 88' lang='lat' dir='ltr'><strong>nihil</strong></span> <span class='ocrx_word' id='word_1_754' title='bbox 1374 5207 1429 5264; x_wconf 88' lang='lat' dir='ltr'><strong>nisi</strong></span> <span class='ocrx_word' id='word_1_755' title='bbox 1445 5208 1561 5263; x_wconf 90' lang='lat' dir='ltr'><strong>bonitas</strong></span> <span class='ocrx_word' id='word_1_756' title='bbox 1577 5213 1633 5264; x_wconf 90' lang='lat' dir='ltr'><strong>est.</strong></span> 
     </span>
     <span class='ocr_line' id='line_1_57' title="bbox 73 5283 1777 5371; baseline -0.001 -16"><span class='ocrx_word' id='word_1_757' title='bbox 73 5283 281 5371; x_wconf 51' lang='lat' dir='ltr'><strong>erit&#39;msguus,</strong></span> <span class='ocrx_word' id='word_1_758' title='bbox 292 5296 898 5367; x_wconf 72' lang='lat' dir='ltr'><strong>stultissimieiliustad-humanitatem,</strong></span> <span class='ocrx_word' id='word_1_759' title='bbox 990 5301 1022 5354; x_wconf 79' lang='lat' dir='ltr'><strong>Et</strong></span> <span class='ocrx_word' id='word_1_760' title='bbox 1037 5314 1096 5354; x_wconf 84' lang='lat' dir='ltr'><strong>ecce</strong></span> <span class='ocrx_word' id='word_1_761' title='bbox 1108 5297 1250 5352; x_wconf 69' lang='lat' dir='ltr'><strong>Elisabeth</strong></span> <span class='ocrx_word' id='word_1_762' title='bbox 1261 5305 1376 5368; x_wconf 68' lang='lat' dir='ltr'><strong>coenatu</strong></span> <span class='ocrx_word' id='word_1_763' title='bbox 1397 5305 1454 5363; x_wconf 85' lang='lat' dir='ltr'><strong>tac,</strong></span> <span class='ocrx_word' id='word_1_764' title='bbox 1471 5306 1496 5352; x_wconf 87' lang='lat' dir='ltr'><strong>ct</strong></span> <span class='ocrx_word' id='word_1_765' title='bbox 1512 5300 1573 5370; x_wconf 81' lang='lat' dir='ltr'><strong>ipsa</strong></span> <span class='ocrx_word' id='word_1_766' title='bbox 1598 5300 1724 5368; x_wconf 83' lang='lat' dir='ltr'><strong>concepit</strong></span> <span class='ocrx_word' id='word_1_767' title='bbox 1744 5299 1777 5370; x_wconf 78' lang='lat' dir='ltr'><strong>fi·</strong></span> 
     </span>
     <span class='ocr_line' id='line_1_58' title="bbox 74 5384 1778 5460; baseline -0.002 -15"><span class='ocrx_word' id='word_1_768' title='bbox 74 5385 156 5454; x_wconf 69' lang='lat' dir='ltr'><strong>etad</strong></span> <span class='ocrx_word' id='word_1_769' title='bbox 171 5385 326 5451; x_wconf 83' lang='lat' dir='ltr'><strong>huminum</strong></span> <span class='ocrx_word' id='word_1_770' title='bbox 342 5385 476 5443; x_wconf 88' lang='lat' dir='ltr'><strong>notitiam</strong></span> <span class='ocrx_word' id='word_1_771' title='bbox 492 5384 678 5444; x_wconf 82' lang='lat' dir='ltr'><strong>referendum</strong></span> <span class='ocrx_word' id='word_1_772' title='bbox 693 5386 749 5455; x_wconf 84' lang='lat' dir='ltr'><strong>eet,</strong></span> <span class='ocrx_word' id='word_1_773' title='bbox 761 5384 900 5458; x_wconf 88' lang='lat' dir='ltr'><strong>quoniam</strong></span> <span class='ocrx_word' id='word_1_774' title='bbox 955 5387 1025 5444; x_wconf 86' lang='lat' dir='ltr'><strong>liom</strong></span> <span class='ocrx_word' id='word_1_775' title='bbox 1040 5389 1070 5442; x_wconf 86' lang='lat' dir='ltr'><strong>io</strong></span> <span class='ocrx_word' id='word_1_776' title='bbox 1082 5392 1217 5442; x_wconf 82' lang='lat' dir='ltr'><strong>serectute</strong></span> <span class='ocrx_word' id='word_1_777' title='bbox 1230 5401 1291 5440; x_wconf 85' lang='lat' dir='ltr'><strong>suo.</strong></span> <span class='ocrx_word' id='word_1_778' title='bbox 1304 5386 1463 5457; x_wconf 90' lang='lat' dir='ltr'><strong>Postquam</strong></span> <span class='ocrx_word' id='word_1_779' title='bbox 1474 5387 1564 5442; x_wconf 82' lang='lat' dir='ltr'><strong>beate</strong></span> <span class='ocrx_word' id='word_1_780' title='bbox 1574 5385 1689 5459; x_wconf 83' lang='lat' dir='ltr'><strong>Virgini</strong></span> <span class='ocrx_word' id='word_1_781' title='bbox 1706 5403 1778 5460; x_wconf 82' lang='lat' dir='ltr'><strong>gau-</strong></span> 
     </span>
     <span class='ocr_line' id='line_1_59' title="bbox 75 5473 1779 5551; baseline -0.001 -18"><span class='ocrx_word' id='word_1_782' title='bbox 75 5474 361 5551; x_wconf 58' lang='lat' dir='ltr'><strong>reprimeremus</strong></span> <span class='ocrx_word' id='word_1_783' title='bbox 376 5473 764 5533; x_wconf 83' lang='lat' dir='ltr'><strong>secundumbumanitatem</strong></span> <span class='ocrx_word' id='word_1_784' title='bbox 772 5474 900 5533; x_wconf 77' lang='lat' dir='ltr'><strong>estima—</strong></span> <span class='ocrx_word' id='word_1_785' title='bbox 954 5476 1036 5535; x_wconf 88' lang='lat' dir='ltr'><strong>dium</strong></span> <span class='ocrx_word' id='word_1_786' title='bbox 1049 5491 1137 5532; x_wconf 88' lang='lat' dir='ltr'><strong>suum</strong></span> <span class='ocrx_word' id='word_1_787' title='bbox 1149 5473 1317 5529; x_wconf 88' lang='lat' dir='ltr'><strong>nuntiatum</strong></span> <span class='ocrx_word' id='word_1_788' title='bbox 1329 5478 1383 5539; x_wconf 87' lang='lat' dir='ltr'><strong>est,</strong></span> <span class='ocrx_word' id='word_1_789' title='bbox 1395 5475 1548 5531; x_wconf 89' lang='lat' dir='ltr'><strong>nuntiatur</strong></span> <span class='ocrx_word' id='word_1_790' title='bbox 1558 5475 1584 5531; x_wconf 90' lang='lat' dir='ltr'><strong>ei</strong></span> <span class='ocrx_word' id='word_1_791' title='bbox 1595 5480 1625 5531; x_wconf 88' lang='lat' dir='ltr'><strong>et</strong></span> <span class='ocrx_word' id='word_1_792' title='bbox 1637 5474 1779 5548; x_wconf 85' lang='lat' dir='ltr'><strong>gaudium</strong></span> 
     </span>
     <span class='ocr_line' id='line_1_60' title="bbox 46 5554 1785 5644; baseline -0.001 -22"><span class='ocrx_word' id='word_1_793' title='bbox 46 5554 49 5558; x_wconf 45' lang='lat'><strong>⁴</strong></span> <span class='ocrx_word' id='word_1_794' title='bbox 76 5564 901 5644; x_wconf 62' lang='lat' dir='ltr'><strong>taustpoetesmeguusaetimatuaestpostcamaguus</strong></span> <span class='ocrx_word' id='word_1_795' title='bbox 955 5570 1084 5640; x_wconf 79' lang='lat' dir='ltr'><strong>cognata</strong></span> <span class='ocrx_word' id='word_1_796' title='bbox 1101 5563 1332 5631; x_wconf 73' lang='lat' dir='ltr'><strong>mammaeae,</strong></span> <span class='ocrx_word' id='word_1_797' title='bbox 1350 5565 1383 5618; x_wconf 92' lang='lat' dir='ltr'><strong>ut</strong></span> <span class='ocrx_word' id='word_1_798' title='bbox 1396 5563 1438 5619; x_wconf 86' lang='lat' dir='ltr'><strong>ita</strong></span> <span class='ocrx_word' id='word_1_799' title='bbox 1452 5563 1595 5636; x_wconf 83' lang='lat' dir='ltr'><strong>gaudium</strong></span> <span class='ocrx_word' id='word_1_800' title='bbox 1611 5561 1719 5638; x_wconf 80' lang='lat' dir='ltr'><strong>gaudio</strong></span> <span class='ocrx_word' id='word_1_801' title='bbox 1736 5579 1785 5627; x_wconf 89' lang='lat' dir='ltr'><strong>ou.</strong></span> 
     </span>
    </p>
   </div>
   <div class='ocr_carea' id='block_1_4' title="bbox 0 0 1929 6006">
    <p class='ocr_par' dir='ltr' id='par_1_4' title="bbox 0 0 1929 6006">
     <span class='ocr_line' id='line_1_61' title="bbox 0 0 1929 6006; baseline 0 0"><span class='ocrx_word' id='word_1_802' title='bbox 0 0 1929 6006; x_wconf 95' lang='lat' dir='ltr'><strong> </strong></span> 
     </span>
    </p>
   </div>
  </div>
 </body>
</html>
