3816 6006
106 264 184 332 {089
438 269 617 330 HOMILIAE
637 269 677 330 ΙΝ
699 268 823 330 aelst.
847 269 897 330 ΕΤ
918 267 1062 330 EVANG.
1086 269 1261 331 ootltltlc.
1279 301 1318 313 —
1331 266 1431 330 PARS
1452 265 1477 329 l.
1730 266 1809 331 idm

105 399 267 459 caelestium
282 402 457 476 gaudiorum
472 404 645 477 gaudemus,
662 382 719 459 non
735 401 766 458 in
781 405 928 473 re,tanien
945 403 971 470 Α
985 400 1086 459 subdit
1100 421 1107 459 :
1124 403 1255 459 Dominus
1279 418 1360 475 oropc
1387 408 1434 459 est.
1451 401 1503 459 ltst
1531 397 1639 476 quippe
1664 400 1808 461 Dominus

104 491 275 564 plusquam
292 491 322 547 in
339 508 389 564 spe
415 493 590 564 gaudemus,
604 493 743 565 quoniam
767 499 795 548 et
821 493 845 548 si
870 511 927 549 non
984 490 1806 565 modestisprope.Propesimilitudine,propedilectione,

104 579 249 637 habemus
265 579 311 635 bic
327 598 398 649 rem,
414 580 558 637 habemus
572 587 671 638 tamon
694 582 821 643 arrham.
839 600 927 655 quam
984 599 1072 655 prope
1081 582 1324 637 remuneratione.
1335 581 1477 648 Quoniam
1489 597 1562 653 quos
1573 597 1624 653 per
1634 579 1806 638 modestiam

104 669 261 743 Apostolus
273 672 414 743 primitias
432 673 544 744 spiritus
559 681 634 727 eccm
651 672 735 744 (dom.
747 674 820 741 mul,
837 673 929 727 uirtu-
984 672 1029 729 sui
1042 670 1152 727 similes
1164 674 1284 744 spectat,
1295 670 1391 743 diligit
1400 675 1428 726 et
1439 665 1616 726 remunerat.
1629 669 1694 725 Hae
1703 669 1807 740 virtus,

104 762 149 815 tes
163 758 307 828 videlicet,
322 764 349 815 et
365 759 441 816 dona
456 761 583 832 Spiritus
596 761 699 816 sancti.
717 762 814 818 lllonet
839 762 930 835 igilur
984 763 1098 830 tratres,
1116 762 1234 833 Moysen
1260 769 1287 816 et
1302 760 1402 826 David,
1415 759 1472 816 Deo
1487 763 1623 833 gratoset
1637 757 1809 817 bominibus

103 847 260 922 Apostolus
275 853 308 904 ut
322 850 504 922 gaudeamus
520 851 549 905 in
562 868 617 906 usu
629 851 782 919 virtutum,
794 856 822 907 ct
836 852 865 907 in
879 870 929 925 spo
985 851 1089 919 ellecit,
1100 867 1225 922 qnorum
1242 849 1316 905 alter
1329 847 1437 921 legitur
1449 865 1500 921 pro
1516 847 1643 904 inimicis
1655 847 1716 905 auis
1727 864 1808 906 oras·

102 937 300 1012 premiorum.
317 939 502 994 Gaudeamus
518 939 547 994 in
563 957 618 994 usu
635 941 784 1005 bonitatis,
795 946 823 997 et
838 941 867 996 in
879 959 929 1014 spo
985 957 1025 1008 sc,
1043 940 1115 995 alter
1129 957 1195 996 vero
1213 939 1341 1007 inimico,
1360 955 1447 995 snum
1463 937 1636 1012 sanguinem
1656 937 1806 1010 querenti,

102 1025 928 1099 beatitudinistlaudeamusinusumundmconscientiee,
984 1030 1159 1103 pepercisse.
1183 1029 1334 1085 Diseamus
1361 1033 1389 1084 et
1415 1044 1479 1094 uos,
1503 1028 1616 1095 tratres,
1633 1025 1808 1084 modestiam

103 1115 176 1172 etin
192 1132 244 1189 spe
260 1116 581 1188 sescentesimum,
594 1119 709 1185 tratres
725 1120 866 1193 gaudium
886 1126 930 1176 est
984 1120 1014 1174 in
1029 1120 1168 1175 omnibus
1181 1121 1288 1185 tenere,
1302 1121 1399 1172 motus
1415 1117 1511 1172 cordis
1535 1115 1627 1172 nostri
1651 1115 1808 1186 refrenare,

103 1221 256 1279 magnum,
273 1206 324 1262 sed
338 1206 500 1261 secundum
516 1211 560 1263 est
575 1207 746 1264 maximum.
760 1209 834 1275 Quid
851 1209 929 1265 enim
985 1207 1205 1280 nobismetipsis
1218 1206 1373 1274 dominari,
1390 1206 1514 1263 aliorum
1532 1204 1730 1261 dissonantiae
1745 1220 1808 1261 mo-

103 1293 152 1349 hie
166 1294 606 1368 laetiusquidjuoundius,quid
617 1296 818 1353 delectabilius
829 1298 929 1354 haberi
984 1298 1088 1365 derari,
1102 1299 1169 1362 Deo,
1188 1296 1238 1369 qui
1254 1297 1316 1352 sine
1330 1299 1411 1352 motu
1427 1295 1526 1350 omnia
1540 1294 1620 1360 lacit,
1638 1292 1806 1363 assimilari,

103 1387 211 1456 potest,
228 1400 316 1456 quam
331 1384 407 1440 inter
421 1386 549 1441 mundos
564 1387 684 1453 munde,
701 1391 729 1441 et
743 1386 819 1442 inter
834 1388 929 1445 ebrios
984 1392 1016 1442 ut
1031 1389 1068 1442 ab
1084 1404 1116 1443 eo
1133 1403 1300 1442 mereamus
1314 1385 1395 1459 diligi
1407 1383 1720 1455 etremunerariduxla
1730 1384 1808 1456 quod

102 1471 320 1541 vivareeobrie,
338 1475 541 1546 quomomuia
560 1475 710 1531 mundane
736 1477 929 1548 subpedibus
984 1477 1046 1549 ipse
1075 1477 1336 1549 promisit:ltcoti,
1360 1475 1466 1548 inquit,
1496 1473 1732 1546 mitesquontorn
1752 1473 1809 1547 ipsi

104 1560 223 1628 habere,
233 1578 291 1617 non
306 1563 435 1620 adversis
452 1564 713 1637 trangi,prosperis
724 1582 781 1620 non
793 1565 927 1632 emolliri,
980 1566 1155 1638 possidebunt
1170 1573 1271 1622 terrum
1286 1565 1395 1634 (tlotth.
1408 1565 1486 1642 nl).

103 1649 201 1707 solum
212 1649 304 1707 Deum
320 1652 432 1721 timere,
441 1655 582 1709 mundam
592 1655 801 1711 conscientiam
811 1655 927 1722 habere,
1019 1656 1157 1728 Sequitur
1171 1672 1240 1727 pars
1254 1653 1348 1719 tertia,
1358 1653 1386 1708 iu
1405 1670 1464 1725 qua
1479 1657 1579 1709 monet
1587 1667 1640 1709 nos
1654 1651 1807 1724 Apostolus

103 1754 205 1797 secure
219 1740 323 1809 vivere,
340 1746 461 1797 mortem
480 1759 537 1797 non
556 1744 669 1812 timere,
687 1744 736 1800 scd
762 1745 848 1799 etiam
874 1762 966 1844 cae-B
985 1745 1048 1800 sine
1064 1743 1259 1799 sollicitudine
1275 1760 1367 1812 orare,
1384 1743 1493 1799 diceus.
1511 1742 1587 1798 Nihil
1601 1741 1718 1798 solliciti
1735 1742 1806 1810 sitt's,

102 1828 188 1888 lastia
201 1830 310 1903 gaudia
324 1835 424 1903 optare
439 1835 467 1887 et
477 1848 543 1887 cum
555 1833 729 1890 certitudine
740 1837 928 1907 exspectare?
983 1834 1029 1890 sed
1047 1836 1077 1889 ln
1091 1835 1167 1889 omni
1181 1835 1314 1898 ortillano,
1330 1837 1385 1888 ete.
1402 1833 1438 1887 El
1462 1829 1674 1899 convenienter,
1691 1831 1806 1901 tratres,

105 1917 158 1976 Per
172 1920 227 1976 hoc
242 1919 360 1993 quippo,
377 1920 492 1988 tratres,
507 1922 605 1979 divina
619 1922 742 1979 dulcedo
759 1941 815 1978 non
832 1922 928 1980 solum
983 1924 1054 1978 dum
1070 1923 1204 1978 hortatur
1219 1939 1271 1977 nos
1286 1921 1323 1977 ad
1338 1922 1481 1977 orandum
1498 1917 1639 1994 praemisit
1650 1934 1657 1974 :
1669 1916 1809 1978 delitent

103 2013 299 2082 exspectatur,
316 2009 366 2064 sed
392 2014 421 2065 et
445 2010 645 2081 praeodoratur
669 2016 696 2067 et
720 2018 927 2087 pregustatur.
984 2013 1053 2068 liciti
1066 2015 1137 2069 sitis.
1154 2011 1233 2068 Nihil
1249 2005 1327 2067 enirn
1344 2009 1410 2083 plus
1425 2010 1547 2083 impedit
1561 2011 1694 2066 orantem
1717 2025 1806 2082 quam

103 2095 163 2154 ll'oc
178 2101 405 2172 praegustaverat
419 2098 572 2171 Propheta,
589 2099 638 2173 qui
654 2101 803 2157 admirans
815 2107 843 2158 et
857 2120 929 2175 gau·
983 2101 1158 2158 sollicitudo.
1175 2102 1204 2157 Si
1221 2100 1299 2156 enim
1315 2101 1429 2166 tratres,
1447 2098 1545 2155 nullus
1570 2098 1612 2155 ita
1634 2099 1708 2155 liber
1731 2101 1808 2157 esta

104 2185 177 2243 dens
192 2187 308 2244 dicebat
324 2203 330 2245 :
348 2189 435 2257 Quam
448 2189 532 2244 bonos
546 2190 630 2245 lsrael
645 2192 714 2246 Deus
730 2192 772 2246 tels
788 2194 837 2263 qai
857 2201 928 2248 recto
984 2192 1061 2247 curis
1076 2190 1276 2256 smcularibus,
1290 2194 1318 2245 et
1333 2188 1456 2245 orationi
1471 2188 1602 2256 devotus,
1621 2188 1671 2261 qui
1695 2186 1724 2244 in
1740 2204 1806 2245 ora·

103 2285 169 2333 soret
181 2277 260 2333 corde
274 2278 358 2350 (Psol.
377 2280 472 2347 nrxu).
488 2279 530 2333 Ad
548 2279 626 2350 quod
642 2280 858 2352 degustandum
875 2299 928 2338 nos
983 2281 1244 2353 tionequandoque
1255 2277 1806 2350 insultusdemoniorumphantasma·

104 2366 193 2422 etiam
216 2365 351 2423 hortatur
373 2367 475 2424 dicens
492 2385 498 2421 :
517 2367 625 2423 Gustata
647 2376 672 2424 ct
694 2370 780 2425 letne
799 2373 929 2442 quoniam
982 2373 1013 2425 la
1028 2371 1237 2442 cogitationum
1254 2385 1395 2424 vanarum
1411 2385 1468 2423 non
1480 2365 1806 2436 sentiat.0uid‚lratres

103 2457 195 2511 suauis
217 2462 257 2511 eat
278 2457 410 2512 Dominus
431 2457 515 2525 (Pscl.
533 2457 642 2529 xxxur).
659 2457 718 2513 lloc
743 2459 856 2530 fratrea,
874 2459 927 2516 boc
983 2460 1049 2527 mei,
1063 2459 1132 2533 quid
1160 2459 1269 2532 putatis
1294 2459 1329 2514 de
1354 2457 1424 2524 illis,
1441 2473 1565 2530 quorum
1591 2459 1652 2512 lota
1675 2459 1807 2515 mensal

104 2548 148 2600 est
163 2543 304 2617 gaudium
320 2545 349 2600 in
366 2545 477 2618 Spiritu
493 2549 604 2601 saneto.
618 2548 674 2602 lloc
689 2552 733 2603 est
747 2566 848 2604 verum
860 2567 929 2622 gau·
982 2548 1160 2605 desiderium
1175 2553 1307 2605 uersatur
1322 2548 1351 2603 in
1368 2545 1576 2619 temporalium
1592 2544 1807 2604 sollicitudine?

103 2631 195 2702 dium,
206 2648 307 2689 verum
323 2634 481 2691 sabhatum
498 2636 615 2692 montis.
626 2637 665 2692 lle
679 2654 736 2709 quo
752 2637 839 2693 etiam
851 2638 930 2695 Salo·
983 2639 1016 2694 Hi
1038 2639 1177 2694 nimirum
1194 2638 1219 2694 si
1236 2638 1412 2712 quandoque
1437 2653 1519 2693 orare
1544 2634 1694 2709 coeperint,
1706 2634 1804 2693 statim

103 2739 172 2778 mon
189 2739 195 2778 :
211 2723 313 2780 Securo
333 2739 419 2791 mans,
443 2724 549 2795 inquit,
565 2726 633 2796 jaspe
659 2729 815 2783 contriciam
836 2729 925 2800 (Pron.
982 2728 1091 2783 revolat
1107 2745 1190 2784 mens
1206 2729 1240 2783 ad
1257 2725 1553 2799 consueta,quouiam
1568 2724 1618 2780 ubi
1631 2728 1677 2782 est
1691 2723 1807 2782 thesau-

102 2811 160 2885 ιν).
177 2811 246 2880 Hoc,
258 2811 373 2880 tratres,
388 2812 527 2885 gaudium
545 2830 601 2869 uon
627 2814 799 2871 miscebitur
817 2817 926 2884 dolore,
981 2835 1032 2872 rus
1049 2833 1132 2889 suus,
1151 2815 1190 2872 ibi
1206 2820 1250 2872 est
1264 2820 1293 2872 et
1308 2833 1356 2872 cor
1380 2832 1467 2871 suum
1483 2814 1587 2883 (llctth.
1603 2816 1654 2883 vr).
1670 2813 1804 2882 Proinde,

103 2902 154 2957 sed
171 2902 207 2957 ad
223 2918 374 2957 summum
397 2905 425 2957 et
449 2903 660 2976 sempiternum
686 2921 739 2961 nos
753 2906 840 2962 duoet
855 2924 926 2980 gau·
981 2908 1096 2973 tratres,
1112 2907 1284 2980 purgandus
1299 2909 1344 2962 cst
1358 2903 1439 2977 prius
1464 2903 1583 2960 animus
1605 2901 1642 2958 ab
1664 2894 1805 2960 amoreet

103 2991 197 3058 dium,
208 2990 341 3047 videlicet
357 2992 393 3047 ad
408 2992 549 3064 gaudium
566 2994 629 3049 sine
642 3011 773 3060 mmrore,
784 2995 847 3050 sine
858 2997 926 3064 fine,
981 2995 1179 3052 sollicitudine
1190 2994 1407 3067 temporalium,
1416 2998 1445 3050 et
1458 2993 1488 3049 in
1498 2993 1557 3048 Deo
1568 2996 1647 3048 totus
1658 2988 1802 3064 figendus,

104 3080 168 3138 sine
192 3085 282 3148 metu,
299 3081 362 3138 siue
388 3083 516 3151 delectu3
540 3083 575 3137 ad
597 3083 737 3155 gaudium
762 3085 792 3139 in
816 3084 926 3142 visione
981 3089 1014 3141 ut
1028 3085 1118 3141 libero
1133 3084 1227 3157 possit
1242 3086 1277 3139 ad
1289 3083 1433 3139 orandum
1449 3082 1541 3138 Deum
1556 3097 1668 3137 vacare.
1678 3078 1734 3137 Sed
1749 3076 1804 3138 elsl

104 3169 165 3238 Ilei,
182 3170 212 3226 in
228 3187 318 3244 quam
334 3170 501 3227 desiderant
515 3171 610 3246 angeli
637 3174 801 3246 prospicere
818 3175 842 3244 (l
855 3178 927 3231 Patr.
945 3157 965 3224 C
983 3174 1159 3248 quandoque
1175 3191 1228 3229 nos
1250 3171 1374 3229 orationi
1399 3170 1602 3227 incumbentes
1623 3168 1804 3243 pulsaverint

104 3262 134 3330 r).
151 3260 294 3327 Quoniam
311 3265 408 3317 autem
424 3278 532 3335 magna
546 3263 654 3335 gaudia
669 3263 762 3320 solent
777 3263 926 3321 hominem
981 3265 1185 3338 suggestiones
1196 3265 1362 3319 demonum
1377 3265 1406 3317 et
1420 3259 1533 3317 nebula
1543 3275 1687 3316 vanarum
1698 3259 1805 3335 cagra-

101 3348 149 3405 hic
179 3349 320 3407 resolvere
342 3353 371 3405 et
397 3350 594 3422 improvidum
619 3351 722 3420 lacere,
739 3353 823 3408 addlt
850 3354 926 3427 Apo·
980 3353 1091 3410 tionum
1110 3354 1270 3409 cavendum
1287 3355 1331 3408 est
1346 3366 1542 3424 summopere,
1559 3349 1672 3419 tratres,
1689 3362 1726 3406 ne
1747 3348 1803 3405 im·

101 3438 207 3494 stolus.
818 3455 821 3462 ¹
981 3439 1671 3513 morentor‚nelortejuxtaSalomonem‚mascae
1683 3440 1804 3497 owrten·

138 3527 271 3584 ttodestlc
286 3535 371 3586 vestra
385 3535 478 3584 nostro
491 3531 530 3584 stt
543 3531 669 3586 omnibus
693 3531 859 3589 dominibus.
875 3534 926 3590 Est
980 3541 1017 3589 aa
1030 3533 1145 3605 perdum
1160 3534 1321 3588 sectatorem
1336 3532 1471 3600 unquenti
1483 3528 1578 3601 (docte.
1594 3527 1692 3597 x),sed
1703 3527 1804 3588 statim

102 3620 211 3684 autem,
223 3615 338 3680 tratres,
348 3616 409 3672 haea
424 3634 491 3690 pars
506 3619 644 3690 secunda,
656 3619 685 3674 in
708 3638 767 3694 qua
782 3628 880 3678 monet
895 3622 924 3678 in
980 3624 1009 3678 in
1026 3621 1222 3694 nosmetipsos
1238 3620 1424 3693 indignantes
1434 3615 1805 3691 vanasquantociusmedi-

101 3705 240 3762 omnibus
255 3721 309 3764 nos
319 3705 467 3763 modestos
481 3724 595 3774 esseae
610 3708 634 3764 si
647 3708 771 3766 diceret:
785 3712 924 3781 Gaudete,
979 3712 1104 3768 tationes
1119 3729 1135 3766 a
1151 3711 1235 3767 nobis
1246 3709 1464 3782 repellarnus,el
1478 3708 1513 3764 ad
1529 3707 1627 3781 ipsam
1637 3706 1801 3765 redeamus.

100 3795 214 3864 tratres,
223 3796 273 3852 sed
290 3797 433 3866 modeste3
451 3795 567 3869 psallite
591 3798 724 3866 Domino,
737 3800 787 3855 sed
809 3802 924 3874 sapien·
979 3801 1128 3874 Scriptum
1149 3804 1192 3856 est
1207 3799 1285 3855 enim
1301 3815 1308 3854 ε
1324 3797 1525 3855 descenderunt
1548 3797 1669 3856 volucres
1692 3797 1764 3866 cccli,
1778 3805 1804 3854 ct

99 3886 153 3940 ter.
172 3885 474 3945 l’orromodestiaest
498 3885 592 3943 virtus
615 3887 692 3943 inter
713 3888 802 3945 nimis
825 3893 854 3946 et
870 3890 924 3946 mi·
978 3891 1102 3962 abigebat
1131 3906 1176 3945 cos
1204 3888 1343 3945 libralem
1365 3887 1440 3957 (Gen.
1465 3888 1522 3959 xv).
1544 3885 1618 3952 Quid
1645 3885 1724 3942 enlm
1752 3893 1805 3959 per

99 3986 167 4042 nus,
182 3976 285 4031 tenens
300 3973 541 4032 mediocritatem.
555 3977 619 4031 llaec
637 3978 731 4034 virtus
754 3983 923 4036 caeterarum
979 3979 1132 4045 sacrificia,
1150 3978 1206 4033 niri
1230 3976 1396 4033 orationes?
1417 3977 1453 4032 Et
1483 3975 1554 4050 quid
1583 3990 1634 4048 per
1657 3973 1801 4042 volucres,

99 4062 233 4120 omnium
244 4063 386 4120 virtutum
402 4063 624 4120 condimentum
635 4070 689 4121 est.
706 4066 923 4140 Impetusenim
979 4068 1035 4124 nisi
1059 4085 1138 4124 vanae
1165 4065 1355 4140 cogitationes
1378 4062 1588 4139 designantur?
1602 4061 1657 4120 Sed
1683 4060 1803 4121 devotus

98 4153 223 4218 estnon
239 4151 474 4225 ratio‚quidquid
490 4153 523 4208 fit
538 4153 600 4210 sine
616 4155 805 4211 moderantiae
831 4157 920 4214 freno.
978 4162 1085 4224 orator,
1110 4172 1176 4211 oum
1206 4171 1285 4210 trans
1312 4153 1502 4227 cogitationes
1526 4167 1614 4224 super
1641 4149 1803 4210 orationem

99 4236 175 4301 Sane
190 4239 334 4297 modestia
348 4240 403 4296 tria
423 4239 500 4311 tacit,
522 4241 591 4297 lacit
605 4242 682 4297 enim
698 4243 846 4300 hominem
863 4264 922 4302 sua
977 4263 1062 4301 suam
1084 4246 1275 4308 descendunt,
1291 4241 1423 4316 exemplo
1447 4240 1579 4309 Abrabae,
1596 4257 1645 4298 eas
1669 4240 1803 4314 protinus

100 4328 207 4389 montis
221 4328 329 4386 habere
353 4328 530 4398 dominium3
548 4331 644 4387 reddit
665 4347 732 4388 eum
751 4331 922 4391 hominibus
976 4332 1103 4406 expellit.

98 4416 299 4494 gratumlaeit
313 4416 338 4474 el
348 4417 506 4474 Dominum
522 4419 731 4491 propinquum.
744 4422 824 4487 Quod
837 4422 923 4478 saciat
1011 4423 1063 4479 Scrl
1078 4424 1107 4478 ln
1122 4423 1198 4478 moni
1212 4422 1344 4485 oratioue,
1361 4418 1466 4492 inquit,
1483 4426 1508 4476 ct
1531 4420 1725 4486 obsecratione,
1740 4432 1804 4479 cum

97 4505 248 4564 bominem
259 4505 366 4564 babere
381 4507 426 4563 sai
443 4506 722 4573 dominium,innuit
736 4527 803 4566 eum
823 4512 924 4583 adjun-
940 4535 962 4599 D
978 4514 1134 4582 pretiorum
1149 4511 1415 4582 octione‚pelttioacs
1429 4515 1524 4564 tratre
1538 4509 1709 4564 inoctcscoot
1731 4507 1804 4580 apud

97 4594 151 4672 git,
167 4599 284 4653 vestra:
301 4596 389 4662 Quasi
405 4597 513 4652 diceret
530 4614 536 4652 :
553 4596 696 4654 Modestia
711 4597 796 4654 iaciat
811 4618 861 4656 vos
877 4619 924 4657 ve·
978 4603 1074 4658 ileum.
1092 4601 1199 4668 Oratio,
1218 4600 1331 4668 tratres,
1347 4594 1463 4656 tantum
1482 4597 1513 4652 sst
1528 4613 1579 4669 pro
1601 4593 1686 4653 bonta
1712 4593 1804 4668 adipi·

98 4685 284 4759 attestante
308 4687 386 4760 quod
412 4683 609 4758 Philosophus
639 4685 698 4741 ait:
716 4686 793 4744 «Vis
818 4688 923 4746 hahere
978 4690 1278 4758 scendis,obsecratio
1294 4706 1345 4762 pro
1361 4687 1448 4744 malis
1460 4685 1653 4743 removendis.
1670 4683 1745 4753 Hac,
1757 4681 1803 4740 in·

97 4787 239 4848 magnum
255 4773 433 4848 imperium?
442 4774 582 4831 Dabotibi
596 4791 736 4848 magnum
748 4777 922 4848 imperium:
979 4781 1053 4854 quit,
1069 4781 1255 4835 innotescant
1266 4779 1343 4851 apud
1359 4778 1463 4841 Deum,
1478 4774 1508 4832 id
1524 4778 1569 4831 est
1583 4772 1655 4830 talla
1669 4772 1804 4835 latiores

98 4860 350 4939 imperatibt.Vis
364 4863 475 4920 multos
491 4863 611 4936 regere?
627 4866 924 4938 regeteipsumlltul-
977 4869 1028 4926 tali
1044 4869 1205 4925 intentione
1225 4871 1370 4940 petantur,
1387 4869 1420 4922 ut
1442 4864 1531 4942 digna
1555 4863 1615 4919 siut
1637 4879 1702 4938 qua
1726 4865 1803 4923 Deus

98 4955 144 5012 tos
159 4951 237 5013 enlm
253 4968 346 5032 rages,
362 4952 387 5010 si
401 4958 428 5010 te
444 4953 516 5009 ratio
532 4953 646 5012 rexerit.
660 4977 673 5005 »
692 4954 765 5011 Hinc
785 4957 922 5015 Salomon
977 4962 1078 5014 noscat
1089 4963 1118 5014 et
1130 4957 1386 5013 audiat.Petamus
1399 4953 1650 5029 igitur‚lratres‚a
1666 4951 1800 5022 Domino,

97 5041 139 5098 att
156 5057 162 5098 :
179 5038 273 5100 llclicr
285 5051 327 5099 est
345 5045 452 5119 potiens
477 5044 535 5098 otro
558 5044 633 5116 sorti,
649 5052 675 5099 et
699 5047 747 5118 qui
765 5045 923 5104 dominatur
976 5065 1033 5105 non
1050 5065 1130 5120 opos,
1147 5064 1204 5103 non
1221 5046 1357 5111 honores,
1375 5043 1538 5100 nonullam
1563 5041 1592 5098 in
1617 5041 1672 5098 hoc
1695 5039 1801 5098 seculo

96 5133 193 5189 antino
211 5147 271 5201 sac,
294 5140 477 5206 expugnatore
499 5132 612 5190 artium
636 5133 727 5205 (Pron.
751 5135 818 5206 xvi).
835 5139 917 5204 Quod
972 5135 1089 5208 longam
1107 5152 1113 5191 z
1131 5153 1194 5208 quae
1215 5133 1266 5207 qui
1286 5135 1399 5205 petunt,
1417 5146 1474 5187 non
1489 5131 1696 5197 exaudiuntur,
1713 5134 1746 5185 ut
1761 5127 1802 5185 ait

96 5218 200 5277 reddat
214 5217 363 5282 bominem
375 5222 545 5280 hominibus
570 5225 685 5295 gratum
713 5227 740 5277 et
760 5223 918 5295 famosum,
972 5225 1110 5290 lacobus,
1122 5241 1155 5279 eo
1176 5224 1252 5297 quod
1270 5220 1388 5296 indigne
1404 5223 1506 5295 petunt
1521 5221 1587 5288 (loc.
1598 5220 1646 5292 lv).
1660 5219 1728 5284 Sed,
1744 5223 1800 5277 [lo-

96 5306 361 5369 ostendissemus
377 5326 383 5364 :
402 5310 470 5366 Noto
494 5312 531 5366 sit
554 5312 679 5366 omnitm
705 5310 870 5384 leontardus,
887 5331 920 5371 uc
974 5313 1053 5369 mino
1070 5314 1200 5381 docente,
1219 5316 1353 5384 petamus
1365 5313 1489 5383 primum
1510 5324 1623 5383 regnum
1640 5308 1702 5373 Dei,
1722 5310 1802 5384 etja-

96 5394 120 5451 st
138 5393 216 5458 dicat
232 5410 238 5452 ε
255 5396 348 5454 ‘l'ant‘a
363 5397 400 5453 sit
415 5398 559 5455 modestia
572 5401 679 5464 vestra,
696 5399 772 5470 quod
798 5401 843 5454 sui
867 5404 920 5458 ad·
974 5405 1080 5459 stitione
1094 5404 1152 5475 ejus
1168 5401 1268 5472 (llottt.
1286 5400 1333 5472 vr).
1350 5400 1487 5456 Petamus
1511 5404 1539 5455 et
1564 5397 1690 5472 qualiter
1713 5396 1800 5455 debe·

95 5484 250 5543 miratione
258 5489 286 5546 at
301 5485 432 5563 exemplo
447 5485 581 5544 homines
596 5487 632 5544 ad
643 5503 674 5543 sc
689 5487 826 5545 attrahat.
840 5489 920 5554 Quod
976 5510 1053 5561 mus,
1071 5492 1156 5548 eorde
1171 5488 1282 5546 scilicet
1297 5493 1324 5546 et
1343 5506 1440 5562 opere,
1455 5493 1567 5546 etcum
1588 5485 1706 5544 ltdueia.
1721 5484 1801 5546 onds

94 5569 185 5632 laetat
196 5572 354 5633 nominum
368 5575 480 5632 homini
498 5575 839 5650 propinquum,ostendit
854 5596 922 5640 eum
975 5581 1102 5640 lacobus
1115 5597 1121 5637 :
1134 5579 1167 5638 Sl
1176 5580 1246 5654 qots,
1259 5577 1363 5651 inquit,
1377 5577 1482 5648 indicat
1494 5575 1645 5650 sapientia,
1653 5575 1800 5648 postulato
