3816 6006
73 262 135 327 913
441 269 652 336 succussu
676 273 843 341 caedor.
867 272 969 340 fflsr.
992 277 1341 350 arenosos-Lis.
1363 285 1419 355 tlt.
1724 293 1783 361 Sil

72 398 208 468 afflictos,
224 405 252 457 et
267 401 424 476 respiciens
440 404 689 477 piehumilitaiem
705 412 901 480 neostram,li-
914 411 944 478 Α
958 419 1076 471 centum
1092 417 1151 474 fere
1166 420 1378 479 'lurcorumilt
1393 423 1547 482 confestim
1563 424 1703 486 clausido
1717 443 1784 491 est·-

72 489 184 546 berarit
198 508 260 547 nos.
277 491 328 547 Hic
343 510 396 564 pro
413 495 497 551 nobis
512 498 759 569 pugnavit,hicad
776 499 900 557 nihilum
956 520 1020 560 cere
1036 522 1086 561 rex
1100 511 1129 562 et
1144 508 1192 564 alii
1209 514 1279 566 tuno
1299 512 1467 584 ejiciuntur.
1490 514 1593 572 Adhuc
1617 521 1700 577 erant
1727 519 1783 579 ali-

71 578 209 635 inimicos
226 585 341 637 nostros
357 583 480 640 reduxit.
499 586 547 640 llic
563 603 679 658 semper
699 588 813 645 vincere
829 607 900 646 eon·
955 594 1057 665 quanti
1074 599 1242 669 compediti,
1260 602 1377 672 quando
1389 602 1785 676 jamperscalesmurifasti-

70 670 176 736 suerii,
195 669 245 741 qui
261 688 413 742 nunquam
439 673 574 730 vincitur.
592 676 725 748 Superat,
743 695 795 734 nec
816 698 899 753 supe·
954 684 1035 756 gium
1051 685 1271 743 inscendebant.
1289 691 1323 745 Et
1337 690 1446 747 elevato
1462 692 1492 748 iu
1508 694 1583 749 arcis
1597 695 1679 767 apice
1698 696 1783 752 Chri-

70 763 164 813 ratur.
181 759 243 814 Non
261 759 344 827 fallit,
362 778 415 817 nec
432 762 551 820 fallitur.
570 765 628 820 Rex
643 767 779 838 equidem
796 774 898 836 estre-
952 774 1116 831 stianorum
1133 776 1247 844 vexillo,
1265 778 1305 833 rei
1321 780 1427 835 veritas
1440 781 1585 852 patefacta
1599 787 1654 839 est.
1681 784 1713 841 ln
1728 802 1780 843 ea·
1875 779 1880 788 ’

69 853 115 902 cte
129 849 207 902 enim
221 851 290 921 egit.
309 851 458 915 Quomodo
472 869 539 925 ergo
561 855 690 923 rexerit,
717 856 767 928 qui
782 875 898 929 sempor
952 864 1018 918 dem
1033 882 1100 920 vero
1117 883 1182 921 arce
1197 883 1270 921 uxor
1283 872 1344 923 erat
1360 868 1456 937 Baiae,
1473 871 1583 927 cacteris
1599 889 1674 945 quas
1695 873 1782 937 habe·

68 935 149 992 vitiis
164 937 313 993 vincitur?
329 939 466 1011 Nunquid
483 949 664 1013 promeretur
687 945 743 1000 diei
771 964 819 1002 rex
845 949 894 1022 qui
951 952 1001 1007 bat
1013 953 1068 1009 sibi
1086 954 1209 1010 charior.
1227 960 1326 1012 Castro
1341 962 1438 1014 autem
1455 976 1472 1014 a
1487 961 1590 1016 Turris
1606 977 1673 1018 mox
1697 963 1781 1020 undi-

68 1041 187 1097 semper
201 1026 344 1083 habeatur
358 1028 462 1084 exlex?
477 1031 550 1097 Quia
563 1031 655 1104 legem
672 1034 722 1090 Dei
739 1053 791 1091 nee
807 1040 893 1106 tenet,
950 1058 1006 1113 que
1022 1043 1128 1110 cincto,
1145 1043 1296 1117 ingressus
1312 1049 1341 1102 et
1355 1064 1491 1119 egressus
1507 1048 1630 1106 internis
1644 1056 1673 1106 et
1688 1057 1782 1109 exter·

67 1131 122 1169 nee
137 1119 247 1171 tuetrrr.
264 1117 299 1171 lit
315 1119 364 1189 qui
381 1136 438 1174 noa
454 1119 539 1175 timet
562 1122 665 1191 Deum,
692 1124 808 1182 timebit
829 1127 895 1199 qui·
949 1131 995 1187 nis
1010 1136 1038 1186 et
1054 1132 1231 1205 prohibitus.
1248 1139 1340 1191 Portae
1354 1135 1441 1192 etiam
1455 1136 1634 1195 clauduntur
1646 1140 1777 1203 vectibus

66 1203 135 1259 dem
150 1203 299 1261 hominem
315 1206 468 1264 inimicum
484 1211 815 1281 suum.rtdulterest,a·el
832 1234 894 1289 per·
948 1220 1066 1277 obditis.

61 1293 162 1365 jurus,
181 1294 241 1350 sive
256 1295 432 1369 sacrilegus3
450 1298 496 1353 hic
512 1299 579 1355 talis
596 1318 701 1358 nomen
726 1304 803 1375 regis
828 1322 892 1377 per·
1026 1347 1032 1359 .
1249 1313 1362 1370 CAPUT
1376 1315 1471 1371 XXIV.

66 1380 120 1449 dit,
138 1398 203 1438 men
213 1383 262 1438 lax
277 1390 306 1439 et
322 1386 535 1442 fraudulentus.
553 1389 622 1454 Quis
644 1392 763 1446 confidit
791 1392 820 1447 in
836 1395 894 1450 eo‘l
975 1401 1104 1472 Qualiter
1117 1403 1201 1457 etiam
1214 1419 1300 1459 eomes
1314 1404 1463 1460 Edesreaas
1478 1408 1565 1462 eeoait
1578 1407 1611 1464 de
1625 1424 1743 1467 carcere.

64 1468 178 1542 AEquus
192 1476 236 1528 cst
250 1472 360 1545 impiis.
378 1476 527 1540 Quomodo
542 1479 677 1533 exaudiet
693 1479 776 1535 illum
796 1483 894 1539 Deus?
983 1489 1041 1545 Hoc
1057 1494 1153 1546 autem
1172 1508 1229 1547 non
1245 1496 1315 1563 puto
1332 1492 1479 1550 silendum
1495 1496 1573 1567 quod
1590 1495 1676 1554 Baiae
1687 1499 1777 1570 quod·

64 1559 93 1614 Si
111 1560 300 1617 ecclesiarum
317 1563 483 1636 dissipator,
501 1565 524 1620 si
542 1584 704 1639 pauperum
726 1587 891 1642 oppressor,
946 1578 1014 1632 dam
1032 1578 1226 1635 infortunium
1243 1598 1295 1652 per
1308 1581 1450 1638 visionem
1467 1583 1776 1644 estrevelatum.Vidit

63 1652 137 1704 tune
153 1667 209 1705 non
227 1652 309 1724 regit,
326 1654 376 1708 sed
397 1654 559 1709 confundit.
584 1656 791 1715 Adbaerenmos
821 1662 890 1735 ltegi
945 1666 1024 1722 enim
1040 1669 1127 1740 (quod
1144 1669 1206 1741 ipse
1222 1673 1323 1742 postea
1339 1671 1462 1726 retulita
1475 1672 1626 1730 Goseclino
1641 1673 1696 1730 sibi
1708 1692 1775 1732 ocu-

62 1754 202 1810 supcrno,
218 1745 247 1795 et
262 1758 344 1813 spem
361 1746 491 1798 nostram
508 1761 652 1815 ponamus
673 1746 703 1802 in
719 1765 762 1816 eo,
788 1755 816 1805 et
832 1769 888 1806 non
904 1787 928 1852 B
946 1754 989 1812 los
1004 1757 1076 1812 erni.
1094 1760 1154 1823 Quo
1171 1758 1291 1813 indilate
1307 1760 1508 1816 sacerdotibus
1522 1762 1773 1831 manifestato,in-

61 1827 280 1883 confundemur
295 1828 325 1884 in
343 1832 495 1886 eternum.
944 1845 1179 1918 terpretationem
1195 1848 1302 1903 somnii
1329 1848 1423 1904 abeis
1447 1849 1616 1906 sciscitatur
1634 1869 1640 1907 ε
1659 1874 1674 1903 «
1687 1853 1771 1921 Vere,

365 1919 479 1976 CAPUT
498 1920 585 1977 XXll.
944 1934 1036 1999 aiunt,
1053 1934 1106 1991 hoc
1122 1935 1174 1991 tibi
1189 1936 1348 2009 continget;
1366 1937 1479 1994 auttale
1487 1939 1598 2011 aliquid
1609 1940 1773 2014 huicequi-

132 2008 264 2062 fiernerte
279 2009 429 2074 sarincae,
456 2018 483 2065 et
493 2014 659 2068 successione
677 2014 814 2071 Witlelmi.
942 2020 1066 2095 pollens,
1084 2022 1108 2079 si
1122 2023 1152 2077 in
1173 2041 1279 2079 manus
1303 2025 1367 2095 ejus
1390 2024 1569 2081 incideris.»
1592 2027 1648 2083 lioc
1673 2031 1771 2084 autem

96 2095 240 2167 Tempore
255 2096 311 2152 isto
328 2097 424 2154 taliter
438 2116 513 2172 agro
524 2100 647 2156 decessit
663 2104 886 2174 Eustachius,in
942 2112 1052 2178 audito,
1069 2111 1210 2167 citissime
1225 2111 1400 2184 legationem
1425 2113 1506 2169 misit
1521 2118 1554 2170 ut
1579 2115 1769 2188 occideretur,

58 2184 211 2239 custodem
227 2188 308 2240 terrae
324 2190 429 2242 nostre
445 2188 563 2256 electus,
580 2207 636 2245 xvu
654 2191 714 2246 lial.
736 2192 816 2249 Jutii.
834 2195 886 2250 Cui
941 2217 977 2256 ne
993 2204 1091 2272 posset
1106 2201 1141 2255 ab
1157 2217 1190 2256 oo
1206 2202 1309 2267 occidi,
1326 2201 1403 2256 sicut
1413 2202 1476 2272 jam
1493 2200 1534 2256 illi
1547 2203 1769 2276 praesagiebant.

58 2274 216 2330 succedere
232 2273 421 2332 Guillelmum
437 2277 472 2332 de
489 2277 570 2333 Bnris
586 2282 761 2350 statuerunt,
773 2283 824 2354 qui
840 2285 887 2339 'fi-
942 2290 997 2345 Sed
1014 2295 1172 2361 antequam
1187 2291 1223 2345 ad
1238 2307 1305 2344 eum
1331 2290 1533 2361 pervenissent
1558 2290 1685 2361 lictores,
1710 2293 1769 2355 Deo

56 2362 207 2420 beriadem
223 2368 293 2419 tunc
307 2365 484 2436 possidebat·
940 2378 1059 2451 gratias,
1071 2379 1134 2449 jam
1149 2379 1185 2434 de
1199 2379 1333 2452 captione
1357 2378 1407 2434 teli
1434 2380 1519 2435 modo
1543 2384 1683 2437 evaserat.
1709 2382 1769 2440 Rex

357 2455 474 2512 CAPUT
493 2457 590 2512 XXlll.
939 2475 1007 2530 ergo
1022 2463 1050 2513 et
1065 2458 1110 2513 sui
1127 2475 1228 2514 omnes
1243 2458 1367 2530 sapienti
1385 2462 1413 2513 ct
1428 2459 1705 2542 communiconsiiio
1722 2462 1768 2519 usi

158 2543 281 2612 Qualiter
296 2560 345 2600 ree
360 2546 513 2601 ltalduimts
528 2547 560 2601 de
576 2550 692 2604 rmealis
707 2553 784 2607 ertit.
938 2551 972 2602 ut
986 2546 1091 2602 salvari
1107 2547 1237 2620 quolibet
1253 2548 1339 2603 modo
1355 2551 1557 2620 possent,eum
1571 2552 1687 2623 tempus
1702 2567 1769 2608 con-

93 2633 193 2689 Mensa
216 2639 341 2706 augusto
364 2634 469 2689 deinde
492 2637 648 2704 mediante,
672 2656 800 2711 superna
828 2641 883 2698 cle·
937 2637 1150 2692 siderarentsd
1167 2636 1222 2692 hoe
1246 2637 1342 2710 magis
1366 2640 1479 2710 aptum,
1507 2638 1607 2709 posuit
1629 2639 1768 2697 dominus

54 2723 168 2779 mentia
183 2724 359 2795 providente,
377 2740 425 2779 rex
441 2723 602 2782 Baiduinus
616 2727 702 2782 exirit
718 2729 882 2798 decarcere,
938 2724 1111 2781 Goscclinus
1126 2727 1156 2780 in
1171 2725 1299 2797 periculo
1316 2725 1419 2781 mortis
1432 2725 1562 2781 animam
1579 2744 1675 2798 suam,
1692 2728 1768 2785 Con·

54 2816 85 2867 et
98 2812 136 2867 de
151 2811 276 2867 vineolis
290 2812 386 2879 satae,
413 2814 522 2885 quibus
543 2815 657 2871 vinetus
678 2818 832 2874 tenebatur
852 2821 883 2876 in
938 2814 1024 2870 ditori
1042 2814 1244 2869 universorum
1260 2832 1290 2870 se
1307 2816 1518 2870 commendans
1533 2832 1599 2871 eum
1616 2816 1711 2875 tribus
1727 2817 1769 2874 sa·

44 2900 162 2973 oppido
176 2901 303 2973 quodam
326 2901 383 2957 situ
400 2902 883 2967 fortissimo,etcelsitudinenimis
939 2903 1029 2958 mulis
1044 2902 1116 2969 suls,
1134 2907 1193 2957 lam
1209 2902 1332 2975 pavidus
1345 2903 1767 2976 quamfludtixssximssasifflm

42 2989 156 3056 arduo,
173 2995 202 3045 et
216 2989 328 3044 difficili
345 2991 705 3063 comprehendendotium
719 3010 776 3065 quo
792 2995 881 3053 simul
936 3008 988 3065 per
1002 2990 1114 3052 modios
1129 2990 1238 3058 hostes,
1256 2991 1387 3046 radiante
1409 2990 1489 3059 lunc,
1513 3008 1545 3047 sc
1568 2992 1686 3065 eripuit·
1712 2994 1766 3060 Oui

52 3077 160 3134 inclusi
176 3079 449 3146 erantGoscelinus,
467 3096 565 3135 comcs
581 3081 883 3147 Edessenuseumali·
937 3081 1075 3137 continuo
1092 3097 1183 3135 unum
1200 3097 1234 3134 ex
1248 3080 1291 3135 eis
1306 3079 1366 3152 regi
1382 3078 1699 3152 remisitreportantem
1715 3099 1766 3139 an-

52 3167 175 3242 quantis
190 3167 255 3223 aliis
270 3168 375 3240 captis.
401 3169 495 3240 Hujus
521 3168 562 3224 rei
585 3170 713 3226 narratio
741 3174 814 3229 satis
838 3155 920 3231 escC
938 3170 1040 3226 nulum
1057 3186 1156 3234 suum,
1173 3173 1205 3223 ul
1221 3168 1318 3224 lalilffl'
1332 3168 1511 3240 Sigsslfiwssl
1527 3185 1557 3267 ⁵⁰}
1571 3169 1609 3225 ab
1628 3168 1765 3228 hOSiibus

52 3255 153 3330 longa,
167 3257 218 3312 sed
235 3257 311 3312 dona
324 3256 433 3312 cmlesti
450 3258 571 3329 praedita
586 3262 614 3313 et
637 3259 787 3316 miraculis
810 3263 883 3319 bene
937 3259 1140 3315 obsessoribus
1154 3257 1328 3325 extorsisse;
1345 3257 1387 3312 sie
1402 3256 1481 3311 enim
1496 3257 1559 3312 fleri
1574 3257 1698 3314 invrcem
1714 3259 1773 3327 da-,

52 3349 167 3401 ornata.
184 3345 340 3400 Nemeum
365 3345 394 3399 in
419 3350 513 3401 castro
529 3344 580 3400 illo
610 3346 689 3402 nullo
708 3348 771 3404 freti
798 3352 882 3422 adju·
937 3352 1095 3404 creverant.
1113 3347 1214 3402 Postea
1228 3346 1381 3419 fugitando
1397 3349 1425 3400 et
1439 3343 1665 3418 latitando,plus
1679 3351 1764 3406 nocte

53 3439 154 3490 mento
165 3435 228 3505 jam
244 3435 294 3489 diu
310 3439 488 3506 angerentur
502 3434 648 3502 occultati,
661 3436 783 3494 consilio
799 3445 827 3494 et
842 3441 884 3496 in·
937 3454 1025 3510 quam
1042 3437 1088 3491 die
1104 3453 1237 3508 pergens,
1254 3434 1396 3507 disruptis
1411 3433 1517 3490 calceis
1544 3434 1602 3534 fere
1626 3435 1762 3508 nudipes,

51 3521 328 3599 geniomultimodo
358 3523 437 3594 apud
464 3539 495 3577 se
524 3526 648 3578 tractare
678 3533 835 3597 caeperunt,
857 3530 881 3585 si
937 3542 1030 3597 usque
1060 3526 1095 3579 ad
1127 3524 1247 3578 fiuvium
1278 3522 1456 3595 Euphratem
1482 3525 1764 3596 pervenitiitquo-

54 3611 245 3684 aliquatenus
259 3611 327 3667 inde
342 3615 461 3683 possent
475 3611 583 3685 egredi.
610 3612 691 3668 Unde
716 3617 882 3686 perfidelis
938 3614 1017 3668 niam
1048 3613 1129 3668 uaris
1158 3612 1261 3679 abfuit,
1302 3612 1378 3683 quod
1408 3628 1496 3683 pavor
1524 3612 1643 3684 optabat
1672 3613 1766 3671 facere

51 3699 253 3756 internuntios
269 3701 448 3772 ubicumque
465 3700 575 3755 amieos
587 3701 881 3763 habebantsuxilinm
937 3719 995 3758 non
1013 3701 1137 3756 distulit.
1154 3699 1228 3766 Quid
1245 3700 1356 3774 igitur?
1372 3701 1435 3755 Duo
1463 3703 1554 3769 utres,
1577 3717 1650 3774 quos
1665 3718 1766 3758 secum

52 3794 151 3861 petere
164 3806 220 3844 non
237 3794 436 3855 cessaverunt,
453 3793 481 3843 et
496 3806 563 3843 eum
581 3790 724 3848 Armeniis
741 3793 817 3850 cirea
832 3813 882 3852 eos
937 3789 1092 3860 detulerat,
1107 3794 1191 3845 vento
1210 3788 1321 3843 inflavit
1339 3805 1345 3843 :
1373 3806 1461 3861 super
1482 3805 1532 3845 eos
1548 3805 1579 3845 se
1605 3788 1766 3890 collocavit,

50 3878 295 3933 conversantibus
310 3878 478 3934 omnimode
500 3877 667 3935 machinare
693 3883 880 3953 studuerunt,
936 3879 962 3936 ei
978 3879 1020 3935 sie
1036 3879 1065 3933 in
1082 3878 1191 3933 flumen
1208 3895 1239 3934 se
1257 3878 1389 3951 impegit.
1407 3880 1496 3945 Quem
1509 3876 1769 3953 collegaesuirgna·

52 3965 124 4021 uisi
141 3967 259 4038 quando
275 3966 310 4022 ab
325 3966 453 4022 externis
467 3966 569 4021 aulicis
586 3967 649 4023 suis
665 3969 805 4026 auxilium
822 3975 880 4029 adi·
936 3967 1765 4039 rumnandicommodejuvantessustentarestuduerunt,

50 4055 127 4130 pisci
142 4061 272 4128 possent,
289 4054 330 4109 illi
346 4056 495 4127 ntlJutores
511 4072 574 4111 esse
599 4057 658 4111 veri
679 4075 736 4113 non
760 4061 880 4119 desiste·
935 4063 963 4113 et
978 4058 1013 4112 ad
1030 4057 1123 4125 littus,
1141 4055 1264 4113 Domino
1276 4056 1766 4155 ducente,sanumdeduxcruntdlt
1845 4083 1847 4086 ⁴

51 4149 127 4201 rent.
145 4145 180 4200 Et
196 4161 262 4200 cum
280 4148 347 4217 post
360 4143 459 4216 aliqua
473 4144 549 4199 dona
563 4149 592 4200 et
605 4146 882 4221 promissaplurirna
937 4163 1006 4202 cum
1031 4146 1099 4201 inde
1121 4145 1224 4201 itinere
1240 4145 1358 4201 insolito
1373 4144 1456 4200 valde
1474 4144 1613 4217 fatigatus
1628 4143 1763 4213 essetsa-

51 4233 107 4290 hoc
124 4233 191 4289 fidei
207 4251 280 4289 nexu
295 4234 432 4305 utrinque
447 4233 786 4304 confirmatuinesset,de
797 4239 881 4296 tides·
942 4235 1123 4306 melicusquc
1137 4239 1165 4289 et
1180 4234 1348 4289 sitibundus
1362 4233 1466 4289 anxius
1482 4231 1767 4334 anhelaretnecerat

51 4339 125 4380 aena
141 4323 211 4379 urbs
225 4322 414 4395 sagacissime
430 4322 646 4395 quinquaginta
662 4325 750 4381 ferme
761 4325 881 4386 clientes
940 4325 967 4380 ei
981 4325 1030 4395 qui
1048 4340 1169 4378 manum
1187 4322 1233 4395 pio
1248 4322 1479 4394 porrigeret,sub
1495 4319 1766 4421 nucequsdamrllre

51 4409 124 4467 illuc
138 4411 175 4466 ob
191 4411 219 4466 id
236 4411 412 4477 missisunt,
429 4415 458 4465 et
473 4411 559 4482 quasi
573 4412 751 4483 pauperrimi
769 4433 879 4476 merces
935 4412 1054 4468 inventa
1069 4416 1289 4484 soporetactus,
1306 4410 1439 4466 membra
1453 4408 1552 4464 laboro
1570 4408 1648 4464 fessa
1666 4413 1765 4509 itineri

51 4499 180 4556 ferentes
196 4507 282 4572 atque
298 4500 454 4555 vendentes
470 4517 562 4571 usque
578 4501 613 4556 ad
627 4506 725 4573 portas
737 4504 883 4565 interioris
899 4521 923 4585 D
939 4501 1083 4569 attribuit,
1101 4501 1281 4557 obumbrans
1298 4515 1328 4556 se
1343 4499 1481 4570 vepribus
1509 4501 1538 4552 ct
1565 4498 1717 4596 fructetls,
1730 4513 1768 4555 ue

52 4587 154 4655 castri,
176 4589 326 4644 occasione
340 4589 468 4660 quadam
485 4588 628 4655 oblata,se
644 4590 785 4662 paulatim
796 4595 885 4653 intro.
940 4591 1020 4646 visus
1037 4593 1253 4663 agnosceretur.
1271 4589 1390 4644 inierim
1407 4591 1504 4642 autem
1518 4589 1656 4659 pracepit
1667 4602 1719 4683 um
1734 4601 1768 4642 ex

52 4677 209 4733 miserunt.
234 4679 313 4743 Quod
338 4694 405 4733 cum
430 4677 626 4749 portariorum
648 4681 788 4753 magister
798 4685 885 4754 Juxta
940 4677 1060 4735 famulis
1075 4678 1149 4748 suia,
1164 4683 1195 4732 ut
1211 4676 1374 4749 exploraret
1397 4680 1425 4730 et
1447 4673 1617 4746 imploraret
1641 4671 1768 4744 aquuem

51 4770 167 4838 portam
183 4783 248 4822 cum
267 4766 394 4839 quodam
411 4765 489 4821 frateli
502 4771 601 4821 nostro
619 4767 884 4840 improvidusseae.
940 4768 1119 4840 indigenam,
1146 4767 1195 4837 qui
1210 4765 1236 4821 ei
1252 4781 1357 4838 panem
1381 4762 1424 4819 vel
1441 4763 1533 4831 daret,
1551 4760 1599 4860 uel⁸
1620 4763 1770 4835 utcunque

51 4853 96 4910 cis
112 4852 233 4921 luderet,
251 4854 371 4911 clientes
388 4854 478 4911 nostri
494 4854 676 4911 astutiosime
688 4860 882 4934 attentiusap-
938 4857 1084 4913 venderet.
1103 4855 1203 4911 inedia
1215 4848 1656 4950 enimvexabaturvalde.Glrens
1670 4853 1769 4911 autem

51 4943 273 5016 propiaverunt,
289 4945 505 5016 querimoniam
523 4943 636 5014 injuriae
662 4946 718 5000 sibi
748 4949 828 5005 lacta
845 4952 881 5006 ad
936 4945 984 5002 illc
1001 4945 1145 5002 rusticum
1157 4944 1313 5016 quemdam
1330 4941 1499 4999 Armenium
1515 4957 1545 4995 m
1561 4954 1665 5038 campo
1677 4953 1769 5039 prope

50 5048 122 5089 eum
139 5032 252 5088 facturi.
268 5034 303 5088 st
318 5033 451 5104 deposita
464 5031 542 5087 omni
560 5033 674 5104 ignavia
688 5039 717 5090 et
731 5044 882 5106 pavore,et
937 5035 1099 5090 inventum.
1116 5038 1145 5090 et
1159 5031 1291 5089 consulte
1307 5032 1477 5099 allocutum,
1495 5027 1660 5084 adduxxtad
1675 5026 1768 5084 domi-

51 5121 168 5194 vsginis
182 5121 317 5177 extractis
334 5120 459 5177 cultellis
470 5120 601 5176 illumsie
616 5124 790 5193 quantocius
800 5143 884 5183 neca·
940 5141 1009 5180 utrm
1024 5140 1122 5190 suum,
1139 5121 1249 5178 caricas
1264 5125 1292 5178 et
1308 5137 1437 5177 racemos
1453 5119 1530 5192 apud
1552 5133 1584 5173 se
1598 5115 1766 5218 habentem.

51 5214 169 5268 verant.
186 5212 220 5266 Et
234 5210 408 5284 arripientes
423 5210 538 5265 lanceas
554 5209 612 5264 illic
638 5211 778 5279 inventas,
800 5216 886 5272 ferire
941 5215 998 5268 lloc
1014 5211 1092 5266 euim
1108 5211 1201 5266 furnes
1217 5210 1411 5266 desiderabat.
1430 5208 1457 5263 ls
1472 5211 1570 5264 autem
1587 5222 1654 5262 cum
1671 5206 1768 5310 doma·

53 5305 82 5357 at
95 5300 227 5356 occidere
242 5301 364 5356 viriliter
379 5318 436 5356 non
453 5300 755 5372 pigrueruntdlamor
781 5304 886 5376 iugens
941 5319 1011 5356 num
1028 5299 1215 5355 Goseelinum
1231 5299 1407 5372 appropians
1419 5295 1769 5396 agnosceretprocxdrtad

54 5386 134 5445 illico
151 5387 305 5456 attollitur,
319 5394 347 5444 et
364 5391 445 5445 intus
461 5393 488 5444 et
505 5389 575 5444 foris
590 5406 693 5445 omnes
711 5394 886 5462 perturban-
940 5390 1029 5463 pedes
1044 5389 1118 5459 ejus,
1136 5388 1236 5444 dicens
1253 5405 1259 5442 :
1277 5411 1291 5438 (ι
1308 5386 1377 5443 Vale
1391 5384 1631 5450 Goseolineluour
1646 5385 1769 5486 audiens

54 5482 114 5534 tur.
132 5477 188 5534 Sed
204 5479 254 5552 qui
270 5480 307 5534 ad
325 5477 884 5538 tumultumhuucfestiniaccurrerunt.
941 5477 1019 5549 quod
1037 5476 1164 5544 nolebat,
1180 5481 1299 5533 territus
1312 5476 1461 5550 respondit
1480 5494 1486 5531 :
1508 5498 1522 5526 «
1540 5473 1603 5574 Non
1625 5489 1693 5529 sum
1715 5472 1771 5573 'alle

54 5566 247 5631 festinantius
261 5584 329 5625 mox
344 5567 487 5641 perempti
503 5571 582 5622 sunt.
599 5567 728 5639 Fuerunt
751 5570 886 5643 equidem
942 5583 1030 5640 quem
1048 5565 1133 5634 dicis,
1150 5566 1200 5624 sed
1212 5567 1288 5622 Deus
1304 5563 1769 5638 illumadjuvetubrcunqussrt.»
