3816 6006
77 234 138 302 ιιι
746 221 879 298 ‘cassa
900 233 1111 301 aaronem.
1726 233 1787 304 eea

77 377 143 437 lum
157 369 289 448 dextram
303 371 469 429 extenderet
481 388 489 428 ι
500 371 555 428 bns
566 386 656 445 penes
667 384 740 444 quos
748 371 800 443 jns
816 367 905 426 labri·
921 365 951 436 Α
965 367 1033 426 dato
1044 367 1191 426 metandis
1202 368 1306 427 eastris
1316 365 1421 439 edicio,
1433 367 1496 445 ipse
1511 366 1615 444 procui
1628 365 1709 430 sobre
1723 373 1787 432 sine

77 478 120 518 aaa
133 461 324 530 consistebat,
331 460 436 535 reliqui
452 478 555 517 omnes
571 459 770 517 oblationibus
785 459 903 514 insiste·
960 460 1048 527 socio,
1066 459 1129 516 sine
1150 459 1295 534 armigero
1311 463 1440 515 montem
1457 456 1640 522 conscendit,
1655 458 1733 529 unde
1749 460 1786 520 ed

78 553 161 608 baut.
177 552 278 622 ltaque
303 549 382 606 brevi
400 566 473 623 opus
500 565 641 623 magnum
671 551 902 613 consummatur,
959 542 1786 622 patremeristumlleigenamescendi'ssedidiceratdln

77 642 156 717 quod
172 641 229 697 nisi
245 638 347 696 sedule
361 640 526 696 excudisset
541 637 693 705 instantia,
705 636 905 693 massoinior·
958 638 1119 707 temeritas,
1135 654 1171 693 en
1196 654 1305 694 novum
1329 636 1492 694 obsidionis
1521 651 1626 711 genus.
1642 636 1786 698 Οιιιιιιιιι

77 729 137 785 ruis
152 729 315 786 Jerusalem
332 730 526 803 perterretur:
542 743 608 784 uam
625 725 703 782 tertii
714 726 777 798 jam
794 723 904 781 mensis
959 724 1073 782 obsidet
1088 726 1231 783 Tuncredi
1247 725 1342 794 mites,
1359 729 1456 783 ortum
1473 726 1659 783 Tancrcdus:
1672 731 1787 801 partem

77 814 164 872 labor
177 816 206 873 in
223 821 361 890 quartum
377 816 495 886 exierat,
512 832 579 872 cum
609 815 730 887 poenitet
754 828 903 870 morarum
959 813 1046 869 aliam
1064 813 1158 886 pauci,
1169 812 1257 869 aliem
1274 831 1352 870 unus
1369 831 1376 869 :
1394 814 1482 871 aliam
1499 814 1564 872 sine
1577 815 1651 872 duce
1668 807 1787 888 rnttttta,

78 905 237 980 principes,
253 906 473 978 pudetquoque
488 900 905 978 circaoppidulumviaintcr·
959 901 1047 958 aliam
1074 902 1137 959 sine
1164 900 1269 976 militia
1296 903 1378 958 dux:
1405 902 1538 961 neutrius
1565 905 1698 978 uterque,
1722 904 1791 963 ime

78 993 181 1060 missu,
198 993 300 1049 tandiu
317 995 485 1050 excubasse.
959 990 1070 1047 nullius
1084 990 1191 1047 auxilio
1211 991 1351 1047 conlisus.
1369 989 1421 1048 ille
1442 991 1569 1050 maxime
1591 992 1641 1067 qul
1671 998 1785 1068 quauta

220 1082 287 1137 cxl.
303 1113 338 1122 -
352 1083 502 1139 leracsutem
513 1084 605 1154 perdit
617 1083 761 1137 exercitus.
959 1080 1035 1136 ortui
1047 1078 1174 1152 propior,
1187 1084 1294 1135 tantoa
1307 1078 1485 1136 Francorum
1500 1081 1633 1139 subsidio
1648 1077 1788 1142 remotior

113 1172 296 1242 Quapropter
310 1186 400 1243 opere
421 1168 519 1225 inutili
547 1169 671 1226 dimisse
694 1172 761 1224 ante
786 1166 903 1223 urbium
958 1172 1033 1236 crat;
1045 1167 1304 1241 suorumlongein
1316 1181 1421 1224 occasu
1438 1170 1625 1240 metantium,
1641 1168 1787 1238 exercitus

76 1262 180 1332 pertas
207 1257 346 1331 Tripolis,
372 1258 500 1325 Gibletb,
524 1257 645 1327 Barutb‚
672 1256 800 1324 Sidonis,
823 1255 903 1328 Tyri,
959 1257 1108 1330 sequentis
1123 1257 1205 1313 valde
1222 1257 1361 1313 remotius
1377 1256 1406 1313 in
1422 1274 1527 1314 occasu
1556 1258 1702 1332 sequenti.
1719 1255 1785 1334 ipsa

75 1347 189 1419 bobun,
200 1346 336 1419 Caiphae,
354 1346 480 1403 Cesarea
497 1345 618 1402 feliciter
632 1345 793 1401 transitur:
808 1345 844 1400 ab
857 1344 904 1400 his
959 1345 1050 1421 igitur
1064 1362 1162 1419 eques,
1179 1345 1242 1418 ipse
1256 1346 1354 1419 pedes,
1372 1347 1435 1420 ipse
1449 1345 1571 1421 signiter
1586 1344 1789 1421 'fencredueer

76 1435 219 1492 omnibus
232 1453 271 1492 as
285 1423 396 1509 grande
410 1438 439 1490 et
462 1433 633 1492 victualium
656 1434 741 1506 copie
764 1433 905 1489 audacter
958 1440 1058 1491 monte
1068 1434 1215 1491 Olivarum
1230 1433 1260 1491 in
1276 1434 1423 1491 civitatem
1439 1436 1578 1492 obtutum
1592 1432 1705 1505 fixerat,
1721 1436 1784 1495 sole

75 1525 213 1599 exigitur,
229 1524 432 1580 incunctanter
458 1522 600 1589 redditur,
616 1520 775 1578 liberaliter
802 1538 904 1595 eroga·
958 1519 1783 1598 vallisiosaphatintervalloabscisamlusplciebateuiut

76 1618 145 1682 tur;
163 1631 231 1669 num
245 1628 347 1669 omncs
362 1612 626 1669 halittusaborea
642 1612 671 1666 in
688 1615 822 1667 austrum
837 1628 902 1666 ver·
958 1612 1099 1685 populum
1128 1611 1351 1680 discurrentem,
1369 1614 1465 1668 turres
1489 1618 1629 1680 armatus,
1646 1611 1782 1672 militiam

75 1714 160 1776 gans,
171 1702 303 1758 turribus
313 1700 382 1757 altis
392 1701 531 1756 muniunt
545 1700 646 1757 ordine
657 1699 807 1773 praemisso
818 1717 901 1772 pere-
959 1702 1144 1768 trementem
1160 1699 1239 1756 viros
1250 1700 1286 1756 ad
1303 1716 1394 1771 arma,
1407 1716 1501 1757 nurus
1515 1701 1551 1757 ad
1564 1700 1718 1775 lacmnras,
1735 1716 1782 1759 sa·

74 1791 264 1866 pluentibus
280 1790 382 1846 obviae.
398 1792 434 1846 At
458 1790 507 1845 ubi
535 1790 656 1846 dimisso
678 1788 775 1845 littora
789 1804 806 1843 a
821 1793 902 1862 tergo
957 1789 1089 1846 cerdotes
1104 1790 1139 1844 ad
1155 1792 1222 1845 vota
1241 1804 1395 1846 conversos
1407 1805 1414 1856 ;
1426 1788 1548 1860 ejulatu,
1559 1788 1693 1864 strepitu,
1706 1790 1785 1848 elan·

77 1880 232 1937 ιιιιιιιιιιιι
242 1878 367 1949 venitur,
380 1879 550 1935 Tuneredus
561 1895 680 1952 pernox,
690 1881 785 1934 eastra
796 1881 902 1948 movet,
957 1895 1035 1950 gere,
1051 1877 1170 1933 hinnitu
1185 1876 1247 1934 vias
1262 1877 1439 1934 intonantes.
1447 1878 1590 1951 stupebat
1605 1878 1783 1953 templorum

75 1974 146 2024 ante
159 1966 284 2023 lucanus
295 1968 390 2024 socios
403 1967 551 2041 prevenit,
564 1965 744 2023 Hierusalem
760 1965 901 2038 pervenit,
957 1965 1100 2022 Dominici
1117 1966 1226 2022 aerium
1244 1966 1668 2034 rotunditatem,Salomoniari
1684 1962 1784 2026 insoli-

75 2072 178 2113 muros
193 2057 393 2112 circumvenit.
408 2058 446 2128 (5)
457 2056 593 2125 (Veniens
608 2060 718 2123 tamen,
736 2052 903 2111 Bethlehem
957 2059 1017 2110 tam
1031 2054 1257 2128 longitudinem,
1275 2054 1409 2128 spatiosa
1424 2056 1556 2129 porticus
1569 2068 1685 2130 gyrum
1696 2058 1783 2132 quasi

74 2145 112 2201 ab
123 2144 260 2200 hostibus
271 2142 385 2214 liberat,
398 2159 461 2216 quae
473 2144 593 2200 obsessa
603 2144 639 2199 ad
655 2159 722 2198 eum
739 2141 832 2215 pridie
847 2140 905 2197 oia-
958 2143 1079 2200 alterum
1094 2143 1124 2199 in
1140 2144 1212 2200 urbe
1228 2144 1340 2200 urbem.
1357 2145 1470 2218 Saepius
1483 2160 1551 2202 vero
1567 2147 1604 2202 ed
1619 2143 1781 2204 Calvariam

74 2236 207 2289 marmat
219 2247 272 2305 per
286 2232 438 2306 legatum.)
453 2231 576 2288 Eurinus
604 2237 702 2287 temen
729 2231 785 2287 sub
808 2229 903 2303 primo
957 2231 1142 2305 sepulcrique
1157 2231 1301 2305 temp-ium
1318 2232 1457 2288 dominici
1481 2233 1584 2291 oculos
1604 2234 1781 2304 reducebat:

73 2325 195 2394 aspectu
209 2320 302 2377 visam
317 2316 480 2378 Jerusalem
496 2321 614 2390 salutet,
623 2337 720 2393 genua
735 2320 825 2374 bumo
837 2319 902 2374 atti·
957 2320 1156 2393 spectaculum
1167 2321 1288 2394 quidem
1299 2321 1507 2391 remotius,aod
1517 2323 1725 2381 arduitatesua
1734 2331 1783 2397 pe·

72 2428 142 2478 xus,
157 2407 258 2467 oculos
272 2410 349 2478 urbi,
366 2425 416 2466 eor
429 2409 512 2476 coelo,
528 2411 613 2482 eujus
637 2406 773 2464 videlicet
796 2407 902 2465 salutis
956 2407 1128 2483 tulum,ipse
1139 2414 1236 2466 temen
1248 2408 1484 2467 locosublimior.
1496 2401 1780 2485 Adhecsuapiraus,

72 2501 173 2575 imago
188 2503 315 2555 metrum
328 2505 374 2555 est
389 2515 528 2572 presens.
956 2499 991 2555 ad
1008 2498 1068 2555 brec
1081 2499 1308 2572 conquiniscens
1321 2517 1327 2568 ;
1344 2498 1395 2555 illa
1416 2514 1509 2556 aevum
1526 2512 1578 2572 pro
1593 2501 1658 2558 luce
1672 2495 1779 2575 pascici

146 2587 231 2645 Selve
245 2585 438 2655 Hierusalem,
454 2587 548 2661 gloria
562 2587 677 2653 mundi,
956 2587 1104 2663 eupere,si
1121 2587 1237 2662 quando
1252 2589 1338 2661 eujus
1353 2588 1558 2662 prospectabat
1567 2589 1685 2665 lastigie
1693 2589 1783 2649 iicet!

147 2676 180 2734 in
195 2692 253 2749 qua
269 2681 368 2733 nostra
380 2676 471 2746 selue,
488 2677 586 2750 passio
600 2676 708 2733 Christi
956 2678 1011 2734 sibi
1026 2675 1161 2733 calvariae
1176 2676 1302 2734 osculari
1316 2676 1448 2751 vestigia.

146 2764 263 2822 Probris
277 2764 410 2821 ludaicis
425 2764 576 2820 ludificata
1123 2765 1218 2822 cxlii.
1236 2797 1269 2807 -
1286 2765 1471 2823 detesceret
1484 2770 1610 2824 ινιιιιίιι.

146 2854 225 2912 Caelo
240 2855 301 2912 sole
316 2854 380 2911 solo
396 2855 520 2911 testibus
535 2854 623 2922 alme,
992 2855 1143 2912 Obtulerat
1157 2859 1256 2911 autem
1272 2854 1297 2911 ei
1314 2855 1373 2910 sors
1388 2855 1424 2910 ad
1440 2855 1501 2911 brac
1517 2854 1709 2914 discernende
1725 2868 1781 2941 ιρι

146 2944 273 3001 Humani
288 2943 502 3017 generisboste
517 2948 679 3017 perempto,
956 2950 1115 3017 portunum
1142 2944 1291 3000 doctorem
1318 2941 1500 3000 Turrieolaun
1528 2944 1699 3001 consultum
1723 2944 1807 3012 sibi

147 3035 298 3091 immunes
312 3032 430 3089 sceleris
445 3032 584 3089 traxitab
600 3049 677 3100 orco,
956 3032 1118 3101 eremitam,
1135 3033 1184 3105 qui
1215 3033 1312 3105 ipsum
1336 3031 1385 3087 ubi
1402 3031 1570 3104 praetoriam
1585 3033 1711 3115 Caiphae,
1728 3024 1783 3090 uttt

149 3125 182 3180 ln
197 3128 225 3179 te
240 3136 327 3195 passa
341 3139 458 3178 crucem
474 3122 575 3178 clausa
589 3122 723 3195 sepulcro
916 3106 937 3171 C
956 3121 1148 3195 suspendium
1160 3121 1174 3176 J
1180 3121 1242 3176 udae
1246 3137 1329 3193 ,quae
1340 3124 1491 3193 porterum
1506 3123 1612 3191 Aurea,
1627 3138 1692 3196 quet
1707 3124 1782 3196 Spe·

150 3212 212 3269 ιιι
226 3213 263 3267 de
273 3210 349 3277 luce,
364 3211 413 3266 Dei
430 3211 480 3266 dia
494 3228 633 3284 propago,
956 3212 1044 3276 eiosa,
1058 3211 1134 3265 unde
1148 3209 1298 3264 lacobus
1291 3225 1321 3263 ιιι
1340 3224 1469 3280 praeceps
1485 3209 1625 3282 deiectus,
1641 3227 1702 3284 qua
1714 3213 1782 3270 Ste⁴

148 3300 297 3357 internum
312 3304 469 3373 penetrans
486 3298 555 3355 iude
571 3298 685 3355 reduxit
956 3299 1072 3372 phanes
1095 3299 1131 3353 ad
1154 3295 1268 3369 lapides
1293 3298 1414 3369 electus,
1430 3301 1458 3353 et
1472 3297 1641 3370 hujusmodi
1656 3310 1780 3375 prorsus

147 3392 228 3456 Quos
240 3389 380 3445 seductus
394 3388 486 3444 Adam
502 3389 557 3444 sub
573 3389 663 3461 Styga
676 3386 787 3444 mersit.
956 3403 1090 3461 quanam
1120 3385 1191 3452 beo,
1208 3397 1343 3458 quaenam
1373 3385 1423 3442 ilia
1446 3385 1541 3445 rorent
1568 3388 1740 3448 instruebat.
1758 3390 1780 3448 ι’

146 3481 184 3534 At
199 3494 265 3535 moa
280 3477 379 3534 docuit
393 3482 456 3533 tum
473 3476 630 3533 redivivam
956 3492 1014 3549 quo
1035 3476 1086 3532 etr
1091 3491 1142 3548 pse
1158 3479 1260 3530 mutuo
1276 3476 1363 3546 cujus
1379 3481 1457 3532 esset
1472 3482 1568 3547 sectae,
1585 3479 1697 3552 pateis,
1711 3479 1783 3537 stirs

147 3565 312 3624 Surrexisse
327 3566 390 3622 dies
406 3565 509 3621 tertius
526 3564 617 3621 illam.
956 3566 1012 3638 pis,
1029 3563 1156 3620 nominis
1172 3563 1786 3642 mgatus,(1bristiauumssNarmanuige·

149 3655 291 3713 Posthac
307 3654 448 3710 ethereas
463 3654 579 3711 scandit
592 3654 628 3711 ad
645 3655 731 3720 aedes,
957 3670 1025 3710 nam
1039 3652 1253 3709 wiscardidam
1270 3652 1456 3710 rlaneredurn
1481 3655 1642 3728 respoudit.
1659 3657 1716 3714 Sed
1729 3666 1783 3714 ιιι·

146 3741 221 3801 Nam
236 3743 366 3816 suscepit
380 3758 447 3799 eum
463 3741 618 3815 splendida
633 3743 736 3810 nubes,
956 3743 1018 3799 dita
1032 3741 1177 3797 Wiscurdi
1204 3738 1313 3807 sobole,
1335 3745 1456 3815 stupens
1471 3741 1520 3799 ille
1536 3759 1570 3800 ao
1583 3736 1789 3818 perspicacius

147 3835 239 3899 Quem
254 3849 321 3889 cum
337 3832 500 3904 suspiceret
515 3848 588 3906 gens
602 3831 745 3901 Galilaea,
956 3832 1075 3887 intuens
1085 3830 1125 3886 ait
1139 3846 1145 3885 :
1159 3853 1172 3879 ι
1183 3831 1265 3886 Τιιι
1275 3829 1356 3886 illius
1372 3832 1494 3904 sanguia
1504 3847 1536 3890 es
1546 3833 1641 3904 ducis,
1652 3848 1711 3907 quo
1725 3834 1786 3892 iul*

146 3921 235 3977 dudit
249 3937 256 3977 :
273 3920 314 3977 sic
328 3921 424 3977 veniet
439 3936 490 3977 seu
505 3922 577 3993 petit
592 3924 681 3976 estre.
957 3920 1098 3986 minante,
1126 3917 1232 3974 totiens
1257 3917 1366 3974 Grecis
1390 3919 1509 3976 tremuit
1523 3939 1530 3989 ;
1556 3937 1615 3994 que
1640 3922 1779 3992 bellante

146 4009 215 4066 lieo
227 4010 286 4066 scis
300 4010 377 4067 dicte
392 4025 474 4066 sacer
490 4026 575 4066 mains
590 4010 627 4066 ab
642 4010 741 4078 Otivis,
955 4007 1072 4064 Alexius
1088 4005 1181 4079 sugit3
1198 4019 1255 4078 quo
1270 4005 1432 4074 obsidente,
1449 4008 1640 4081 Dyrrachium
1666 4011 1780 4083 petuits

147 4097 390 4171 Salvepraeteroa,
408 4099 487 4172 regia
502 4099 582 4166 Sion,
956 4099 1041 4168 cujus
1057 4094 1179 4168 imperio
1194 4098 1255 4151 tota
1273 4112 1365 4166 usque
1389 4095 1493 4152 Bardal
1510 4097 1646 4171 Belgarie
1660 4099 1778 4172 percita
1804 4089 1814 4116 '

149 4188 181 4242 ln
198 4202 257 4258 qua
271 4187 442 4288 discipulos,
460 4187 541 4260 llyrie
556 4184 664 4243 cleison
957 4202 1013 4240 non
1027 4183 1154 4256 loqueris
1166 4182 1268 4254 ignaro
1280 4199 1286 4239 :
1300 4199 1395 4255 neque
1411 4184 1490 4240 enim
1501 4203 1548 4242 me
1562 4190 1663 4244 tantvm
1677 4188 1779 4262 patriae

148 4275 325 4344 clamantes,
343 4247 405 4332 soni
410 4280 440 4331 tu
410 4275 511 4331 tsub
525 4275 702 4347 vehementi,
957 4290 1028 4329 meaa
1049 4270 1151 4329 tetetlit
1175 4271 1339 4346 populator.
1355 4272 1454 4328 Hostis
1468 4272 1515 4329 bic
1530 4275 1681 4347 quondam
1695 4285 1779 4336 meru

151 4361 281 4420 nemisse
296 4364 383 4419 veluti
400 4364 518 4419 turbine
534 4362 609 4429 enti,
957 4379 1035 4418 nune
1049 4363 1180 4428 demum,
1192 4365 1220 4417 te
1231 4361 1332 4429 misso,
1351 4360 1463 4418 oblatos
1478 4363 1550 4417 mibi
1567 4363 1691 4436 injurias
1706 4366 1780 4423 dett-

149 4450 276 4525 chlest
269 4468 294 4508 rs
309 4453 417 4518 subito,
435 4452 562 4525 Spiritus
574 4451 660 4519 alme,
915 4475 940 4541 D
956 4450 1038 4506 nivit
1049 4449 1149 4504 Vivit
1141 4466 1171 4504 ιι
1187 4453 1216 4503 tc
1230 4449 1336 4517 adbuc,
1348 4449 1418 4504 vivit
1432 4449 1480 4505 ille
1497 4451 1673 4512 tormidatus
1686 4468 1780 4529 popu·

149 4541 181 4597 in
195 4541 306 4613 linguis
319 4540 439 4597 veniens
455 4545 549 4597 terror
562 4544 592 4596 et
605 4540 682 4612 igne,
957 4537 1006 4605 lis,
1019 4535 1147 4593 audacie
1164 4534 1351 4591 avuncularis
1364 4537 1460 4608 vigor;
1472 4538 1519 4609 cuj
1523 4554 1558 4595 ιι
1573 4538 1691 4612 pristini
1704 4555 1782 4599 auva

147 4630 232 4687 Salve
248 4629 332 4686 stello
347 4630 446 4697 maris,
459 4630 554 4701 janua
567 4628 642 4697 omli,
958 4626 1028 4682 mibi
1039 4623 1147 4681 refers
1141 4622 1288 4696 insignia:
1301 4625 1454 4692 stupebam
1465 4554 1561 4697 prlJmo
1570 4627 1685 4685 bostem
1697 4630 1784 4687 adve-

148 4720 254 4776 Partus
269 4718 395 4793 psalma,
410 4725 467 4776 ιιι
484 4718 544 4775 lilia
559 4718 661 4792 prolis,
958 4733 1026 4771 nam
1046 4718 1144 4787 spreto
1159 4716 1293 4768 consorte
1308 4710 1469 4784 solivagum
1484 4725 1648 4788 occursare,
1663 4721 1783 4776 untsnv

148 4810 271 4882 Semper
284 4809 365 4882 virgo
380 4824 503 4864 manens
517 4813 583 4881 post
598 4808 627 4863 in
644 4812 672 4862 et
686 4811 754 4863 ente
958 4804 1048 4861 armis
1063 4807 1092 4858 et
1105 4817 1182 4873 equo
1196 4801 1350 4868 confisum,
1366 4800 1460 4857 socias
1484 4805 1567 4876 sequi
1590 4809 1642 4862 aut
1664 4810 1780 4866 antece·

150 4898 278 4965 Portum,
295 4896 338 4954 vel
355 4898 483 4953 minima
498 4896 598 4954 nescia
614 4896 725 4951 mendae
958 4894 1026 4950 dere
1036 4890 1191 4965 sperabam
1206 4888 1350 4947 cobortes.
1361 4889 1496 4962 Stuporis
1511 4907 1601 4949 eausa
1615 4893 1792 4978 ignerautie'

150 4988 239 5060 Oper
254 4982 409 5044 circuitum
426 4987 559 5052 flumina,
575 4985 654 5059 ripen,
959 4998 1024 5037 mea
1039 4984 1110 5045 erat,
1124 4990 1191 5032 eum
1206 4992 1265 5050 quo
1286 4981 1314 5033 et
1337 4975 1435 5050 ipsum
1453 4996 1470 5034 a
1485 4996 1531 5036 me
1555 4981 1700 5054 repulisti
1713 4974 1784 5042 ern

80 5076 165 5143 Fons,
181 5090 298 5146 nemus,
314 5078 396 5143 urbs,
412 5090 489 5144 cesa,
506 5090 601 5142 mons,
615 5072 709 5142 vallis,
724 5078 813 5130 avete.
959 5068 1047 5126 simul
1063 5065 1134 5124 mibi
1148 5071 1263 5122 creatus
1275 5082 1316 5134 es,
1332 5071 1360 5122 et
1375 5067 1412 5123 de
1426 5067 1526 5141 ignoto
1539 5069 1686 5144 cognitus,
1701 5076 1733 5130 et
1744 5073 1784 5131 de

78 5179 161 5238 cm
177 5213 212 5222 ,,
230 5183 379 5240 pamm
404 5184 478 5239 ,olus
496 5198 511 5238 ὅ
528 5188 617 5237 mom,
642 5180 783 5236 opiparum
810 5181 905 5238 ΜΗ,
959 5156 1112 5215 ternererio
1128 5174 1142 5212 s
1145 5154 1457 5221 trenuns,etdeboste
1475 5157 1667 5217 veteriirates
1677 5174 1781 5220 novus.

408 5254 571 5311 consideret.
959 5251 1024 5305 lom
1042 5255 1067 5302 tc
1083 5244 1222 5317 deinceps
1238 5260 1296 5299 non
1313 5245 1448 5316 stupebo,
1461 5245 1485 5302 si
1496 5248 1601 5305 leceris
1614 5241 1760 5324 depende
1773 5262 1784 5308 t-

115 5339 249 5414 Cumque
262 5341 358 5399 vicina
386 5343 457 5398 turri
485 5339 627 5398 Davidicrc
651 5339 737 5413 signa
752 5340 903 5413 affixisset,
960 5338 1019 5393 imo
1034 5335 1169 5408 stupebo,
1181 5332 1206 5389 si
1218 5333 1364 5406 stupenda
1375 5348 1433 5390 non
1444 5335 1547 5392 leceris
1558 5352 1565 5405 ;
1577 5337 1672 5396 axilla
1685 5343 1784 5398 ortum

112 5518 153 5586 (5)
168 5515 286 5576 inclusa
309 5519 476 5593 parenthesi
499 5522 582 5577 erant
601 5519 632 5574 in
649 5517 780 5592 margine
795 5520 904 5590 addita,
924 5519 1001 5576 unde
1016 5532 1075 5571 uon
1091 5514 1162 5570 adeo
1176 5511 1269 5570 oratio
1284 5513 1475 5572 connectitur.
