3816 6006
105 272 112 281 ’
157 249 230 316 1091

153 381 266 440 Auxilio
281 381 398 439 Domini
408 382 552 455 sedesque
563 400 571 451 ;
582 383 616 438 fit
630 383 738 457 inclyta
754 383 845 457 regni,

153 475 213 527 llee
228 486 317 544 regne
332 486 416 544 reges
432 471 593 542 reprimens
608 472 791 544 populosque
807 470 939 528 rebelles.

152 564 213 616 lfao
227 576 327 633 pugna
341 558 409 616 belli
425 559 593 633 quicunque
608 560 687 618 fuere
702 560 855 634 perempti,

153 648 265 721 Quique
280 647 379 705 labore
394 647 446 704 viae
461 649 679 721 peregrinantes
690 649 798 720 obiere,

152 737 258 794 Christi
274 736 384 793 militie
400 737 463 794 eoeli
475 738 643 811 jungantur
657 737 687 792 in
699 754 775 794 arce.

152 826 211 883 llcc
226 843 349 899 regnum
365 825 425 882 solo
440 825 613 882 Godefridus
625 825 685 882 dux
698 825 787 883 hahet
799 844 885 883 anne.

150 916 250 972 Annos
264 914 423 971 octodecim
440 909 598 970 Balduinus
614 930 678 971 earn
695 914 770 988 regit
785 915 897 971 urbem.

152 1003 186 1060 lli
201 1004 259 1059 due
274 1002 412 1060 Germani
427 1001 509 1076 digni
525 1002 690 1060 diademate
704 1004 796 1076 regni,

151 1089 256 1148 Militia
271 1090 352 1159 clari,
369 1091 469 1158 fortes,
486 1089 562 1147 helle
577 1090 738 1162 metuendi,

151 1179 246 1236 Pauca
260 1184 345 1253 gente
361 1196 415 1237 sua
429 1185 585 1252 gesserunt
600 1180 699 1252 praelia
714 1180 809 1236 multa

150 1267 211 1325 illis
224 1268 345 1327 infestas
359 1272 524 1325 sternentes
538 1269 615 1324 oaede
630 1273 773 1336 catervas,

150 1358 261 1431 Perque
275 1358 368 1413 Deum
384 1357 472 1414 fortes
487 1359 603 1414 fuerant
618 1355 774 1429 Babylonis
789 1356 819 1412 in
834 1355 934 1413 hostes

150 1446 349 1504 Dilataverunt
363 1463 497 1518 regnum,
514 1446 590 1518 qued
606 1449 677 1502 tunc
693 1445 860 1502 habuerunt

413 248 465 312 xn
487 245 744 315 conseruauit
764 246 936 316 senune.
957 242 1212 315 rte-nonen.
1235 245 1287 309 nr
1308 226 1432 310 necno
1453 244 1591 310 steno.

990 384 1017 451 A
1033 385 1065 439 ln
1081 397 1170 455 regno
1186 379 1303 449 Christi,
1320 397 1399 436 nune
1410 378 1470 437 sint
1485 356 1548 435 sine
1564 379 1620 435 tine
1634 378 1722 436 beati.

1759 244 1855 312 luen

1031 469 1189 544 Imperium
1205 485 1330 542 quorum
1347 474 1487 543 cognatus
1502 467 1631 541 sumpsit
1644 483 1746 525 eorum

1031 559 1112 616 Alter
1127 558 1289 615 Balduinus
1304 574 1420 614 morum
1448 557 1592 631 probitate
1615 558 1750 626 decorus,

1035 647 1116 714 Quod
1132 664 1184 721 per
1198 646 1362 719 quindenos
1377 645 1451 703 rexit
1466 644 1589 703 feliciter
1603 662 1707 715 annes,

1031 736 1155 810 Excepto
1171 735 1232 792 selo
1250 753 1308 809 quo
1323 736 1455 807 captivus
1471 735 1526 791 fuit
1539 752 1627 791 anno.

1030 824 1143 898 Regnat
1158 842 1210 898 pro
1225 841 1324 882 secero
1338 823 1426 881 Velco
1437 840 1535 881 comes
1549 823 1779 899 studegavensis,

1029 912 1081 970 Hie
1097 914 1127 970 in
1142 913 1301 971 tredecimo
1317 913 1400 987 regni
1415 913 1585 986 defungitur
1601 929 1687 970 anne.

1030 999 1098 1057 Post
1112 1006 1225 1074 patrem
1241 1001 1333 1059 ternis
1349 1001 1509 1058 lietduinus
1526 1001 1628 1058 tertius
1643 1002 1739 1072 annis,

1029 1089 1184 1146 Praefectus
1199 1107 1288 1164 regne
1300 1092 1363 1162 jam
1379 1090 1498 1147 nornine
1513 1088 1612 1147 clarus
1623 1091 1710 1147 avito.

1029 1179 1084 1244 Qui
1100 1179 1269 1253 compilavit
1281 1179 1370 1236 simul
1387 1182 1415 1236 et
1429 1179 1612 1236 conscribere
1627 1179 1695 1236 fecit

1029 1267 1088 1323 lloc
1102 1285 1188 1341 opus,
1203 1274 1315 1325 aterna
1331 1267 1387 1325 sibi
1403 1268 1442 1324 sit
1457 1267 1610 1325 retributio
1624 1267 1700 1324 vita.

1030 1355 1133 1429 Incipit
1148 1356 1271 1414 historia
1286 1358 1402 1414 Nicaena
1415 1357 1460 1414 vel
1475 1357 1665 1428 Antiochena,

1028 1443 1115 1501 Urbis
1130 1446 1274 1518 praeelarae
1289 1463 1401 1503 necnon
1414 1445 1673 1520 ierosolymitanae.

38 3679 44 3689 -
144 3643 261 3701 Christo
275 3638 587 3712 compellunt‚eredere
603 3636 734 3693 nolentes
745 3636 830 3693 benis
842 3638 967 3711 privant,

894 1576 1095 1591 m

676 1672 816 1732 Blilil'lS
838 1671 1038 1734 Nlllllill'l'ltl
1060 1673 1174 1733 Blthl
1197 1672 1321 1733 ShClll.

188 1783 212 1837 1.
228 1781 311 1837 Anno
327 1778 469 1835 incarnati
485 1777 571 1834 Verbi
584 1777 741 1834 millesimo
752 1778 1014 1851 nongentesimoB
1061 1779 1087 1834 5.
1106 1777 1215 1834 Obessa
1228 1777 1391 1845 Antiochia,
1408 1777 1437 1832 in
1462 1780 1578 1833 tantum
1607 1778 1752 1834 attenuati
1782 1783 1850 1835 sunt

150 1870 274 1944 septimo
290 1866 484 1925 occidentales
498 1864 608 1938 pepuli,
633 1865 764 1922 dolentes
793 1865 857 1922 loca
871 1869 974 1921 sancta
1027 1865 1184 1922 Christiani
1201 1870 1318 1939 propter
1332 1864 1464 1922 omnium
1480 1882 1576 1921 rerum
1592 1866 1758 1937 penuriam,
1775 1871 1806 1923 ut
1820 1867 1848 1923 in

149 1958 338 2028 ierosolymis
354 1955 539 2030 agentilibus
550 1953 707 2027 profanari,
720 1958 749 2010 et
764 1955 873 2009 'lurcos
884 1954 972 2009 etiam
1026 1958 1086 2011 teto
1103 1954 1228 2010 exercitu
1244 1955 1291 2010 vix
1305 1960 1421 2010 rentum
1438 1954 1581 2026 honiequi
1592 1953 1801 2011 invenirentur.
1816 1956 1849 2012 st

151 2048 293 2105 termines
307 2045 540 2102 Christianorum
552 2044 615 2115 jam
631 2043 725 2099 multa
741 2059 774 2098 rx
793 2047 874 2116 parte
890 2042 973 2097 inva-
1027 2047 1124 2099 tamen
1136 2044 1270 2116 quamvis
1280 2042 1524 2115 eadesperatione
1534 2060 1631 2099 rerum
1645 2043 1730 2100 multi
1742 2061 1775 2101 se
1785 2045 1850 2101 sub-

151 2137 235 2204 siese,
249 2133 478 2191 innumerabiles
488 2149 546 2188 una
556 2132 732 2204 aspiratione
741 2130 972 2198 meti,etmultis
1027 2132 1192 2200 straxerint‚
1209 2131 1296 2188 multi
1310 2132 1399 2188 etiam
1416 2131 1647 2204 repatriaverint,
1670 2149 1748 2189 neno
1770 2132 1848 2190 obsi-

150 2225 243 2299 signis
258 2224 313 2280 sibi
330 2222 465 2290 ostensis,
481 2221 530 2277 alii
546 2221 582 2276 ab
593 2219 658 2275 aliis
669 2219 800 2287 animati,
814 2219 912 2286 duces,
925 2236 971 2275 co·
1026 2220 1122 2277 dionis
1138 2238 1239 2277 mense
1255 2224 1342 2293 capta
1354 2220 1519 2277 Antiochia.
1532 2219 1713 2277 Christiania
1728 2222 1850 2296 paganis

149 2315 247 2384 mites,
257 2316 402 2384 petentes,
415 2309 527 2366 nobiles
538 2313 566 2365 et
576 2308 730 2382 ignobiles,
743 2307 847 2363 divites
855 2312 882 2363 et
902 2326 972 2380 pau·
1025 2327 1109 2366 versa
1122 2310 1184 2366 vice
1198 2310 1323 2374 obsessi,
1339 2313 1421 2364 tanta
1441 2310 1517 2365 fame
1540 2307 1640 2365 afflicti
1659 2313 1740 2379 sunt,
1757 2315 1791 2366 ut
1805 2310 1850 2366 vix

150 2419 243 2478 peres,
260 2400 383 2457 fiheriet
398 2399 482 2466 servi,
494 2398 634 2470 episcopi,
647 2396 754 2466 clerici,
772 2396 917 2464 monachi,
930 2414 972 2453 se·
1026 2398 1115 2470 aliqui
1123 2400 1159 2456 ah
1171 2399 1309 2456 humanis
1318 2398 1456 2455 carnibus
1467 2415 1498 2455 se
1509 2397 1690 2454 abstinerent
1701 2415 1707 2452 :
1720 2398 1773 2455 sed
1783 2415 1848 2456 con·

150 2507 202 2548 nes
216 2488 385 2560 etjurenss,
402 2485 490 2541 etiam
507 2485 589 2556 pueri
605 2489 633 2541 et
653 2483 767 2557 puellae,
785 2501 888 2540 omnes
912 2502 970 2541 uno
1027 2488 1122 2544 fertati
1138 2488 1436 2561 aDeoperinventam
1447 2486 1542 2560 ipsius
1553 2485 1849 2561 lanceamatempore

149 2572 771 2646 animo,nullumulloangariante,undique
782 2576 969 2641 concurrunt,
1026 2575 1223 2648 apostolerum
1241 2593 1299 2631 non
1314 2576 1418 2642 visam,
1436 2575 1500 2649 ipsa
1512 2575 1614 2631 lancea
1639 2575 1720 2647 ipsos
1743 2593 1848 2649 praeec-

148 2668 185 2726 ab
200 2666 381 2741 Hispania,a
408 2661 568 2718 Provincia.
584 2661 620 2717 ab
635 2661 836 2734 Aquitaniae
859 2661 970 2717 Britan·
1024 2666 1119 2733 dente,
1137 2664 1248 2722 obsessi
1274 2664 1479 2721 obsessoribus
1503 2669 1715 2720 concurrerunt
1742 2669 1846 2738 quarte

72 2798 74 2807 ,
148 2759 206 2824 nia,
219 2775 236 2812 a
250 2756 357 2818 Sectis,
373 2753 409 2810 ab
426 2749 540 2824 Anglia,
553 2767 570 2806 a
582 2749 790 2818 Nothmannia,
806 2767 824 2805 a
838 2750 968 2820 Francia,
1025 2753 1084 2810 llal.
1101 2752 1181 2821 iulii,
1199 2757 1227 2809 ct
1241 2753 1295 2809 heo
1306 2754 1394 2810 tertie
1410 2752 1486 2809 belle
1496 2752 1645 2808 victoriam
1656 2753 1753 2825 adepti
1765 2759 1843 2810 sunt.

147 2865 164 2904 a
179 2843 376 2918 Letharingia,
393 2859 410 2898 a
425 2839 603 2914 Burgundia,
621 2839 844 2905 aGermania‚a
860 2840 970 2912 Lange·
1057 2843 1085 2898 6.
1103 2845 1243 2908 Quartum
1260 2841 1368 2897 bellurn
1385 2841 1439 2897 fuit
1453 2841 1495 2898 eis
1509 2841 1539 2896 in
1555 2840 1698 2897 Romania
1708 2840 1844 2900 Kalendis

147 2936 259 3003 hordia,
275 2935 310 2990 ab
325 2931 441 3005 Apulia,
461 2934 489 2986 et
504 2930 540 2986 ab
557 2927 623 2985 aliis
639 2929 747 3001 regnis,
764 2933 793 2985 et
812 2927 917 2984 virtute
941 2933 970 2985 et
1022 2931 1092 2988 iulii
1108 2936 1136 2988 et
1149 2931 1189 2987 ibi
1200 2931 1286 2987 Turei
1301 2931 1368 2986 victi
1386 2935 1465 2988 sunt.

147 3024 231 3101 signe
247 3026 353 3079 sancta
369 3018 465 3076 crucis
480 3016 587 3090 signati
603 3021 631 3072 et
645 3017 749 3072 armati
762 3017 854 3072 ultum
871 3017 970 3089 irepa-
1056 3023 1084 3077 7.
1101 3021 1264 3077 Commissa
1277 3019 1430 3075 Antiochia
1455 3019 1521 3075 duci
1550 3019 1741 3086 Boiamnndo‚
1762 3020 1843 3077 Chri·

147 3117 214 3168 rant
228 3111 353 3184 injurias
366 3108 417 3166 Dei
433 3108 463 3163 in
479 3107 578 3163 hostes
600 3105 757 3161 ChrIstiani
779 3105 916 3162 nominis.
933 3107 968 3162 Et
1024 3109 1111 3166 stiani
1119 3109 1392 3183 proptervitandum
1400 3108 1709 3180 tadiumetfnmem,et
1719 3109 1844 3166 maxime

118 3252 121 3259 .
146 3204 256 3274 quanto
272 3198 396 3272 quisque
407 3197 550 3252 hactenus
560 3195 594 3250 ad
608 3195 798 3250 exercendam
807 3194 968 3250 mundimi·
1024 3202 1141 3271 propter
1156 3199 1318 3255 discordias
1329 3196 1495 3271 principum
1511 3198 1738 3270 proficiscuntur
1751 3197 1783 3255 in
1798 3200 1844 3272 Sy·

145 3290 238 3346 litiam
253 3292 314 3344 erat
331 3285 458 3359 pronior,
473 3289 556 3339 tanto
572 3300 650 3338 nune
666 3283 702 3338 ad
718 3284 907 3339 exercendam
924 3284 968 3340 ul·
1022 3287 1095 3343 riam
1112 3293 1139 3344 et
1150 3287 1323 3361 expugnatis
1334 3287 1431 3343 blarra
1441 3292 1469 3342 et
1480 3286 1700 3343 Barraurhihus
1710 3287 1844 3344 Sarrace-

147 3383 190 3435 tre
205 3378 255 3434 Dei
270 3375 406 3431 militiam
423 3374 455 3428 fit
470 3371 640 3445 promptior,
658 3371 828 3428 firmissima
841 3389 912 3444 paee
927 3372 969 3428 in·
1022 3393 1137 3443 norum,
1154 3381 1183 3431 et
1197 3374 1298 3431 multis
1314 3375 1464 3449 regionum
1476 3373 1614 3444 castellis,
1630 3380 1713 3431 tanta
1728 3374 1769 3431 ihi
1785 3392 1844 3433 rur·

144 3467 229 3526 terim
247 3464 354 3537 ubique
369 3461 540 3533 composita,
556 3464 585 3516 et
601 3460 694 3532 primo
708 3458 825 3515 Judaeos
839 3460 869 3515 in
885 3461 967 3516 urbi·
1022 3482 1088 3521 sum
1105 3466 1181 3521 fame
1201 3464 1296 3520 affecti
1316 3468 1395 3532 sunt,
1422 3469 1454 3520 ut
1475 3480 1596 3535 corpora
1617 3464 1843 3521 sarracenorum

145 3557 201 3612 bus
216 3554 245 3609 in
261 3552 370 3626 quibus
393 3554 475 3607 erant
499 3548 639 3623 aggressi,
655 3565 705 3604 ees
728 3548 764 3603 ad
790 3549 967 3605 credendum
1017 3554 1081 3625 jain
1099 3553 1218 3610 fetentia
1235 3553 1385 3609 comedere
1400 3552 1544 3626 compulsi
1560 3552 1628 3609 sint.

1059 3645 1085 3698 8.
1101 3641 1249 3698 Exercitus
1265 3642 1316 3699 Dei
1332 3641 1430 3697 divine
1452 3640 1565 3697 monitu
1580 3640 1609 3696 in
1626 3641 1766 3698 interiora
1795 3642 1842 3698 Hi·

143 3731 293 3789 trucidant
307 3733 357 3785 aut
372 3726 496 3784 urbibus
510 3725 680 3795 eliminant3
692 3725 785 3798 aliqui
793 3730 860 3798 post
868 3728 902 3783 ad
915 3728 968 3783 lu·
1021 3731 1131 3804 spaniae
1148 3732 1183 3804 (l)
1200 3731 1348 3803 prefectus
1373 3729 1454 3804 larga
1474 3729 1525 3786 Dei
1550 3747 1639 3785 manu
1664 3729 1841 3787 refocillatus

144 3821 293 3877 daisrnum
308 3816 504 3874 revolvuntur·
1021 3824 1075 3886 est,
1092 3820 1161 3893 quia
1176 3819 1253 3876 cives
1268 3824 1296 3875 et
1311 3818 1461 3876 castellani
1487 3818 1566 3874 illius
1589 3817 1717 3891 regionis
1731 3817 1841 3892 legatos

179 3913 206 3966 2.
224 3906 398 3965 Eminebant
413 3904 442 3961 in
457 3903 512 3960 hoe
523 3903 572 3959 liei
584 3903 966 3978 hosticeduxLetharingiae
1020 3923 1088 3963 eum
1105 3906 1205 3962 multis
1225 3906 1354 3962 denariis
1369 3906 1405 3962 ad
1428 3922 1477 3962 eos
1502 3906 1727 3979 praemittebant,
1749 3906 1841 3980 parali

143 3997 316 4055 (lodefridus
327 3999 355 4052 et
370 3995 473 4050 fratres
487 3993 551 4065 ejus
567 3991 742 4048 Eustachius
753 3995 782 4049 et
793 3992 965 4061 Balduinus,
1020 3995 1108 4051 etiam
1123 3995 1230 4068 oppida
1244 3993 1289 4050 vel
1304 3995 1392 4050 urbes
1407 3993 1449 4050 eis
1468 3995 1594 4066 tradere,
1610 4011 1626 4050 a
1642 3993 1750 4067 quihus
1764 3994 1841 4050 Chri·

143 4087 304 4144 Balduinus
319 4100 417 4140 cemes
433 4080 603 4150 Montensis,
615 4080 759 4137 liebertus
775 4098 871 4138 cernes
881 4082 965 4139 Flan-
1019 4084 1118 4152 eliani,
1130 4083 1283 4141 securitate
1290 4086 1417 4156 accepta,
1429 4086 1458 4139 et
1468 4082 1576 4139 indicto
1587 4083 1710 4138 urbibus
1720 4082 1839 4149 tributo,

143 4175 267 4245 drensis,
282 4173 449 4247 Stephanus
471 4188 569 4228 comes
594 4169 752 4239 Blesensis,
773 4171 856 4245 Hugo
878 4172 967 4228 frater
1019 4173 1135 4230 interim
1146 4173 1235 4229 etiam
1246 4171 1349 4229 multis
1359 4189 1461 4228 eorum
1472 4172 1522 4244 qui
1535 4188 1566 4229 se
1576 4171 1839 4228 substraxerantnd

142 4263 220 4339 regis
241 4265 430 4330 Francorum,
447 4263 591 4318 liebertus
612 4275 710 4316 eomes
733 4259 963 4328 Northmannia,
1019 4279 1068 4318 cos
1081 4263 1158 4334 apud
1174 4263 1282 4335 Tyrum
1298 4261 1526 4332 recurrentibus,
1536 4261 1654 4317 tandem
1670 4261 1841 4333 perveniunt

142 4354 327 4410 Raimundus
343 4368 441 4408 comes
455 4348 551 4406 Sancti
567 4347 683 4421 AEgidii,
694 4348 895 4405 Boiamnndus
906 4349 965 4404 dux
1017 4350 1191 4417 Jerusalem,
1203 4367 1294 4424 eaque
1305 4350 1425 4407 obsessa
1436 4366 1503 4405 cum
1514 4350 1680 4406 laborarent
1690 4349 1840 4421 provictus

140 4444 261 4517 Apulia.
1018 4445 1046 4496 et
1060 4440 1186 4497 maxime
1200 4455 1252 4513 pro
1267 4457 1349 4512 aquae
1366 4439 1497 4512 penuria,
1514 4455 1616 4495 omnes
1631 4454 1666 4494 ex
1690 4438 1838 4496 communi

180 4533 208 4589 3.
224 4531 374 4589 Exercitus
389 4529 439 4586 Dei
455 4545 613 4603 aggressus
628 4526 768 4583 terminos
783 4544 965 4600 paganorum
980 4513 1004 4579 D
1019 4530 1134 4586 decreto
1151 4529 1239 4585 nudis
1255 4528 1379 4600 pedihus
1394 4528 1524 4600 quotidie
1544 4528 1654 4584 orando
1677 4527 1841 4584 circuibant

140 4620 195 4678 viri
216 4615 964 4695 literagit,primumqueeisfuitbellumadpentem
1019 4618 1132 4675 urbem.

141 4710 292 4784 Pharphar
306 4709 437 4766 fluminis
453 4726 479 4764 rx
492 4705 553 4763 llal.
570 4705 677 4769 ltlartii,
691 4705 741 4760 ubi
758 4704 844 4760 multi
856 4706 964 4761 'lurco-
1054 4711 1080 4762 9.
1097 4707 1201 4764 Octavo
1216 4723 1284 4780 ergo
1299 4706 1368 4763 talis
1383 4705 1596 4763 humiliationis
1607 4705 1664 4773 die,
1677 4704 1840 4762 obsidionis

141 4816 208 4855 rum
224 4799 313 4856 occisi
329 4803 407 4854 sunt.
1018 4800 1117 4853 antem
1133 4797 1180 4851 die
1194 4797 1239 4864 39,
1256 4800 1342 4869 capta
1355 4800 1400 4852 est
1426 4794 1590 4852 Jerusalem
1621 4794 1692 4851 ldus
1716 4793 1788 4850 iulii
1810 4794 1839 4849 in

175 4890 201 4943 l.
212 4888 379 4944 Secundum
395 4887 437 4941 eis
454 4885 466 4939 f
467 4884 508 4939 nit
523 4882 632 4939 bellum
644 4882 723 4955 apud
735 4881 859 4938 niceam
871 4900 901 4938 111
910 4883 965 4939 No·
1016 4904 1045 4942 vr
1061 4886 1131 4954 fera,
1148 4889 1177 4941 et
1192 4883 1221 4940 in
1237 4883 1346 4957 templo
1360 4883 1524 4941 Salomonis
1540 4889 1569 4939 et
1583 4883 1613 4939 in
1636 4881 1751 4956 porticu
1776 4884 1840 4955 ejus

139 4994 193 5033 nas
208 4975 314 5043 Martii,
332 4976 361 5030 in
376 4992 432 5046 quo
448 4973 536 5028 etiam
552 4972 657 5044 pagani
682 4971 750 5027 victi
776 4975 855 5027 suut.
873 4972 963 5044 Capta
1016 4974 1172 5030 Christiani
1189 4990 1256 5030 cum
1272 4973 1394 5047 paganis
1409 4977 1488 5028 sexte
1505 4971 1580 5029 bello
1595 4975 1740 5039 conserto,
1758 4975 1840 5028 tants

139 5082 208 5139 erge
222 5065 326 5130 Nicaea,
344 5067 428 5135 capta
442 5061 531 5117 etiam
548 5059 694 5130 Laodicia,
708 5076 776 5115 cum
788 5064 885 5116 essent
897 5060 962 5130 plus
1017 5063 1047 5118 in
1063 5063 1106 5119 eis
1121 5063 1197 5118 cade
1213 5060 1381 5118 debacchati
1398 5065 1477 5130 sunt,
1491 5067 1524 5117 ut
1535 5060 1564 5115 in
1575 5059 1719 5132 sanguine
1731 5060 1839 5116 occise-

140 5170 229 5228 quam
244 5169 294 5208 ecc
310 5150 403 5206 millia
413 5153 593 5205 armatorum
605 5148 634 5203 in
648 5149 774 5204 exercitu
786 5148 963 5205 Christiano·
1016 5169 1080 5207 rum
1096 5151 1259 5224 equitarent
1273 5168 1367 5223 usque
1381 5151 1416 5206 nd
1432 5166 1528 5223 genua
1542 5165 1695 5223 equorum.

139 5259 217 5310 rum,
230 5245 311 5296 tanta
325 5239 369 5296 eis
383 5237 516 5294 omniurn
532 5253 628 5293 rerum
641 5236 814 5310 suppetebat
830 5237 963 5311 copia,ut
1051 5243 1095 5297 to.
1113 5244 1184 5297 Cum
1200 5241 1369 5297 ordinatum
1383 5244 1461 5296 esset
1475 5240 1525 5311 qni
1542 5236 1706 5296 Jerusalem
1723 5237 1841 5295 deberet

37 5405 39 5408 y
140 5330 216 5386 aries
231 5345 290 5385 uno
305 5344 437 5395 nummo,
449 5327 502 5383 bos
517 5325 564 5381 vix
578 5323 733 5382 duodecim
748 5327 880 5384 nummis
893 5343 961 5384 ven·
1015 5330 1148 5401 retinere,
1166 5328 1423 5402 principibusiam
1439 5328 1475 5385 de
1496 5327 1651 5401 patriando
1672 5326 1840 5400 agentibus,

139 5418 264 5476 deretur.
961 5430 963 5435 ⁴
1016 5433 1081 5478 ecce
1096 5434 1146 5477 rex
1165 5418 1393 5476 sarracenorum
1417 5417 1454 5475 ad
1473 5415 1664 5477 debellandos
1688 5431 1739 5474 ees
1762 5413 1842 5476 venit

174 5545 214 5624 (1)
228 5545 297 5607 Pars
313 5543 412 5649 Syrie.
429 5541 508 5606 aare.
537 5636 542 5642 Ι
