3816 6006
392 272 586 338 sensnum
607 275 681 339 LlB.
703 272 791 352 noo.
811 271 869 340 SS.
891 272 1037 341 nauum
1056 273 1299 342 lacusancti.
1613 277 1693 347 told

77 404 137 463 aim
152 405 265 477 civitas,
273 408 310 465 ad
327 408 537 481 cnjusportam
545 406 815 466 restitnitChristus
829 413 854 478 Α
869 407 1083 484 evangelizatur
1093 408 1204 467 fessum
1221 409 1324 468 itinera
1339 409 1450 468 sedisse
1464 414 1577 481 iesum,
1589 417 1618 472 et
1631 431 1694 473 ser-

77 493 275 554 lliumviduae.
292 496 388 570 Supra
402 498 486 553 Naim
502 503 547 554 est
561 515 646 554 mons
661 499 768 565 lindos,
777 498 814 554 ad
870 515 987 557 monem
1001 499 1141 557 habuisse
1157 516 1225 557 oum
1240 500 1435 568 Samaritana,
1445 500 1495 557 ubi
1511 518 1589 560 nuno
1600 504 1696 563 Eccle-

77 601 120 642 sm
134 586 220 658 cujus
236 603 326 659 supra
339 590 499 643 torrentem
514 588 681 656 Kadmium,
697 587 747 661 qui
770 592 816 643 est
870 588 914 644 sia
928 589 1118 646 construitur.
1134 591 1220 646 Juxta
1234 589 1350 646 Sichem
1367 589 1553 648 terebinthus
1568 591 1693 662 illa,aub

77 690 103 732 rs
117 674 286 743 Cisomcum
303 674 363 732 filio
378 676 507 732 Delbcrae
519 677 815 749 prophetissa,Barac
870 693 928 749 qna
942 676 1032 734 lacob
1048 677 1201 735 abscondit
1211 678 1299 735 idola.
1312 678 1344 734 ln
1360 677 1459 735 Bethel
1472 678 1610 737 milliario
1625 681 1696 740 aSi·

90 763 235 820 Abineech
259 764 365 820 devicit
391 765 546 834 idumeos,
563 765 645 822 Sisar
667 765 813 837 videlicet,
869 766 954 822 chem
970 766 1048 822 Luza
1072 766 1183 836 civitas,
1199 767 1230 824 iu
1252 784 1311 842 qua
1335 784 1388 840 per
1411 767 1538 825 multum
1552 771 1694 844 temporis

77 851 96 909 sl
112 870 231 909 uxorem
245 853 393 924 aberenei,
409 854 464 910 Zeb
484 855 593 922 autem,
609 860 639 911 et
662 855 769 921 zebee,
787 860 815 911 et
870 855 998 927 spatium
1013 855 1155 911 habitavit
1169 855 1328 924 Abraham,
1338 855 1387 912 ubi
1402 861 1431 912 et
1444 857 1534 914 Jacob
1545 858 1695 918 dormiens

77 958 128 998 sna
151 947 233 998 trans
254 942 413 999 Jordanem
436 959 614 1014 persequens
636 943 733 1016 gladio
750 959 815 1015 per·
869 943 980 1000 scalam
991 944 1064 1000 vidit
1079 943 1184 1002 ooelum
1200 949 1380 1017 tangentem,
1395 945 1574 1020 angelosque
1589 965 1641 1021 per
1654 948 1695 1019 ,il-

85 1031 239 1087 brachium
256 1031 285 1087 in
302 1031 407 1097 Endon,
418 1036 446 1087 et
462 1032 517 1087 sub
532 1033 629 1088 Endon
639 1033 725 1089 Cison
739 1049 816 1088 exer
869 1032 928 1088 lam
944 1033 1135 1090 ascendentes
1151 1037 1180 1089 et
1194 1033 1419 1102 descendentes,
1432 1035 1533 1091 statim
1553 1036 1695 1110 evigilans

80 1120 156 1177 unde
172 1120 201 1175 in
216 1119 338 1192 psalmis
355 1121 467 1189 Thabor,
484 1128 508 1177 et
522 1123 640 1177 lismaco
661 1124 692 1177 in
705 1123 816 1177 nomine
870 1122 911 1177 ait
926 1138 933 1177 :
951 1121 1002 1179 Hic
1016 1119 1098 1179 locus
1108 1139 1175 1178 vero
1189 1128 1310 1179 sanctus
1324 1127 1378 1190 est,
1395 1128 1423 1179 et
1437 1127 1522 1196 porta
1540 1125 1603 1181 omli
1618 1126 1693 1198 (Gen.

77 1209 252 1278 assitebant,
277 1217 303 1266 et
332 1218 410 1266 tuum
437 1210 580 1266 brachium
606 1227 669 1266 eum
693 1213 816 1284 potentia
869 1225 966 1281 uviri,
984 1212 1039 1284 17).
1055 1210 1177 1286 Erigeus
1192 1211 1320 1285 lapidem
1336 1211 1365 1266 in
1381 1211 1514 1281 titulum,
1525 1217 1555 1270 et
1569 1215 1696 1274 lundens

77 1343 78 1352 ,
108 1315 240 1366 ussum,
265 1299 321 1367 43).
351 1298 457 1365 Quinto
487 1298 624 1355 milliario
653 1304 699 1356 est
721 1299 815 1356 Auain
870 1299 967 1357 oleum
980 1300 1116 1374 desuper,
1127 1299 1283 1373 appellavit
1298 1316 1404 1357 nomen
1420 1300 1476 1358 loci
1490 1300 1570 1359 illius
1584 1304 1694 1375 Bethel,

77 1386 102 1444 el
114 1387 228 1455 civitas,
241 1392 344 1460 quaet
359 1388 484 1455 Zaraim,
498 1406 533 1445 ex
548 1406 607 1461 qua
629 1388 744 1445 Jezabel
760 1389 815 1444 im·
870 1390 949 1463 quod
965 1387 1048 1463 prius
1064 1390 1144 1447 Luza
1156 1389 1324 1446 vocabatur.
1341 1391 1374 1445 ln
1390 1389 1500 1463 Bolbai,
1516 1391 1612 1466 angeli
1627 1410 1698 1468 pra·

77 1492 128 1533 ma
141 1476 242 1550 regina
261 1475 327 1542 luit,
343 1494 407 1549 qua
421 1476 544 1533 abstulit
559 1477 674 1534 vineam
689 1476 814 1546 Nabotb,
870 1483 953 1551 cepto
981 1477 1073 1536 voluit
1101 1478 1249 1536 Abraham
1278 1477 1432 1537 immolare
1454 1479 1577 1539 Domino
1601 1481 1696 1539 illium

77 1565 160 1623 etiam
175 1583 227 1639 pro
243 1565 468 1639 importunitate
477 1567 523 1623 sui
537 1567 573 1622 do
588 1584 704 1623 summo
714 1565 817 1639 palatii
871 1584 959 1624 suum
985 1567 1076 1625 lsaac.
1094 1569 1147 1625 Est
1174 1571 1273 1625 autem
1296 1567 1396 1624 Bethel
1422 1568 1596 1627 collateralis
1611 1587 1697 1628 mons

77 1654 232 1728 rescipitata
246 1653 368 1724 interiit,
380 1656 426 1727 cuj
432 1672 466 1711 us
490 1655 586 1712 adhuc
610 1656 740 1729 pyramis
765 1673 816 1711 an·
871 1656 1013 1726 Garinim,
1027 1656 1187 1731 respiciens
1201 1661 1331 1713 montem
1346 1657 1436 1715 Gabai
1451 1658 1487 1714 nd
1504 1657 1657 1729 orientem,
1669 1664 1699 1718 et

77 1743 242 1801 assidetur.
253 1745 343 1801 Juxta
356 1743 472 1801 lezabel
488 1749 532 1800 est
546 1762 669 1818 campus
684 1745 816 1818 Magedo,
872 1745 991 1803 Sledam
1015 1762 1105 1818 super
1126 1745 1254 1802 Sicbsm.
1271 1746 1419 1819 vigesimo
1445 1746 1584 1805 milliario
1612 1766 1630 1805 a
1654 1748 1698 1806 Si·

79 1832 203 1890 nJosias
218 1851 277 1901 res,
294 1851 311 1889 a
326 1850 392 1906 rege
406 1833 544 1890 Samariae
561 1834 700 1891 subactus
716 1849 820 1890 succu-
872 1834 967 1903 chem,
980 1839 1084 1907 quarto
1096 1851 1113 1890 a
1127 1833 1302 1903 Jerusalem,
1312 1833 1360 1890 via
1374 1851 1437 1907 que
1448 1836 1530 1893 ducit
1537 1835 1698 1911 Diospolim

78 1922 185 1979 deinde
198 1922 360 1979 translatus
376 1923 406 1978 iu
422 1922 502 1990 Sion,
519 1927 548 1978 et
562 1923 707 1997 sepultus.
717 1921 821 1979 Millia·
874 1940 959 1980 mons
969 1923 1037 1997 Syla
1051 1926 1080 1980 et
1093 1923 1206 1992 civitas,
1218 1940 1281 1996 que
1296 1927 1324 1979 et
1338 1923 1513 1993 Arama,ubi
1527 1941 1595 1983 arca
1608 1929 1699 1983 testa·

83 2010 194 2068 Jenrael
212 2017 325 2068 montes
340 2011 446 2068 Gelboe
462 2017 541 2078 sunt,
559 2012 588 2068 in
603 2012 711 2085 quibus
730 2011 820 2067 dimi·
874 2012 965 2068 menti
980 2016 1010 2068 et
1021 2010 1242 2068 tabernaculum
1254 2012 1370 2068 Domini
1383 2012 1419 2068 ab
1434 2013 1560 2070 adventu
1571 2014 1699 2072 illiorum

77 2117 97 2158 rs
119 2099 189 2157 Saul
214 2105 243 2157 et
270 2100 412 2157 Jonathas
437 2100 550 2157 subacti
572 2100 726 2168 siluerunt,
743 2100 828 2156 uude·
875 2100 963 2158 lsrael
979 2104 1151 2158 manserunt
1165 2115 1260 2172 usque
1275 2100 1311 2157 ad
1326 2103 1458 2174 tempora
1473 2101 1618 2160 Samuelis
1632 2120 1700 2178 pro·

77 2189 226 2247 {Mones
242 2189 347 2258 Getice,
361 2206 410 2246 uec
425 2207 530 2247 rosnec
541 2191 641 2263 pleuto
661 2191 752 2246 omiot
773 2206 821 2245 aa·
875 2191 968 2264 pheta
983 2189 1073 2247 David
1098 2188 1185 2262 regis,
1199 2188 1348 2262 Vigesimo
1377 2188 1515 2248 milliario
1539 2192 1700 2260 asicham,

77 2295 102 2337 aa
116 2279 153 2350 (ll
166 2281 227 2351 lieo.
245 2297 265 2351 1,
276 2282 332 2348 21),
344 2284 398 2335 etc.
417 2280 550 2336 Secundo
570 2278 736 2335 milliarica
756 2276 822 2335 Gel·
876 2284 956 2336 sexto
971 2278 1084 2335 decimo
1099 2295 1116 2334 a
1129 2277 1268 2351 Diospoli,
1285 2282 1366 2335 sexto
1382 2279 1495 2335 decimo
1508 2280 1544 2336 ab
1563 2281 1699 2352 Hebrum,

77 2372 170 2426 eontra
186 2368 327 2425 orientem
343 2373 387 2425 est
398 2367 572 2441 Sobitopolis
583 2367 822 2436 civitas,Galileae
875 2368 960 2424 tertio
983 2367 1095 2424 decimo
1120 2384 1137 2423 a
1161 2366 1287 2434 Jericbc,
1305 2371 1408 2440 quarto
1432 2368 1572 2437 altethel,
1588 2369 1701 2427 decimo

77 2456 179 2531 opolis,
196 2475 259 2530 quae
275 2463 304 2514 et
320 2458 457 2525 Bethsan,
475 2458 503 2513 id
519 2462 563 2514 est
577 2457 672 2514 domus
686 2459 763 2523 actis,
779 2455 823 2513 vel
877 2455 1000 2528 septimo
1016 2473 1034 2511 a
1048 2456 1200 2522 Bersabee,
1214 2455 1356 2529 vigesimo
1372 2461 1476 2529 quarto
1493 2457 1528 2513 ab
1547 2457 1700 2528 tacilone,

77 2563 110 2617 υς
121 2563 210 2620 snper
224 2564 326 2603 muros
336 2547 399 2618 ejus
411 2547 628 2619 suspenderunt
642 2551 729 2619 caput
742 2545 822 2602 Saul.
877 2544 1058 2617 totidemque
1073 2562 1090 2600 a
1103 2544 1207 2618 ioppe,
1224 2548 1305 2601 sexto
1328 2562 1346 2600 a
1370 2546 1523 2614 Ramatha,
1538 2546 1702 2605 ierusalem

77 2640 106 2693 to
118 2635 255 2691 milliario
272 2634 412 2692 aJezrnel
429 2641 474 2691 est
487 2635 628 2708 oppidum
644 2633 717 2691 illud
735 2650 824 2707 aquo
877 2632 1064 2690 sanctissima
1078 2632 1185 2689 tudae
1201 2633 1453 2708 metropolimque
1463 2639 1492 2691 et
1506 2635 1585 2706 Sion,
1598 2636 1634 2692 de
1644 2653 1704 2709 qna

77 2724 104 2781 it
117 2724 259 2791 Samaria,
276 2741 340 2796 que
356 2729 385 2780 st
410 2724 560 2790 Sebasten‚
578 2729 606 2781 et
629 2725 771 2797 Augusta,
787 2722 823 2778 ab
878 2724 989 2779 dictum
1012 2726 1077 2779 est:
1095 2721 1217 2780 Glorioso
1239 2723 1312 2780 dicto
1335 2732 1400 2779 aaut
1424 2723 1456 2780 de
1479 2731 1515 2792 te,
1530 2726 1628 2782 civim
1654 2726 1705 2783 net
1783 2734 1785 2739 ’

77 2817 131 2871 isto
145 2813 256 2869 assare
271 2813 359 2880 dicta,
374 2813 404 2868 in
427 2830 486 2886 qua
510 2811 644 2884 sequltus
671 2811 725 2867 luit
740 2828 824 2884 para·
879 2812 966 2882 (Ptol.
978 2829 1089 2868 nxxxvr.
1101 2813 1140 2881 3),
1152 2828 1217 2884 quse
1231 2816 1260 2867 et
1271 2810 1345 2868 AElia
1359 2811 1396 2867 ab
1410 2812 1482 2869 AElio
1501 2813 1638 2884 Adriano,
1654 2813 1704 2886 qui

77 2902 149 2978 phua
158 2901 206 2958 ille
217 2901 639 2974 precurserllomini,doannes
648 2901 778 2973 Baptista
788 2899 825 2956 ab
879 2917 944 2959 eam
959 2900 1133 2957 construxit.
1150 2899 1318 2957 Bethlehem
1334 2905 1379 2957 eet
1392 2901 1495 2958 civitas
1509 2902 1664 2976 indeque
1675 2907 1705 2960 et

77 2991 113 3049 ds
140 2990 312 3058 decollatae,
335 2996 416 3048 trans
442 2991 600 3048 Jordanem
627 2991 705 3046 inira
727 2988 825 3045 lacum
879 2990 1007 3064 liphrats
1021 2989 1147 3045 dicitur:
1164 2988 1333 3045 Bethlehem
1343 2989 1437 3046 domos
1445 2992 1526 3062 puoh
1535 2991 1706 3064 interpreta-

77 3079 194 3139 altitem
208 3079 239 3135 iu
255 3079 373 3136 castello
389 3079 624 3147 Macheronta,ct
640 3096 658 3135 a
672 3076 825 3151 discipulis
882 3083 940 3146 tur,
957 3094 1010 3134 nec
1025 3076 1088 3135 sine
1103 3094 1202 3145 cansa,
1211 3077 1282 3151 quia
1295 3078 1330 3133 de
1346 3076 1416 3134 ilore
1430 3077 1578 3135 Nazareno
1589 3096 1705 3153 proces·

77 3168 238 3227 translatus
254 3169 309 3224 suit
323 3169 473 3237 Sebasten‚
487 3169 586 3239 ibique
602 3166 734 3240 sepultus
749 3167 825 3222 inter
840 3146 862 3216 G
881 3167 919 3223 sit
934 3167 965 3222 in
979 3183 1013 3223 ea
1029 3166 1141 3223 irnctus
1154 3167 1220 3222 vita
1234 3167 1270 3222 do
1284 3166 1396 3239 virgine
1411 3166 1705 3235 Maria,videlicetFi·

79 3274 130 3315 um
146 3263 175 3313 st
189 3257 323 3325 Abdiam,
339 3262 368 3314 et
393 3262 579 3330 assumptum
604 3255 706 3312 exinde
725 3259 827 3329 postea
880 3255 937 3311 lius
953 3254 1000 3312 liei
1012 3254 1145 3312 Christus
1157 3255 1308 3328 lesus,qni
1325 3254 1410 3328 panis
1420 3259 1466 3312 est
1476 3256 1705 3331 angelorumto·

77 3364 109 3405 us
132 3347 198 3420 ejus
225 3347 377 3404 aluliano
404 3347 515 3403 Casare
537 3348 686 3418 Apostata,
704 3345 827 3416 ejusque
880 3345 999 3416 tiusque
1007 3343 1065 3398 vita
1077 3343 1230 3399 mundi.ln
1242 3342 1422 3411 Bethlehem,
1427 3344 1513 3415 Juxta
1521 3343 1617 3402 locum
1629 3346 1707 3404 nati·

77 3440 265 3493 acromatum
283 3436 374 3492 fuisse
390 3435 570 3508 perhibetur,
586 3434 664 3490 datis
678 3437 762 3489 vento
787 3432 827 3488 ci·
879 3432 978 3489 vitatis
992 3432 1164 3504 praesepem
1182 3449 1239 3505 quo
1255 3434 1284 3488 et
1298 3430 1706 3506 ipselatitavitinianslesus,

77 3542 136 3593 tus;
152 3525 204 3581 sed
220 3525 331 3596 absque
346 3524 531 3597 capite,quod
546 3522 725 3579 Alexandriae
741 3525 828 3576 antea
881 3521 960 3577 unde
973 3520 1116 3592 propheta
1133 3537 1140 3576 ι
1156 3522 1280 3591 separavit
1304 3522 1350 3577 toa
1371 3537 1550 3594 possessorem
1571 3540 1663 3593 mam,
1682 3532 1710 3582 et

77 3612 178 3672 elatum
197 3613 299 3681 iuerat,
312 3618 413 3686 postea
427 3610 722 3684 Constantinopolim,
733 3609 769 3665 ad
786 3608 829 3665 ul·
881 3609 977 3665 ocinus
998 3622 1121 3681 presepe
1144 3609 1308 3672 donaciani
1322 3610 1397 3682 (lsai.
1412 3625 1432 3678 s,
1448 3611 1486 3679 3),
1502 3627 1538 3667 ex
1552 3627 1609 3685 quo
1630 3612 1707 3682 leno,

77 3718 111 3759 ,m
125 3700 156 3757 in
171 3701 306 3769 Galliam,
323 3702 353 3757 in
376 3718 450 3774 pago
475 3700 657 3767 PictavieusI,
674 3704 702 3755 et
717 3698 828 3770 absquo
882 3696 931 3754 ubi
947 3695 1044 3752 inians
1058 3695 1235 3765 latitaverat,
1251 3698 1375 3755 Romam
1391 3697 1521 3755 delatum
1536 3698 1593 3756 ruit
1609 3701 1645 3757 ad
1661 3717 1709 3761 ec·.

77 3807 98 3848 e
112 3790 162 3864 qui
178 3790 342 3846 venientem
359 3790 394 3845 ad
411 3790 591 3862 baptismum
603 3789 705 3844 iesum
722 3787 829 3843 indica·
882 3785 1002 3842 clesiam
1013 3790 1119 3841 sancte
1126 3786 1224 3842 Mariae
1235 3786 1709 3860 majoriaMilliarioaBethlehem

77 3879 202 3950 ;,dicens
218 3895 225 3935 2
242 3881 307 3935 Ecce
320 3878 411 3950 Apum
426 3881 486 3946 Dei,
502 3894 560 3934 eece
575 3879 623 3950 qui
634 3874 707 3932 toltit
720 3882 829 3948 peccatu
882 3872 967 3932 stella
981 3874 1148 3946 pastoribus
1164 3876 1285 3932 Domino
1300 3880 1369 3933 nato
1384 3876 1522 3949 apparuit
1540 3877 1643 3951 angelo
1663 3877 1709 3935 di-

77 3968 203 4036 minan.
220 3986 239 4033 1,
253 3968 309 4035 29).
327 3968 397 4024 lude
422 3966 496 4022 illud
520 3967 605 4021 beata
626 3965 707 4037 virgo
722 3963 828 4020 Thecla
882 3965 964 4018 cente
980 3977 987 4016 :
1003 3961 1096 4017 Gloria
1119 3964 1149 4017 iu
1173 3965 1285 4020 excelsis
1310 3965 1363 4021 Deo
1377 3966 1453 4033 (boc.
1470 3982 1500 4030 u,
1516 3965 1571 4036 il),
1594 3969 1650 4023 ete.
1675 3966 1708 4022 ln

77 4075 81 4091 ·
99 4055 189 4130 Alpes
212 4054 326 4121 detulit,
341 4055 391 4111 ubi
416 4055 471 4111 sub
493 4053 678 4111 veneratione
701 4052 830 4108 maxima
883 4047 1061 4117 Bethlehem,
1072 4066 1146 4107 nova
1161 4050 1246 4107 stella
1260 4053 1344 4119 duce,
1355 4057 1498 4110 venerunt
1509 4059 1660 4129 tresreges
1670 4055 1708 4112 ab

77 4149 151 4202 tetur
166 4145 196 4201 in
212 4144 334 4201 eeclesia
358 4144 545 4200 Morianensi.
558 4142 691 4198 Samaria
713 4145 758 4197 est
777 4157 829 4196 no·
883 4138 994 4195 oriente
1009 4140 1139 4194 venerari
1163 4143 1266 4196 natum
1287 4141 1400 4208 lesum,
1416 4145 1446 4199 et
1468 4159 1534 4199 eum
1555 4146 1588 4199 ut
1609 4159 1707 4217 regem

88 4234 170 4290 urbis
185 4238 214 4290 et
229 4233 338 4306 patrie.
883 4227 1054 4301 angelorum
1069 4228 1272 4298 adoraverunt,
1285 4235 1496 4303 presentantes
1505 4232 1629 4306 mystica
1642 4250 1709 4291 mu-

77 4326 148 4379 sarto
164 4322 301 4379 milliario
317 4339 334 4379 a
348 4323 488 4378 Sebasteu
504 4324 549 4376 est
558 4317 704 4391 Neapolis,
721 4334 785 4390 qua
801 4321 830 4373 et
884 4333 954 4375 uera
961 4315 1152 4384 aurum,thns
1161 4322 1191 4373 et
1201 4318 1397 4392 myrrhamln
1406 4319 1574 4378 bethlehem
1585 4320 1709 4395 ejusque

77 4427 124 4479 en,
149 4411 265 4467 Sichem
292 4416 359 4467 ante
387 4411 542 4468 Veteomon
569 4407 730 4474 nominata,
754 4407 831 4463 inter
884 4404 993 4462 finibus
1010 4405 1708 4482 innocentesjussitdeoollariHerodes,quorum

101 4503 131 4557 st
153 4498 253 4556 Bethel
275 4500 386 4572 posita;
400 4517 418 4555 a
433 4498 549 4555 Sichem
572 4500 674 4552 vocata
696 4499 741 4551 est
754 4498 831 4550 terna
847 4516 870 4580 D
885 4511 953 4566 pars
962 4493 1225 4572 contremeridiem
1236 4500 1341 4567 quarto
1352 4494 1708 4564 milliarioaBethlehem‚

77 4587 188 4656 lichen,
200 4605 234 4644 ex
244 4588 360 4645 Siohem
375 4587 430 4644 init
444 4588 541 4655 limor,
551 4584 602 4659 qui
618 4584 722 4640 Dinam
738 4581 831 4639 filiam
886 4583 1014 4640 secundo
1030 4582 1315 4640 milliarioaThecua
1330 4583 1445 4657 sepulta
1459 4583 1593 4657 quiescit.
1601 4587 1709 4653 Quarto

77 4677 106 4747 b,
123 4677 232 4733 finibus
246 4677 305 4732 illis
329 4676 578 4742 deambulantem,
594 4672 721 4730 violavit.
739 4671 771 4727 lu
787 4670 832 4726 Si·
886 4670 1023 4727 milliario
1034 4670 1230 4728 aBetblehem
1243 4677 1344 4730 contra
1353 4672 1712 4731 meridiemecelesiabea·

77 4779 173 4823 urere
189 4765 279 4821 relata
295 4767 412 4821 luerunt
433 4781 501 4820 ossa
521 4762 628 4835 loseph
644 4778 678 4817 ax
689 4761 830 4834 AEgypto;
886 4760 907 4815 ti
924 4759 1034 4816 Ceritot
1047 4764 1102 4827 est,
1118 4759 1168 4816 ubi
1192 4765 1221 4817 et
1245 4761 1309 4834 ipso
1322 4764 1493 4819 transeunte
1507 4762 1543 4818 de
1558 4761 1613 4818 hoc
1627 4777 1711 4819 mun·

77 4852 169 4913 lahem
180 4855 266 4925 juxta
281 4855 391 4911 iontem
408 4853 558 4909 fabricavit
582 4851 736 4907 Jeroboam
752 4849 831 4904 vitu·
886 4849 934 4914 do,
950 4847 1097 4916 monachi,
1113 4848 1223 4920 quibus
1237 4847 1299 4923 ipse
1315 4854 1416 4922 pastor
1429 4849 1665 4922 prefuerat,cum
1676 4866 1711 4908 eo

77 4942 152 5010 locs,
166 4959 240 5014 quos
255 4943 368 4999 adorari
389 4943 496 4999 iecerat
518 4958 535 4996 a
558 4940 659 4997 decern
683 4937 832 5005 tribubus,
886 4935 996 5010 pariter
1010 4936 1111 4992 devote
1123 4937 1197 4993 mori
1213 4937 1390 5005 desiderant,
1403 4954 1496 5012 eoque
1510 4938 1594 4996 Pater
1608 4955 1710 4997 eorum

77 5047 82 5087 ι
96 5030 258 5088 adduxerat
273 5036 301 5086 et
315 5031 489 5097 seduxerat;
503 5045 596 5085 unum
618 5044 654 5083 ex
676 5027 720 5083 eis
736 5025 834 5098 posuit
887 5025 969 5096 prius
984 5024 1205 5094 exstiteratnec
1221 5031 1287 5099 post
1301 5042 1369 5084 eum
1384 5027 1414 5082 in
1430 5028 1541 5085 mundo
1555 5027 1650 5086 vivers
1660 5045 1710 5085 vo·

77 5118 181 5187 sliam,
198 5118 289 5175 alium
305 5120 335 5175 in
353 5118 464 5176 Bethel.
481 5117 598 5174 Sichem
624 5116 727 5172 urbem
751 5113 834 5169 illam
888 5112 997 5181 lebant,
1013 5114 1078 5185 ejus
1092 5130 1191 5171 amore
1204 5115 1362 5184 ferventem
1378 5132 1505 5188 quorum
1527 5115 1711 5190 singulorum

77 5213 177 5265 nerunt
191 5206 244 5263 filii
261 5207 349 5264 lsrael
364 5204 655 5279 limorqnadolentes
670 5204 706 5259 de
721 5201 833 5258 adulto·
888 5201 1075 5274 compagines
1098 5203 1128 5258 in
1152 5202 1281 5260 Ecclesia
1300 5203 1391 5261 videri
1414 5208 1540 5277 possunt
1555 5206 1642 5262 modo
1661 5204 1712 5262 illo

77 5294 147 5352 linae
162 5296 270 5353 sororis
285 5314 354 5352 sue.
371 5296 488 5352 Sichern
503 5295 550 5350 his
574 5292 678 5349 diebus
698 5289 834 5363 Neapolis
888 5305 945 5361 quo
960 5288 1127 5347 habuerunt
1141 5291 1171 5346 in
1189 5291 1367 5349 desolatione
1383 5282 1477 5350 Patris
1491 5309 1592 5351 eornm
1608 5294 1712 5367 agoni·

77 5383 165 5452 ;ur,id
180 5388 225 5441 est
237 5402 308 5442 novo
322 5387 427 5441 civitot.
444 5384 615 5440 Sicbaraute
626 5380 835 5451 Sichemjuxta
887 5382 997 5446 nautes,
1008 5383 1110 5453 postea
1124 5379 1259 5437 translati
1273 5381 1302 5436 in
1317 5381 1493 5449 Jerusalem,
1502 5381 1533 5438 in
1544 5380 1712 5440 Bethlehem

77 5471 163 5542 lium,
176 5475 253 5545 quod
265 5474 345 5530 dedit
358 5474 449 5530 Jacob
464 5473 588 5529 filiosuo
603 5467 723 5540 loseph,
735 5468 765 5523 in
776 5482 834 5539 quc
889 5466 965 5522 inira
979 5466 1131 5524 basilicam
1143 5486 1200 5525 nou
1209 5469 1295 5544 longe
1306 5489 1324 5527 a
1334 5471 1475 5545 presepio
1485 5470 1715 5544 requiescitcor·

77 5559 146 5621 lons
160 5561 337 5636 ioseph,qui
352 5567 381 5620 st
398 5563 504 5619 Potens
519 5560 635 5628 dieitur,
648 5572 834 5630 superquam
888 5572 946 5629 pus
959 5560 991 5612 B.
1008 5555 1186 5632 Hieronymi,
1202 5557 1292 5617 Paula
1317 5559 1438 5633 quidem
1460 5564 1491 5618 et
1511 5557 1714 5631 Eustachium,
