3816 6006
154 284 212 347 687

414 285 465 346 Ab
488 280 745 346 uuuuuutbutt
768 281 934 342 Alll’lib'll.
958 277 996 339 ll.
1014 313 1051 321 —
1067 277 1221 341 blONUlll.
1239 282 1288 340 llll
1311 279 1436 341 butue
1458 278 1594 341 SACRO.

1799 276 1857 337 688

152 415 265 474 veloces
279 431 422 490 equorum
438 433 578 474 occursus
597 414 795 482 frementium,
811 415 855 469 tot
879 412 979 467 hastas
992 410 1174 480 Adicimus,
1190 410 1313 468 liberata
1335 415 1380 467 est
1394 411 1489 466 Nicea
1504 410 1616 480 civitas,
1631 414 1660 466 et
1678 407 1800 481 expulsa
1815 411 1859 464 est

152 510 255 562 eontra
269 523 300 563 se
314 507 472 575 vibrantes,
490 512 572 579 terga
594 508 744 562 verterunt
760 504 825 575 (25),
842 506 871 558 et
891 499 978 556 nimis
1033 500 1070 555 ab
1085 516 1118 555 ea
1133 500 1229 556 omnis
1245 499 1390 556 diabolica
1405 500 1569 572 captivitas.

152 596 226 668 pigri
245 600 272 652 et
287 595 396 653 inertes
420 597 456 652 ad
483 601 622 653 montana
638 594 731 649 redire
747 592 911 659 voluerunt,
928 590 978 645 sed

154 684 323 757 quicunque
338 685 406 744 inde
417 686 745 750 descenderant,rursus
754 681 911 738 ascendere
922 695 979 735 non

152 778 320 848 potuerunt.

151 881 188 937 ut
203 881 279 937 male
295 880 411 937 multati
428 899 497 938 nece
513 881 578 937 dira
592 882 662 936 sunt
677 877 797 935 cruciati

152 970 317 1027 Auxiliante
333 971 402 1040 Deo,
420 971 463 1027 sic
480 971 599 1044 agmina
614 973 715 1025 nostra
729 967 857 1040 tropheo

152 1058 214 1116 Tali
230 1059 376 1125 letantur,
391 1061 471 1115 etad
489 1060 591 1115 urbem
609 1057 824 1131 regrediuntur.

190 1175 242 1242 Qui
259 1175 365 1232 iterum
388 1175 540 1232 machinas
565 1176 766 1240 ascendeutes,
782 1178 815 1228 ut
840 1172 982 1244 majorem

153 1268 267 1321 metum
283 1264 418 1322 hostibus
434 1263 728 1333 incuterent,balistis
744 1267 773 1319 et
789 1262 888 1318 lundis
904 1261 981 1317 occi-

154 1371 254 1412 sorum
270 1354 368 1427 capita
382 1354 543 1409 'lurcorum
559 1354 639 1409 intus
655 1352 857 1426 projiciebant.

154 1463 213 1519 Nec
228 1461 362 1518 tardante
379 1479 470 1533 mora,
488 1464 558 1517 sunt
573 1461 638 1534 ipsa
651 1459 878 1534 temporisbera

154 1551 248 1608 Nares
263 1550 355 1607 allate
371 1549 711 1622 constantinopolitane.

193 1668 247 1725 Sed
264 1666 314 1723 illa
327 1667 373 1723 die
388 1667 417 1722 iu
434 1665 530 1722 lucum
546 1683 605 1721 non
616 1665 813 1733 immiserunt,
827 1665 878 1722 sed
888 1670 983 1734 nocte,

156 1756 259 1831 plenus
274 1756 456 1829 Tarcopolis,
471 1759 558 1830 gente
583 1755 694 1811 scilicet
712 1755 897 1828 imperatoris
912 1756 984 1810 bene

158 1848 243 1903 docta
253 1850 281 1902 et
295 1851 412 1903 assueta
426 1846 594 1902 naribuslu
610 1844 771 1903 crastinum
783 1849 921 1918 surgente
936 1862 986 1900 au·

159 1953 235 2004 rora,
253 1939 286 1990 ut
308 1936 445 1991 uiderunt
467 1951 556 1991 nares
579 1934 609 1990 hi
634 1934 683 2006 qui
699 1937 782 1990 erunt
804 1933 833 1988 in
859 1934 984 2001 ciuitate,

158 2041 217 2099 prm
229 2024 320 2081 nimio
336 2025 441 2080 timore
463 2023 592 2080 exterriti
619 2028 698 2090 sunt,
715 2027 744 2078 et
768 2022 845 2077 ultra
860 2040 917 2078 non
934 2022 985 2079 ha·

157 2114 261 2170 bentes
278 2113 426 2185 spiritum,
444 2112 529 2184 quasi
548 2113 611 2183 jum
629 2111 736 2168 mortui
753 2112 783 2166 in
799 2115 907 2167 terram
923 2129 985 2169 cor-

159 2207 284 2258 ruerunt
300 2203 364 2275 (uu).
381 2201 539 2257 Ululabunt
551 2218 653 2257 omnes
669 2201 734 2256 filiae
750 2217 817 2256 eum
830 2201 985 2270 matribus,

155 2292 280 2364 juvenes
297 2308 365 2346 cum
381 2290 643 2362 virginibussenes
659 2307 726 2346 cum
738 2290 985 2362 junioribusUn·

158 2380 247 2453 dique
262 2380 369 2447 luctus,
387 2380 517 2451 undique
533 2379 662 2446 miseria,
679 2379 749 2451 quia
762 2379 902 2436 evadendi
919 2397 986 2452 spes

158 2486 217 2526 nou
233 2473 295 2525 erat
311 2468 380 2525 ulla.
398 2473 480 2524 Intus
497 2473 559 2523 crat
574 2486 680 2524 moeror
695 2473 724 2524 et
738 2469 848 2525 mentis
865 2468 986 2526 bebetu·
1044 2523 1049 2535 ,

160 2559 207 2624 do,
226 2558 296 2614 foris
306 2557 447 2631 gaudium
461 2562 489 2613 et
501 2557 801 2614 exsultatioTandem
813 2557 987 2615 invenerunt

160 2648 300 2704 evadendi
317 2645 484 2714 consilium,
501 2647 570 2718 quia
594 2664 645 2719 per
665 2647 845 2719 'turcopolas
861 2648 986 2720 impora-

161 2735 217 2793 tori
232 2735 475 2809 significaremus
492 2751 523 2792 se
537 2736 657 2792 reddere
667 2735 823 2804 civitatem,
840 2735 865 2793 si
881 2736 987 2795 illaesos

162 2830 191 2882 et
207 2824 370 2881 incolumes
386 2843 453 2880 cum
465 2824 527 2881 suis
543 2825 630 2881 rebus
646 2826 986 2898 eospermitteretabire.

164 2915 246 2980 Quod
274 2915 323 2970 ubi
353 2914 521 2987 imperatori
548 2914 711 2982 nuntiatur,
739 2915 899 2971 admodum
919 2915 988 2973 inde

163 3003 348 3078 gratulatur;
366 3005 416 3061 sed
431 3008 459 3060 et
474 3004 541 3059 inde
557 3008 653 3059 mente
667 3004 794 3076 concipit
808 3004 988 3074 fraudem,ut

111 3099 116 3107 '
162 3094 301 3166 deinceps
311 3093 455 3166 parturiat
464 3093 661 3164 iniquitatem.
672 3094 759 3149 lubet
770 3098 802 3149 ut
812 3095 875 3150 suis
885 3096 987 3152 redda-

159 3186 211 3241 tur
226 3183 337 3249 civitas,
355 3183 459 3238 Turcis
482 3182 596 3254 integra
611 3182 717 3238 fiducia
732 3183 889 3249 tribuatur,
905 3186 984 3240 etad

159 3288 190 3331 se
212 3271 494 3344 Constantinopolim
511 3272 721 3327 conducantur.
738 3273 819 3337 Quod
838 3272 903 3329 ideo
919 3274 987 3330 lecit

161 3362 205 3435 (ut
220 3378 266 3417 res
281 3362 346 3433 ipsa
359 3360 496 3433 deinceps
508 3360 646 3428 innotuit)
659 3365 691 3415 ut
701 3377 767 3415 cum
778 3366 896 3434 tempus
907 3379 986 3419 acce·

158 3451 249 3516 deret,
262 3451 296 3505 ad
315 3449 523 3505 detrimentum
540 3450 717 3505 Francorum
731 3449 891 3521 paratiores
906 3451 984 3508 inve·

157 3538 347 3610 niret.ltaque
363 3537 465 3593 riritus
482 3538 623 3605 redditur,
641 3543 669 3594 et
683 3538 768 3594 Turci
779 3538 984 3598 Constantino·
1041 3596 1046 3606 ,

157 3625 247 3700 polim
274 3627 460 3681 deducuntur
475 3627 540 3698 (27).
557 3627 614 3681 Nee
638 3627 794 3682 immemor
815 3632 913 3685 tamen
930 3630 985 3686 luit

1362 616 1478 673 CAPUT
1497 616 1532 673 ll.

1104 715 1157 771 His
1172 715 1213 771 ita
1227 715 1360 788 patratis,
1378 732 1432 771 sua
1447 732 1515 771 mon
1529 715 1655 770 tentoria
1670 714 1762 770 nostri

1106 804 1251 878 Defigunt,
1269 809 1296 860 et
1312 804 1393 861 abire
1408 809 1523 878 parunt,
1540 804 1583 860 sic
1598 805 1671 860 urbe
1685 801 1798 872 relicta,

1107 894 1207 952 Missis
1221 892 1326 968 legatis
1340 893 1682 967 Constantinopolitanis.

1071 1003 1230 1074 Postquam
1245 1017 1312 1057 vero
1337 1002 1372 1057 de
1395 1001 1511 1057 civitate
1535 1005 1729 1071 recesserunt,
1746 1001 1863 1058 duobus

1036 1091 1142 1148 diebus
1158 1092 1314 1163 conjuncta
1327 1090 1445 1164 agmina
1460 1090 1489 1146 iu
1505 1107 1599 1146 unum
1615 1095 1864 1163 processerunt,et

1037 1183 1073 1237 ad
1090 1197 1184 1236 unum
1200 1184 1318 1253 pontem
1334 1183 1538 1251 peruenerunt,
1546 1181 1632 1251 juxta
1644 1196 1732 1253 quem
1745 1181 1863 1238 duobus

1037 1270 1143 1327 diebus
1159 1270 1344 1342 quiescentes
1357 1268 1452 1324 feriati
1480 1273 1558 1336 sunt,
1575 1270 1652 1325 etde
1676 1270 1781 1325 uirenti
1797 1286 1865 1344 gra·

1038 1359 1117 1415 mine
1133 1375 1224 1431 equos
1241 1364 1268 1415 et
1277 1359 1387 1415 bestias
1398 1375 1468 1415 suas
1481 1357 1724 1415 refocillaverunt.
1737 1359 1810 1425 Quia
1820 1375 1866 1416 ue·

1038 1467 1070 1505 ro
1086 1449 1249 1523 ingressuri
1261 1453 1344 1504 erant
1353 1452 1461 1504 terram
1475 1448 1622 1505 desertam
1635 1453 1664 1505 et
1677 1447 1862 1522 inaquosam,

1039 1539 1195 1595 consilium
1211 1538 1342 1594 inierunt
1367 1541 1401 1594 ut
1425 1537 1635 1608 dividerentur,
1649 1542 1677 1594 et
1701 1538 1731 1594 in
1746 1540 1805 1594 duo
1818 1554 1865 1613 ag-

1039 1629 1120 1684 mina
1144 1627 1331 1701 partirentur.
1346 1627 1409 1684 Non
1433 1628 1512 1684 enim
1526 1644 1585 1683 una
1600 1631 1685 1696 terra,
1700 1645 1760 1684 una
1785 1627 1865 1702 regio

1040 1718 1206 1774 sufficiebat
1216 1721 1258 1773 tot
1268 1716 1448 1786 hominibus,
1463 1721 1505 1773 tot
1515 1717 1610 1799 equis,
1621 1720 1664 1772 tot
1674 1716 1865 1776 animalibus.

999 1790 1024 1855 Β
1040 1806 1103 1863 Una
1116 1805 1208 1880 igitur
1222 1811 1251 1863 et
1265 1808 1360 1879 major
1374 1806 1450 1863 acies
1465 1805 1580 1880 llugoni
1591 1806 1695 1881 Magno
1709 1807 1868 1863 committi-

1039 1901 1097 1953 tur.
1114 1896 1212 1951 Altera
1235 1912 1302 1952 vero
1318 1896 1488 1952 Boamundo
1508 1895 1705 1969 conjungitur.
1722 1898 1755 1953 ln
1771 1896 1867 1970 prima

1040 1986 1102 2042 acie
1118 1986 1235 2042 luerunt
1250 2003 1317 2041 curn
1333 1986 1454 2059 Hugonc
1469 1986 1575 2059 Magno
1591 1985 1743 2042 Pediensis
1757 1987 1868 2059 episco-

1040 2092 1107 2148 pus,
1124 2092 1221 2132 comes
1248 2075 1444 2142 Raimundus,
1460 2075 1520 2131 dux
1535 2075 1721 2144 Godolridus‚
1737 2079 1766 2132 et
1781 2076 1866 2132 Flan-

1041 2164 1156 2221 drensis
1170 2181 1267 2220 comes
1294 2164 1449 2234 liebertus,
1475 2165 1506 2220 lu
1532 2165 1662 2220 secunda
1685 2169 1867 2221 autemeam

1040 2254 1223 2321 Boamundo,
1236 2254 1414 2323 Taueredus,
1432 2254 1575 2310 Robertus
1587 2270 1684 2311 comes
1694 2254 1868 2312 Northman·

1041 2360 1108 2412 nus,
1125 2342 1255 2399 etmulti
1273 2343 1321 2399 alii
1338 2342 1495 2416 principes,
1513 2359 1640 2416 quorum
1652 2343 1773 2400 uomina
1787 2343 1868 2417 igno-

1041 2450 1151 2489 ramus.
1169 2433 1269 2506 ltaque
1294 2449 1432 2505 prospero
1456 2448 1594 2488 successu
1616 2449 1668 2506 per
1693 2433 1867 2491 [lomaniam

1037 2539 1101 2595 Jam
1117 2521 1200 2595 quasi
1213 2521 1307 2578 securi
1318 2521 1499 2594 equitabant.
1511 2522 1566 2577 Sed
1578 2521 1692 2578 evoluto
1706 2523 1796 2579 trium
1808 2524 1868 2579 die-

1041 2630 1107 2667 rum
1123 2610 1277 2678 curriculo,
1295 2615 1399 2683 quarta
1418 2612 1480 2684 jam
1497 2610 1554 2677 die,
1571 2610 1643 2668 hera
1667 2611 1762 2678 tertia,
1778 2612 1798 2668 ii
1815 2601 1883 2686 quiv

1041 2705 1124 2758 crant
1139 2717 1205 2757 cum
1217 2701 1397 2770 buamundo,
1408 2700 1544 2756 viderunt
1556 2705 1752 2757 trecentorum
1763 2702 1869 2758 Tarco-

1042 2808 1108 2847 rum
1124 2789 1288 2863 millia-sibi
1304 2807 1465 2858 occurrere,
1482 2794 1510 2845 ot
1522 2788 1659 2846 clamosis
1673 2791 1804 2859 vecibus,
1821 2807 1869 2847 ue·

1042 2881 1102 2936 scio
1117 2879 1188 2953 quid
1205 2879 1361 2935 barbarum
1384 2879 1571 2952 perstridere.
1588 2879 1642 2936 Pro
1658 2896 1784 2952 quorum
1810 2881 1866 2936 im-

1041 2986 1144 3025 mensa
1159 2968 1349 3024 multitudine
1361 2967 1481 3040 quidam
1497 2984 1532 3023 ex
1545 2968 1652 3024 nostris
1667 2968 1803 3026 haesitare
1814 2986 1868 3026 coe-

1041 3063 1156 3132 perunt,
1170 3062 1270 3114 utrum
1287 3057 1464 3126 resisterent,
1481 3061 1532 3112 aut
1543 3057 1616 3131 suga
1627 3056 1867 3132 divortiaquaare·

1001 3157 1023 3223 ρ
1043 3153 1116 3206 rent.
1134 3149 1216 3204 Tunc
1233 3147 1432 3214 boamundus,
1446 3146 1868 3217 utvirmultividus,etNorth·

1042 3254 1170 3294 mannus
1187 3253 1284 3292 comes
1296 3241 1329 3292 ut
1339 3235 1593 3305 milesanimosus,
1606 3241 1638 3292 ut
1650 3237 1787 3293 viderunt
1797 3256 1867 3312 quo-

1040 3328 1176 3383 rumdam
1185 3325 1301 3382 animos
1312 3325 1448 3393 titubare,
1459 3325 1632 3398 precipiunt
1642 3343 1744 3383 omnes
1757 3328 1866 3387 milites

1039 3416 1223 3484 descendere,
1238 3421 1266 3471 et
1280 3415 1368 3472 sudes
1383 3414 1575 3471 tentoriorum
1592 3414 1721 3488 infigere.
1734 3417 1865 3474 Eratau·

1038 3510 1096 3562 tem
1113 3505 1152 3560 ibi
1170 3504 1290 3578 quidam
1304 3504 1383 3561 rivus
1399 3504 1544 3562 currentis
1555 3522 1637 3578 aqua
1652 3507 1863 3578 praeterfluens,

1034 3600 1119 3666 Juxta
1134 3611 1222 3666 quern
1242 3594 1271 3650 in
1287 3593 1408 3668 longum
1419 3612 1473 3651 sua
1485 3596 1610 3650 tentoria
1621 3596 1864 3667 ponunt.Concitu

156 3717 316 3788 imperator
329 3715 402 3770 tanti
420 3715 637 3787 beneficii,quia
648 3716 827 3788 pauperibus
838 3718 887 3791 qui
900 3723 984 3777 eraut
1038 3685 1177 3757 pmvmus
1193 3684 1381 3739 Immundus
1396 3683 1518 3740 wlepem
1532 3683 1631 3757 dirigit
1646 3684 1782 3742 nuntium

156 3805 186 3860 in
203 3805 339 3872 exercitu,
355 3804 452 3877 largas
475 3803 676 3877 eleemosynas
701 3806 838 3878 praecepit
859 3809 981 3882 erogari.
1073 3791 1127 3857 QUl
1143 3790 1229 3847 ⁰⁰10&
1243 3789 1376 3847 V⁰lll³l⁰l
1390 3808 1465 3864 e‘lut'
1479 3797 1788 3864 ¹¹⁰⁸lf⁰⁵q1¹ttl0⁰⁸ffllt

156 3893 273 3967 septem
289 3894 387 3966 itaque
403 3893 642 3949 insumamus
658 3899 687 3949 et
706 3895 800 3950 tribus
815 3897 918 3952 atauus
933 3897 982 3953 ιιι-
1037 3882 1186 3946 Quatenus
1199 3880 1235 3935 ad
1252 3879 1361 3936 bellum
1377 3884 1567 3962 proponent
1578 3882 1700 3953 iamque
1715 3887 1862 3954 paratum.

155 3999 218 4039 crea
233 3983 359 4040 civitatis
384 3987 522 4054 protensa
546 3988 591 4039 est
613 3983 798 4057 expugnatio,
815 3986 982 4045 necullavi
1035 3989 1200 4061 Antequam
1224 4003 1291 4044 vero
1318 3988 1444 4044 tentoria
1470 3992 1553 4044 tensa
1582 3988 1717 4059 luissent,
1742 3993 1862 4047 eentum

154 4071 285 4128 humana
310 4076 450 4144 superata
473 4072 587 4139 luisset,
605 4072 660 4129 uisi
686 4072 737 4128 Dei
761 4074 915 4145 adjutorio.
933 4077 983 4135 Est
1036 4077 1252 4150 quinquaginta
1279 4075 1365 4132 Turni
1391 4077 1476 4149 equis
1500 4076 1709 4133 veloccioribus
1736 4078 1861 4149 advecti,

153 4161 232 4218 enim
246 4160 340 4217 muris
357 4160 543 4217 densissimis
559 4165 587 4217 et
603 4161 670 4218 altis
687 4161 822 4219 turribus
837 4181 982 4236 premun·
1036 4170 1152 4223 nostros
1180 4164 1434 4239 appropiaverunt,
1461 4170 1489 4221 et
1516 4166 1608 4223 tensis
1637 4167 1765 4224 arcubus
1791 4185 1862 4225 suas

150 4252 191 4318 ta,
208 4253 242 4306 ut
255 4255 343 4324 caput
359 4254 387 4305 et
398 4250 471 4307 nulli
483 4250 642 4323 comparia
659 4255 719 4306 tota
730 4252 917 4309 Remmiam
928 4254 982 4313 hac
1036 4255 1158 4329 sagittas
1181 4255 1323 4310 toxicatas
1334 4246 1368 4309 in
1392 4272 1442 4311 eos
1465 4254 1663 4312 immiserunt.
1677 4256 1772 4312 Nostri
1793 4274 1861 4314 vere

151 4339 231 4406 elim,
247 4343 378 4413 tempore
403 4340 586 4397 Constantini
603 4340 802 4412 imperatoris,
818 4344 938 4399 trecenti
954 4350 984 4402 et
1035 4345 1121 4419 equis
1136 4343 1275 4400 admissis
1299 4344 1365 4400 illos
1386 4350 1570 4417 exceperunt,
1587 4351 1615 4402 et
1634 4345 1861 4419 comprehensos

149 4428 311 4486 octodecim
327 4428 455 4502 episcopi
472 4429 623 4503 aggregati
638 4430 766 4498 luerunt,
777 4431 852 4486 etde
866 4433 922 4489 fide
933 4451 983 4490 no·
1035 4434 1213 4491 occiderunt.
1239 4433 1400 4489 Turcorum
1427 4434 1535 4506 quippe
1561 4435 1740 4491 cousuetudo
1760 4440 1805 4491 est
1829 4439 1861 4492 ut

148 4521 220 4587 stra,
238 4522 355 4591 propter
370 4518 576 4574 hereticorum
593 4517 753 4574 versutiam
765 4520 815 4591 qui
828 4525 898 4577 tunc
908 4525 980 4580 tem.
994 4530 1018 4595 Ι)
1034 4528 1110 4579 retro
1126 4521 1296 4594 confugiant
1306 4522 1406 4578 tractis
1421 4525 1547 4596 sagittis,
1559 4529 1588 4580 et
1598 4524 1668 4580 dum
1684 4524 1801 4597 lugiunt
1811 4525 1860 4581 ad·

147 4607 228 4682 poris
243 4611 336 4674 erant,
352 4611 562 4678 tractaverunt,
579 4611 608 4662 et
623 4607 665 4662 ita
686 4607 796 4674 omnia,
810 4609 887 4665 sicut
899 4613 979 4668 tenet
1031 4629 1147 4669 versum
1163 4610 1270 4666 vulnus
1287 4628 1317 4666 se
1332 4611 1557 4684 insequentibus
1568 4613 1772 4686 inssigant,Sed
1784 4613 1858 4687 luge

146 4713 226 4754 nune
240 4695 384 4753 catholica
399 4695 537 4764 lleelesia,
555 4712 658 4752 omnes
673 4696 851 4753 unanimiter
871 4715 976 4756 sanxe-
1030 4700 1131 4758 nullus
1146 4699 1228 4755 locus
1244 4704 1315 4768 erat,
1331 4700 1401 4772 quia
1415 4701 1547 4758 densitas
1556 4702 1685 4757 hostium
1698 4718 1858 4774 occupave-

146 4790 225 4842 runt.
238 4786 270 4841 Εἰ
285 4786 322 4842 ob
338 4786 392 4841 hoc
408 4786 532 4858 dignum
548 4788 610 4841 erat
625 4788 658 4840 ut
671 4784 800 4842 inimicis
815 4793 923 4844 sancte
942 4789 976 4845 ll-
1030 4797 1074 4847 rat
1088 4789 1153 4862 ipsa
1168 4789 1323 4844 eacumina
1348 4790 1494 4846 montium
1511 4791 1575 4863 (28).
1590 4791 1743 4863 Propterea
1765 4791 1857 4848 nostri

146 4873 192 4930 dei
209 4874 371 4930 auferretur
387 4880 414 4929 et
429 4875 488 4931 Deo
500 4873 745 4943 reconciliaretur,
757 4880 786 4930 ot
798 4881 905 4932 sancta
916 4895 977 4934 ma·
1029 4880 1129 4936 dextra
1143 4876 1264 4950 levaque
1279 4895 1328 4935 eos
1344 4878 1489 4935 instanter
1503 4880 1699 4947 trucidabant,
1717 4885 1745 4936 ct
1770 4897 1857 4936 arcus

144 4964 182 5018 tri
198 4967 303 5018 nostrae
320 4963 462 5030 Ecclesia,
486 4968 518 5018 ut
541 4964 709 5019 membrum
732 4982 832 5036 suum,
849 4966 975 5023 rediute-
1028 4973 1058 5025 et
1072 4966 1185 5041 sagitte
1201 4967 1335 5024 inutilem
1362 4968 1402 5025 ibi
1428 4968 1525 5025 locum
1549 4968 1704 5025 habebant.
1722 4969 1857 5026 Tandem

144 5055 287 5124 graretur.
305 5053 337 5105 lu
361 5052 477 5123 provisa
502 5053 567 5120 luit,
585 5056 613 5106 et
636 5052 779 5124 disposita
803 5055 858 5111 suit
882 5056 974 5113 aDeo
1028 5056 1186 5114 contractis
1201 5055 1311 5113 lanceis
1327 5057 1504 5113 Francorum
1520 5057 1550 5113 in
1567 5057 1738 5130 corporibus
1754 5056 1857 5131 impio·

143 5137 204 5196 hec
220 5156 293 5195 nora
308 5141 527 5213 redintegratio,
552 5142 692 5213 quoniam
711 5141 907 5213 plurimorum
923 5147 974 5218 qui
1027 5163 1107 5218 rum,
1122 5162 1169 5201 res
1186 5145 1283 5219 agitur
1298 5144 1415 5219 gladiis.
1431 5146 1454 5203 0
1469 5150 1540 5220 quot
1550 5146 1589 5202 ibi
1602 5163 1725 5220 corpora
1738 5163 1855 5203 corrue-

142 5226 182 5284 ibi
199 5227 286 5284 occisi
302 5232 373 5283 sunt
388 5234 556 5285 consecrata
578 5235 622 5285 est
645 5231 796 5303 martyrio.
820 5232 928 5289 Taliter
942 5239 975 5290 ut
1027 5239 1106 5302 runt,
1123 5234 1268 5290 truncatis
1293 5235 1448 5307 capitibus,
1465 5240 1517 5292 aut
1540 5235 1685 5293 mutilatis
1705 5234 1855 5308 aliquibus

697 5344 854 5401 NOTULAE
874 5347 1109 5405 Muueluauus
1129 5347 1190 5405 MS.
1212 5348 1291 5406 COD.

143 5416 202 5584 (253
217 5438 284 5496 lam
299 5438 383 5524 Tucci
396 5437 523 5522 fugiunt,
540 5438 694 5524 paridique
705 5458 762 5522 per
777 5443 971 5525 omniafrunt.
1027 5446 1081 5522 (27)
1098 5445 1197 5528 Hostis
1211 5447 1343 5520 captiuus
1358 5449 1523 5506 condonata
1536 5465 1606 5506 nece
1620 5447 1713 5506 vivus.

145 5498 193 5567 tas
217 5511 327 5651 gpltpttass0
335 5510 579 5644 {lsslllgllinl-glm
595 5510 751 5568 tormidine
766 5514 833 5570 lusi.
1099 5517 1239 5575 Redditur
1253 5536 1269 5574 a
1284 5519 1403 5578 Francis
1416 5520 1760 5597 Constantinopolitanis.

535 5586 611 5652 aaut,
628 5600 684 5641 atu
701 5588 771 5643 suut
785 5585 858 5646 bere
872 5589 953 5647 certi.
1027 5589 1082 5668 (28)
1098 5590 1169 5648 ltere
1184 5588 1233 5647 hic
1249 5606 1358 5667 pugna,
1374 5609 1437 5668 qua
1454 5609 1511 5650 uou
1527 5591 1583 5650 tuit
1597 5592 1736 5659 omnibus
1751 5608 1811 5650 uua
