3816 6006
47 326 142 416 'roos
398 350 581 413 clarenti
604 351 863 415 cincunctnu
885 324 1012 415 suone
1033 355 1217 419 turtocn.
1233 357 1385 418 -nsus
1407 358 1432 418 1.
1688 307 1765 419 roos

61 485 177 552 stodiis,
190 482 309 555 agmina
325 499 379 538 sua
393 483 573 538 confidenter
583 483 719 554 prinecrs
730 483 816 554 jubet
826 501 889 556 pro·
903 489 930 555 Α
947 485 1004 542 Deo
1019 486 1184 543 vindicante
1200 504 1257 544 non
1278 488 1428 543 differatur
1441 487 1586 544 interitus.
1605 509 1619 537 »
1634 487 1766 560 Cumque

61 575 175 642 cedere,
193 569 383 646 illicquecito
403 571 641 645 grossutendere
671 589 727 644 quo
755 572 887 642 Parthos,
945 576 1767 650 pergerentordinatisaciebusprincepsgeneraliterom-

59 664 225 719 vicinorum
242 660 426 726 revelatione,
438 661 562 732 jamjam
587 664 723 716 venturos
744 661 887 717 audierat.
944 664 1032 720 nibus
1047 665 1185 737 precipit,
1204 670 1235 720 ut
1250 664 1321 720 nulli
1339 665 1498 737 cupiditate
1515 664 1683 720 divitiarum
1695 664 1766 721 moti

59 753 193 825 Cumque
209 751 302 824 parati
318 750 348 805 in
364 749 463 805 bootes
479 750 589 805 irruere
612 748 760 821 assignato
784 767 888 822 appro-
943 754 979 807 ad
989 753 1160 826 rapiendum
1173 771 1202 809 sc
1214 753 1509 823 inclinent,scd‚sieut
1520 755 1603 810 decet
1611 753 1767 825 bellantes,

61 838 346 916 pinquassentloco,
372 855 439 894 cum
465 837 528 911 ipso
549 855 608 893 non
634 838 786 894 inveniunt
815 856 888 911 quos
943 843 1766 915 suamprotegendo,salutom,bostiumnitanturperdere

58 932 184 1004 perdere
195 931 259 1002 jam
280 927 458 1001 quaerebant,
490 930 556 982 unte
583 927 665 998 llapa
689 928 887 983 castrametati

59 1025 139 1077 sunt.
153 1020 237 1076 blane
248 1023 346 1076 autem
358 1016 480 1088 expleto,
493 1016 611 1071 vivifica
622 1016 716 1071 crucis
727 1015 885 1071 missarum

58 1111 165 1177 efficio,
184 1109 268 1180 cujus
283 1104 469 1162 exaltationis
485 1104 626 1159 festivitas
642 1120 675 1159 co
691 1103 737 1159 die
752 1104 884 1177 contigit,

57 1192 641 1269 WillormusepiscopusGibcllcnsis,vir
651 1191 885 1264 peromnialau·

58 1287 178 1354 dabilis,
194 1284 336 1361 populum
353 1302 369 1339 a
384 1283 441 1338 Deo
458 1281 513 1337 sibi
531 1281 733 1345 commissum,
750 1282 846 1337 verbis
857 1286 886 1338 et

57 1376 200 1450 exemplis
215 1375 311 1432 eidem
327 1374 399 1430 sesto
415 1371 645 1445 congruentibus
661 1371 811 1439 instruxit,
821 1387 883 1426 mo-

58 1468 125 1522 nuit
138 1470 166 1522 et
180 1463 311 1521 armavit.
329 1462 402 1528 Quid
428 1459 529 1516 ultra?
546 1460 652 1515 Omnes
678 1477 745 1515 cum
767 1476 885 1515 summa

941 930 1095 986 toritatem.
1114 929 1222 986 Presul
1233 948 1285 1004 ego
1298 936 1488 999 memoratus,
1500 930 1568 987 huic
1580 929 1690 986 salubri
1701 944 1775 987 scu:

941 1020 1038 1074 tentia
1055 1019 1222 1075 resistentes
1237 1020 1378 1092 corporali
1395 1020 1523 1076 vindicta
1539 1020 1641 1077 merito
1662 1019 1765 1076 debere
1804 1082 1809 1091 ‚

940 1108 1037 1180 puniri
1048 1109 1195 1181 predicat,
1209 1112 1237 1164 et
1249 1110 1325 1181 quod
1338 1107 1551 1165 intolerabilius
1561 1113 1615 1175 est,
1625 1113 1765 1181 perpetuo

940 1197 1125 1253 anathemato
1140 1197 1285 1253 feriendos
1300 1199 1463 1254 confirmat.
1480 1198 1526 1254 Sic
1542 1198 1647 1264 lactus,
1659 1214 1764 1253 unum·

939 1303 1086 1359 quemquo
1102 1288 1138 1343 ad
1155 1291 1301 1343 certamen
1316 1287 1443 1360 accingit
1457 1286 1637 1343 animosius.

1258 1376 1373 1432 CAPUT
1392 1376 1426 1430 V.

939 1464 1059 1520 interim
1074 1471 1174 1521 contra
1190 1482 1272 1521 arma
1287 1469 1466 1534 nostrorum,
1483 1464 1554 1521 solis
1568 1465 1700 1522 vibrante
1715 1464 1762 1523 lu-

58 1556 212 1612 devotione
227 1553 359 1625 ejusdem
375 1550 532 1606 Dominicae
548 1547 641 1604 crucis
656 1547 770 1621 lignum
786 1566 883 1604 sacra·
938 1554 1761 1623 minaParthorumluminaobtunduntur,astimantium

57 1644 220 1707 tissimum.
237 1646 393 1713 antequam
407 1639 461 1694 lits
477 1638 627 1711 arripiam,
644 1641 801 1711 pmpcrant
811 1638 882 1693 ado·
937 1648 966 1698 ct
981 1644 1140 1700 dicentium
1156 1643 1196 1698 ibi
1211 1661 1269 1699 non
1283 1661 1348 1699 csse
1363 1644 1535 1716 principem,
1547 1644 1597 1700 sed
1614 1643 1761 1700 tuentium

57 1752 123 1790 rnre
136 1753 142 1804 ;
153 1729 363 1804 cujuslicentia
375 1733 403 1785 et
414 1727 613 1784 benedictione
626 1726 741 1792 muniti,
754 1725 884 1800 pramis·
938 1732 1100 1787 marchiam
1116 1749 1325 1805 gyrovagorum
1339 1732 1558 1804 plebem.Burso
1569 1731 1761 1805 itaque,ipscs

57 1825 100 1881 sis
111 1823 326 1897 exploratorum
343 1816 588 1890 speculatoribus,
605 1833 640 1871 ne
657 1816 773 1871 subitus
788 1815 882 1872 hostis
898 1863 921 1929 B
937 1838 954 1874 a
969 1824 1050 1894 tergo
1067 1822 1183 1876 retortis
1198 1821 1346 1888 manibus,
1364 1821 1445 1877 adse
1461 1821 1580 1877 funibus
1594 1819 1762 1877 adductius.

58 1915 87 1968 in
104 1930 154 1970 eos
170 1912 272 1978 irruat,
293 1907 426 1964 ordinata
442 1905 502 1961 acic
528 1904 644 1961 comitis
669 1904 819 1968 Edessam,
849 1921 883 1959 ex
936 1914 1028 1980 perat.
1046 1910 1102 1964 Nec
1118 1926 1210 1979 mora,
1226 1908 1330 1965 vexilla
1345 1909 1486 1982 principis
1506 1909 1669 1981 prodeunt;
1684 1925 1759 1982 qus,

57 2004 135 2059 dono
151 1999 329 2075 principum,
344 1995 431 2070 primi
444 1996 520 2051 lctus
535 1994 564 2048 iu
577 1993 650 2049 bello
662 1993 821 2065 primatum
833 1993 883 2049 ob·
937 1997 995 2053 Deo
1011 2001 1130 2062 rectore,
1149 1998 1190 2054 sic
1205 2016 1222 2052 a
1238 1998 1351 2054 Parthis
1365 1999 1501 2055 videntur
1516 1998 1646 2067 dilatata,
1664 2001 1696 2053 ut
1711 1997 1760 2054 do·

57 2091 189 2159 tinentis,
207 2087 418 2165 dispositisque
440 2084 552 2140 crateris
575 2081 754 2155 agminibus,
780 2082 882 2138 ordino
936 2087 1042 2142 albatis
1059 2086 1203 2142 militibus
1219 2092 1247 2143 et
1263 2087 1386 2155 vexillis,
1403 2088 1499 2161 ipsam
1515 2087 1761 2144 terramoirssum.

58 2180 126 2237 belli
145 2176 318 2246 necessario,
337 2175 412 2230 viam
429 2173 584 2246 arripiunt.
613 2172 740 2243 llepcnto
754 2170 882 2227 Theodc·
936 2192 1053 2249 quaque
1066 2176 1123 2249 tegi
1134 2175 1419 2233 crediderint.Burso
1430 2177 1759 2250 tamensuique‚omnos

57 2271 137 2326 ricus
149 2264 306 2324 barneville
317 2280 435 2320 unusex
446 2259 823 2334 speculatoribus,lestinus
834 2260 880 2314 ad·
935 2264 1042 2320 erroris
1058 2265 1150 2320 scarie
1168 2265 1283 2332 imbuti,
1300 2282 1365 2321 cum
1392 2266 1480 2322 fratre
1507 2282 1560 2322 suo
1575 2270 1603 2321 et
1623 2265 1651 2321 vi
1667 2265 1760 2322 nimia

57 2365 113 2429 est,
130 2358 212 2413 vultu
235 2355 321 2411 hilari
347 2353 389 2410 sic
417 2351 534 2408 locutus
551 2367 557 2406 :
575 2373 588 2400 o
607 2350 677 2405 Ecce
702 2349 779 2422 quod
803 2365 879 2421 qum·
935 2359 1143 2425 pugnatorum,
1161 2359 1193 2409 ut
1207 2353 1247 2409 ibi
1264 2354 1356 2409 nostri
1379 2355 1527 2421 resistant,
1550 2359 1690 2426 montem,
1706 2370 1758 2410 no·
1788 2392 1794 2407 .

56 2449 288 2515 cebamus,eccc
310 2442 387 2516 quod
416 2439 590 2513 cupivimus,
622 2438 720 2494 divina
743 2441 881 2510 operante
935 2442 1757 2516 mmaDaniz,asoonderccondiderunt.lucujuscacu-

55 2537 153 2612 gratia
169 2554 176 2592 ε
193 2535 242 2591 ubi
256 2538 356 2589 nostra
370 2532 458 2604 ligere
477 2528 602 2585 tentoria
628 2527 879 2599 disposueramus,
935 2530 1013 2585 mine
1029 2530 1187 2587 eminentis
1202 2531 1343 2588 mathesis
1359 2532 1499 2588 salsorum
1514 2533 1634 2588 deorum
1649 2531 1758 2589 auxilia

56 2628 87 2683 in
103 2625 177 2682 valle
192 2622 311 2680 Sarmiti
327 2621 404 2677 circa
428 2620 533 2685 sontes,
559 2617 599 2672 ibi
620 2616 719 2672 hostes
743 2632 880 2688 suaper·
935 2619 990 2675 sibi
1007 2621 1109 2676 adosse
1126 2620 1259 2675 invitant.
1281 2621 1412 2676 Tandem
1437 2621 1535 2694 ipsum
1552 2624 1682 2678 montem
1698 2637 1757 2676 non

55 2717 111 2774 tim
132 2717 196 2787 lflffl
213 2714 279 2779 fixa,
305 2709 413 2783 partlm
439 2708 534 2764 adhuc
560 2705 675 2779 ligcnda
698 2704 878 2778 explicant.»
935 2708 1030 2763 solum
1046 2725 1077 2764 sc
1094 2709 1174 2780 ipsis,
1190 2726 1291 2764 verum
1312 2708 1400 2764 etlam
1424 2709 1591 2766 divitiarum
1614 2707 1757 2782 multipli-

54 2806 99 2862 Ah
115 2805 175 2860 haec
191 2803 327 2876 princeps
344 2817 350 2855 :
369 2821 383 2849 «
400 2798 431 2854 ln
447 2797 497 2853 Dei
514 2796 642 2863 nomine,
659 2794 694 2851 ad
711 2811 802 2862 arma,
824 2794 880 2849 mi·

54 2894 142 2951 litest
161 2892 207 2949 Sic
223 2893 311 2960 latus,
327 2887 402 2943 virili
428 2888 519 2943 lretus
546 2883 678 2951 audacia,
695 2883 730 2938 do
755 2881 816 2939 acic
844 2883 880 2938 ad

55 2985 150 3041 aciem
166 2980 251 3037 celeri
262 2983 362 3034 vectus
371 2993 445 3048 equo
458 2975 615 3040 cursitans,
628 2989 729 3028 onincs
742 2972 880 3027 admonet

55 3074 161 3130 debere
172 3072 235 3142 jam
251 3067 352 3135 latori,
368 3084 434 3122 cum
450 3069 595 3120 certamen
612 3062 651 3117 sit
665 3065 810 3133 paratum,
823 3076 880 3132 quo

55 3160 182 3218 exerceri
190 3160 290 3214 doceat
301 3155 403 3211 militis
414 3154 553 3209 cilicium.
567 3149 789 3223 lmpcratigitur
799 3166 881 3203 arma

54 3248 194 3322 bajulari,
211 3264 264 3303 noc
281 3245 405 3301 ulterius
416 3243 531 3298 differre
544 3240 664 3314 paratis.
680 3237 758 3294 lllico
774 3236 879 3311 presul
895 3231 917 3297 C
930 3243 1061 3313 juvatur,
1078 3241 1148 3312 quia
1162 3257 1245 3309 sora;
1262 3259 1314 3297 noc
1330 3258 1450 3298 suorum
1460 3243 1638 3315 protectione
1651 3240 1757 3299 releva·

56 3343 248 3407 memoratus,
264 3337 295 3390 in
310 3333 413 3407 spiritu
424 3330 601 3387 humilitatis
612 3345 728 3384 crucem
738 3324 880 3383 Dominici

56 3427 130 3503 ligni
144 3424 360 3482 venerabilibus
371 3427 489 3496 gestans
500 3419 649 3488 manibus,
666 3423 760 3473 totum
777 3415 881 3471 circuit

56 3516 227 3584 exercitum,
245 3530 332 3586 quam
343 3513 414 3568 dum
425 3513 552 3566 ostentat
562 3508 710 3575 omnibus,
720 3505 881 3562 asseriteos

56 3607 88 3662 in
103 3605 236 3679 proximo
247 3619 298 3676 per
308 3602 443 3658 virtutem
454 3599 587 3671 ejusdam
597 3596 747 3653 victoriam
763 3595 881 3666 adeptu·

57 3713 117 3764 ros,
136 3695 161 3750 si
178 3696 312 3766 prompto
328 3695 443 3764 pectore
458 3689 487 3743 in
504 3688 603 3743 hostes
615 3687 737 3751 irruant,
747 3688 775 3739 et
790 3684 818 3738 in
830 3682 882 3737 Do·

57 3785 139 3840 mino
154 3784 224 3840 Jesu
239 3782 389 3839 credentes
404 3778 584 3834 certaverint.
617 3775 760 3831 Continuo
779 3788 881 3827 omncs

56 3873 145 3930 corde
160 3876 189 3929 et
204 3888 252 3928 ore
268 3869 356 3926 simul
376 3866 591 3941 proclamantes
607 3882 612 3920 :
632 3886 646 3914 «
662 3864 766 3918 Sancte
793 3861 881 3926 Deus,

56 3966 160 4020 sancte
173 3960 369 4031 lortis,sancte
384 3962 412 4014 et
428 3952 754 4020 immortalis,misercre
768 3950 881 4017 nobis»

935 2796 1021 2852 citato
1036 2796 1088 2852 visi
1106 2801 1174 2852 sunt
1190 2814 1337 2870 onerasse,
1354 2799 1514 2854 'tumbaret
1530 2798 1607 2854 ultra
1627 2799 1756 2855 montem

935 2902 1002 2940 cum
1018 2903 1072 2941 sua
1087 2885 1147 2941 acic
1162 2884 1325 2942 latitantem
1341 2887 1485 2959 prasidio.
1512 2886 1612 2943 Ceteri
1632 2903 1709 2952 vero,
1726 2885 1757 2942 in

935 2974 1067 3030 tentoriis
1082 2978 1111 3030 et
1125 2978 1207 3030 extra
1218 2976 1401 3047 presentium
1418 2975 1585 3033 divitiarum
1596 2975 1683 3048 capti,
1695 2973 1758 3032 suis

935 3064 1064 3134 quidem,
1082 3063 1207 3118 maximo
1223 3067 1321 3119 autem
1334 3064 1500 3137 principum
1517 3082 1637 3121 suorum
1653 3063 1756 3120 confisi

934 3153 1056 3220 viribus,
1073 3152 1196 3225 superbe
1205 3153 1409 3224 praestolantur
1418 3172 1424 3223 ;
1433 3154 1510 3226 quod
1522 3170 1574 3210 nec
1585 3152 1758 3227 poenitentia

933 3335 991 3398 tur,
1007 3330 1077 3401 quia
1104 3329 1226 3402 perdita.
1243 3331 1330 3386 Adest
1350 3348 1477 3404 namquo
1506 3331 1658 3405 ltotgerius
1673 3330 1756 3386 Chri·

935 3419 1036 3474 stianat
1052 3419 1161 3474 mititte
1177 3419 1312 3492 princeps
1341 3419 1589 3494 elegantissimus,
1619 3437 1686 3476 oum
1701 3435 1756 3477 sua

935 3508 996 3564 acic
1011 3507 1146 3579 hostibus
1160 3507 1351 3576 ferocissima,
1368 3510 1594 3582 personantibus
1609 3509 1688 3565 tubis
1704 3525 1757 3582 per

936 3597 1033 3652 media
1046 3600 1151 3663 castra,
1168 3601 1268 3670 captos
1281 3615 1351 3654 suos
1367 3597 1517 3656 liberando
1532 3602 1560 3654 et
1585 3598 1684 3656 hostes
1703 3597 1757 3653 ob-

935 3686 1109 3752 truncando,
1130 3685 1246 3741 divitios
1275 3687 1358 3758 quasi
1386 3689 1490 3743 fimum
1520 3687 1691 3760 reputando,
1720 3685 1756 3743 ad

937 3780 1076 3842 montem,
1094 3791 1151 3846 quo
1167 3776 1339 3831 standarum
1355 3782 1383 3833 et
1398 3777 1629 3849 roburipsorum
1643 3774 1760 3851 conglo-

937 3870 1083 3920 meratum
1099 3865 1202 3930 lucrat,
1212 3865 1265 3920 iter
1277 3865 1570 3938 dirigitcomesvero
1580 3865 1758 3932 Edessam,

938 3954 1087 4026 Fuidoque
1102 3952 1268 4025 Capreolus
1293 3953 1328 4008 ad
1358 3953 1468 4026 primos
1493 3955 1569 4010 ictus
1590 3952 1727 4020 ordinati,
1742 3969 1761 4008 a

55 4058 101 4108 ter
117 4050 199 4107 llexis
214 4048 338 4122 genibus
350 4063 448 4102 coram
464 4043 543 4117 ligno
568 4042 719 4098 Dominico
743 4055 883 4112 procum·
937 4043 1065 4098 sinistris
1079 4041 1286 4109 antecedendo,
1303 4046 1438 4098 asserunt
1461 4058 1502 4110 se,
1531 4042 1657 4099 alterum
1682 4043 1760 4099 recta

56 4141 142 4206 bunt,
160 4133 502 4211 etipsorcvercntissimc
517 4129 882 4188 osculatocidcmsecom-
937 4133 1031 4187 fronte
1046 4132 1287 4202 supermontem,
1313 4129 1437 4186 alterum
1462 4149 1496 4187 ex
1520 4130 1638 4203 obliquo
1658 4131 1758 4188 hostes

55 4228 209 4285 mendant.
226 4226 285 4282 llae
309 4223 507 4281 consolatione
523 4219 638 4283 muniti,
656 4219 709 4273 hoc
730 4217 814 4290 signo
843 4215 882 4272 si·
936 4221 1085 4293 impetere.
1103 4219 1195 4273 Bnrso
1211 4220 1309 4272 autem
1325 4217 1414 4273 divini
1430 4219 1550 4275 terroris
1572 4218 1671 4291 jaculo
1690 4236 1758 4275 sau·
1831 4244 1837 4255 x

56 4317 150 4391 gnati,
166 4316 275 4373 iterum
291 4320 378 4388 atque
392 4313 496 4368 iterum
512 4309 608 4382 ipsam
623 4322 738 4362 crucem
754 4304 883 4360 salutau·
937 4311 1041 4375 ciotus,
1058 4324 1125 4363 cum
1141 4306 1228 4362 tratre
1244 4323 1297 4361 suo
1310 4311 1340 4362 et
1353 4307 1558 4375 familiaribus,
1570 4308 1654 4382 quasi
1668 4306 1758 4364 bella-

56 4412 113 4477 tes,
130 4403 362 4476 celeriterequos
374 4400 545 4457 ascendunt.
561 4396 697 4468 Princeps
708 4411 782 4461 vero,
796 4392 882 4450 intre·
937 4404 1023 4455 turus
1046 4397 1237 4463 descendens,
1258 4395 1381 4452 viriliter
1403 4397 1538 4454 resistere
1567 4401 1758 4468 montemque

57 4496 163 4570 pidum
176 4510 279 4567 gerens
295 4492 530 4557 animum,manu
546 4484 657 4542 ceteris
672 4483 822 4540 silentium
838 4482 882 4538 in·
937 4485 1012 4542 tueri
1028 4483 1157 4557 praecipit
1173 4483 1315 4556 scipsum,
1332 4500 1399 4539 cum
1429 4485 1538 4557 quibus
1563 4485 1668 4558 potuit,
1689 4485 1758 4557 iuga

57 4584 193 4651 dicendo,
220 4583 261 4639 sic
283 4581 413 4654 loquitur
437 4578 519 4651 ipse:
536 4600 550 4627 «
564 4575 631 4631 Eia!
651 4574 754 4630 fratres
783 4572 839 4628 mei
855 4575 884 4627 et
898 4599 922 4663 D
937 4574 1087 4631 deliberat.
1101 4572 1229 4641 Interim,
1239 4573 1421 4642 hinccomes,
1434 4574 1501 4630 indo
1513 4574 1605 4631 Guido
1620 4573 1757 4648 inprime

58 4672 287 4743 commilitones
303 4674 394 4742 tuque
414 4683 520 4722 manus
540 4663 692 4737 pedestris,
710 4662 883 4718 accedamus

53 4753 885 4835 jampropiusMemcntotequantalaude,quantavenera-

57 4852 147 4920 tione,
166 4854 276 4922 quanta
304 4849 391 4904 etiam
413 4846 577 4901 litterarum
606 4839 882 4897 commemoratione

57 4945 123 4996 ncta
138 4940 297 5013 proborum
313 4938 442 4993 virorum
470 4938 529 4990 toto
558 4932 668 4988 mundo
699 4929 884 4985 ascribantur

56 5019 216 5086 memorie.
233 5029 306 5084 Ecca
320 5031 437 5099 tempus
448 5024 531 5080 adest
546 5039 603 5094 quo
619 5020 699 5092 vigor
709 5023 738 5074 ct
753 5018 883 5090 probitas

56 5122 160 5175 nostra
174 5117 279 5190 vigeat,
297 5133 353 5188 quo
370 5131 476 5170 nomen
501 5117 635 5166 nostrum
652 5107 818 5163 victorabile
835 5125 883 5162 su-

56 5226 108 5281 per
123 5208 277 5273 barbaros,
294 5206 373 5261 orbis
390 5221 441 5277 por
461 5202 579 5258 climata
606 5197 713 5252 clarius
728 5194 883 5251 elucescat.

56 5297 204 5354 Attendite
220 5296 309 5351 etiam
320 5295 390 5366 quia
400 5291 529 5365 legitimo
539 5287 749 5343 certantibusa
763 5284 884 5340 Domino

57 5403 168 5444 corona
177 5387 242 5459 jam
258 5383 449 5457 promittitur.
467 5378 650 5437 Festinamus
662 5375 751 5448 igitur
765 5373 795 5428 in
806 5373 885 5446 ipsos

61 5475 189 5550 ingredi,
206 5473 349 5531 attractis
365 5470 485 5536 lanceis
497 5465 670 5541 quantocius
680 5462 798 5519 nudatis
813 5462 888 5518 ensi·

57 5566 116 5622 bus
132 5565 210 5621 circa
224 5568 357 5635 tempora
371 5561 546 5619 accedamus
567 5555 703 5621 vicinius,
724 5556 757 5608 ut
777 5551 887 5609 crebris

57 5651 171 5718 uostris
191 5651 299 5712 ictibus
322 5651 441 5710 illorum
467 5643 604 5724 superbia
631 5645 844 5720 prosternatur,
859 5644 888 5702 et

938 4665 1049 4736 impetu
1066 4662 1164 4717 tractis
1176 4662 1300 4729 canoeis,
1311 4663 1439 4719 astrictis
1455 4663 1645 4719 mucronibus
1659 4662 1759 4719 hostes

939 4752 1115 4826 percutiunt.
1128 4749 1208 4806 Unde
1219 4749 1452 4820 clamor,luctus,
1465 4756 1493 4808 et
1503 4768 1652 4808 armorum
1663 4752 1762 4824 fragor

939 4841 1093 4912 utriusque
1104 4839 1195 4910 partis
1206 4838 1379 4896 bellantium
1390 4858 1474 4897 aures
1490 4840 1531 4897 sic
1542 4842 1659 4897 obturat
1668 4844 1700 4896 ut
1707 4855 1761 4896 nec

937 4930 1050 4987 amicus
1066 4927 1204 4994 amicum,
1220 4944 1274 4983 nec
1289 4928 1377 4985 irater
1392 4930 1512 4987 fratrem
1531 4928 1685 5004 intelligat.
1704 4930 1761 4987 No·

939 5023 1043 5076 stratas
1060 5024 1158 5073 autem
1173 5034 1232 5071 non
1245 5016 1423 5073 clamoribus
1450 5019 1553 5089 territi,
1581 5036 1634 5076 nec
1661 5018 1760 5075 labore

939 5107 1053 5174 devicti,
1069 5106 1130 5178 pari
1144 5105 1349 5162 audaciavircs
1363 5109 1548 5176 resumendo,
1562 5107 1660 5165 hostes
1670 5107 1759 5164 olimi-

939 5201 1021 5264 nant,
1038 5196 1235 5250 eviscerantet
1250 5195 1436 5251 obtruncant.
1448 5198 1509 5261 Ouo
1520 5196 1591 5266 viso,
1603 5198 1762 5253 Tumbaret

939 5304 973 5343 cx
990 5285 1106 5356 obliquo
1122 5283 1327 5339 sinistrorsum
1344 5284 1499 5355 prosiliens
1521 5286 1684 5359 splendenti
1700 5285 1761 5342 acie

940 5380 1136 5432 trecentorum
1152 5370 1280 5427 militum
1293 5373 1459 5442 comitatus,
1472 5379 1538 5447 post
1550 5375 1642 5431 aciem
1653 5372 1761 5449 prinei-

941 5466 986 5538 pis
998 5460 1177 5528 cursitando,
1194 5477 1261 5515 cum
1278 5461 1372 5533 ipsam
1389 5479 1442 5519 nec
1456 5463 1597 5537 impetere
1625 5462 1762 5532 audeant,

943 5569 996 5609 nec
1011 5550 1107 5609 crebis
1121 5548 1230 5606 ictibus
1245 5550 1422 5623 sagittarum
1444 5552 1481 5609 ab
1508 5552 1632 5625 incoepto
1660 5565 1765 5625 gressu

944 5637 1783 5718 dimoverepossuut,'turcupulosoontratpsossaajman-
