<?xml version="1.0" encoding="UTF-8"?>
<!DOCTYPE html PUBLIC "-//W3C//DTD XHTML 1.0 Transitional//EN"
    "http://www.w3.org/TR/xhtml1/DTD/xhtml1-transitional.dtd">
<html xmlns="http://www.w3.org/1999/xhtml" xml:lang="en" lang="en">
 <head>
  <title>
</title>
<meta http-equiv="Content-Type" content="text/html;charset=utf-8" />
  <meta name='ocr-system' content='tesseract 3.04.00' />
  <meta name='ocr-capabilities' content='ocr_page ocr_carea ocr_par ocr_line ocrx_word'/>
</head>
<body>
  <div class='ocr_page' id='page_1' title='image "./patrologiaecurs93unkngoog_0817.png"; bbox 0 0 3816 6006; ppageno 0'>
   <div class='ocr_carea' id='block_1_1' title="bbox 1808 254 1876 321">
    <p class='ocr_par' dir='ltr' id='par_1_1' title="bbox 1808 254 1876 321">
     <span class='ocr_line' id='line_1_1' title="bbox 1808 254 1876 321; baseline -0.015 0"><span class='ocrx_word' id='word_1_1' title='bbox 1808 254 1876 321; x_wconf 57' lang='lat' dir='ltr'><strong>illu</strong></span> 
     </span>
    </p>
   </div>
   <div class='ocr_carea' id='block_1_2' title="bbox 175 251 1687 322">
    <p class='ocr_par' dir='ltr' id='par_1_2' title="bbox 175 251 1687 322">
     <span class='ocr_line' id='line_1_2' title="bbox 175 251 1687 322; baseline 0.003 -5"><span class='ocrx_word' id='word_1_2' title='bbox 175 253 254 317; x_wconf 73' lang='lat'><strong>{635</strong></span> <span class='ocrx_word' id='word_1_3' title='bbox 364 251 559 318; x_wconf 72' lang='lat' dir='ltr'><strong>subcelant</strong></span> <span class='ocrx_word' id='word_1_4' title='bbox 580 252 758 321; x_wconf 72' lang='lat' dir='ltr'><strong>uectem</strong></span> <span class='ocrx_word' id='word_1_5' title='bbox 780 254 854 320; x_wconf 79' lang='lat' dir='ltr'><strong>tte.</strong></span> <span class='ocrx_word' id='word_1_6' title='bbox 877 255 928 318; x_wconf 87' lang='lat' dir='ltr'><strong>Dlll</strong></span> <span class='ocrx_word' id='word_1_7' title='bbox 950 257 1205 321; x_wconf 71' lang='lat' dir='ltr'><strong>concertante</strong></span> <span class='ocrx_word' id='word_1_8' title='bbox 1226 256 1371 322; x_wconf 77' lang='lat' dir='ltr'><strong>teser.</strong></span> <span class='ocrx_word' id='word_1_9' title='bbox 1394 253 1687 322; x_wconf 73' lang='lat' dir='ltr'><strong>WllSTMONAS&#39;l&#39;.</strong></span> 
     </span>
    </p>
   </div>
   <div class='ocr_carea' id='block_1_3' title="bbox 592 601 1458 707">
    <p class='ocr_par' dir='ltr' id='par_1_3' title="bbox 592 601 1458 707">
     <span class='ocr_line' id='line_1_3' title="bbox 592 601 1458 707; baseline 0 -4"><span class='ocrx_word' id='word_1_10' title='bbox 592 601 1008 706; x_wconf 69' lang='lat' dir='ltr'><strong>sunnam</strong></span> <span class='ocrx_word' id='word_1_11' title='bbox 1050 603 1458 707; x_wconf 68' lang='lat' dir='ltr'><strong>adoneum</strong></span> 
     </span>
    </p>
   </div>
   <div class='ocr_carea' id='block_1_4' title="bbox 516 811 1526 1081">
    <p class='ocr_par' dir='ltr' id='par_1_4' title="bbox 516 811 1526 1081">
     <span class='ocr_line' id='line_1_4' title="bbox 883 811 1163 900; baseline 0.007 -2"><span class='ocrx_word' id='word_1_12' title='bbox 883 811 1163 900; x_wconf 87' lang='lat' dir='ltr'>LIBELLUS</span> 
     </span>
     <span class='ocr_line' id='line_1_5' title="bbox 516 1015 1526 1081; baseline 0.004 -7"><span class='ocrx_word' id='word_1_13' title='bbox 516 1015 567 1075; x_wconf 87' lang='lat' dir='ltr'><strong>oa</strong></span> <span class='ocrx_word' id='word_1_14' title='bbox 590 1015 846 1078; x_wconf 75' lang='lat' dir='ltr'><strong>reuberiana</strong></span> <span class='ocrx_word' id='word_1_15' title='bbox 867 1016 1048 1080; x_wconf 73' lang='lat' dir='ltr'><strong>renarra</strong></span> <span class='ocrx_word' id='word_1_16' title='bbox 1070 1016 1526 1081; x_wconf 79' lang='lat' dir='ltr'><strong>wasruoaasrumarvsrs</strong></span> 
     </span>
    </p>
   </div>
   <div class='ocr_carea' id='block_1_5' title="bbox 829 1203 1218 1275">
    <p class='ocr_par' dir='ltr' id='par_1_5' title="bbox 829 1203 1218 1275">
     <span class='ocr_line' id='line_1_6' title="bbox 829 1203 1218 1275; baseline -0.003 -15"><span class='ocrx_word' id='word_1_17' title='bbox 829 1204 980 1274; x_wconf 79' lang='lat' dir='ltr'><strong>(llmwetic.</strong></span> <span class='ocrx_word' id='word_1_18' title='bbox 996 1204 1105 1275; x_wconf 70' lang='lat' dir='ltr'><strong>Aeetia</strong></span> <span class='ocrx_word' id='word_1_19' title='bbox 1122 1203 1145 1271; x_wconf 91' lang='lat'><strong>1,</strong></span> <span class='ocrx_word' id='word_1_20' title='bbox 1159 1203 1218 1274; x_wconf 82' lang='lat'><strong>57.)</strong></span> 
     </span>
    </p>
   </div>
   <div class='ocr_carea' id='block_1_6' title="bbox 207 1545 1867 1622">
    <p class='ocr_par' dir='ltr' id='par_1_6' title="bbox 207 1545 1867 1622">
     <span class='ocr_line' id='line_1_7' title="bbox 207 1545 1867 1622; baseline 0.001 -20"><span class='ocrx_word' id='word_1_21' title='bbox 207 1545 337 1603; x_wconf 74' lang='lat' dir='ltr'><strong>Illustrat</strong></span> <span class='ocrx_word' id='word_1_22' title='bbox 348 1546 451 1604; x_wconf 86' lang='lat' dir='ltr'><strong>urbem</strong></span> <span class='ocrx_word' id='word_1_23' title='bbox 468 1546 626 1604; x_wconf 80' lang='lat' dir='ltr'><strong>Luudonia</strong></span> <span class='ocrx_word' id='word_1_24' title='bbox 637 1548 734 1605; x_wconf 89' lang='lat' dir='ltr'><strong>omnis</strong></span> <span class='ocrx_word' id='word_1_25' title='bbox 744 1549 872 1622; x_wconf 78' lang='lat' dir='ltr'><strong>equoris</strong></span> <span class='ocrx_word' id='word_1_26' title='bbox 882 1551 994 1607; x_wconf 87' lang='lat' dir='ltr'><strong>subter·</strong></span> <span class='ocrx_word' id='word_1_27' title='bbox 1007 1555 1034 1622; x_wconf 69' lang='grc' dir='ltr'><strong>Α</strong></span> <span class='ocrx_word' id='word_1_28' title='bbox 1049 1552 1151 1608; x_wconf 80' lang='lat' dir='ltr'><strong>Evadit</strong></span> <span class='ocrx_word' id='word_1_29' title='bbox 1169 1567 1185 1608; x_wconf 93' lang='lat' dir='ltr'><strong>e</strong></span> <span class='ocrx_word' id='word_1_30' title='bbox 1204 1550 1269 1607; x_wconf 91' lang='lat' dir='ltr'><strong>nevi</strong></span> <span class='ocrx_word' id='word_1_31' title='bbox 1286 1550 1322 1606; x_wconf 89' lang='lat' dir='ltr'><strong>ad</strong></span> <span class='ocrx_word' id='word_1_32' title='bbox 1347 1549 1469 1617; x_wconf 87' lang='lat' dir='ltr'><strong>siccum,</strong></span> <span class='ocrx_word' id='word_1_33' title='bbox 1484 1547 1594 1620; x_wconf 92' lang='lat' dir='ltr'><strong>illoque</strong></span> <span class='ocrx_word' id='word_1_34' title='bbox 1610 1551 1777 1622; x_wconf 85' lang='lat' dir='ltr'><strong>spectante,</strong></span> <span class='ocrx_word' id='word_1_35' title='bbox 1793 1553 1867 1605; x_wconf 84' lang='lat' dir='ltr'><strong>terra</strong></span> 
     </span>
    </p>
   </div>
   <div class='ocr_carea' id='block_1_7' title="bbox 71 1635 1868 1714">
    <p class='ocr_par' dir='ltr' id='par_1_7' title="bbox 71 1635 1868 1714">
     <span class='ocr_line' id='line_1_8' title="bbox 71 1635 1868 1714; baseline 0 -22"><span class='ocrx_word' id='word_1_36' title='bbox 71 1638 85 1651; x_wconf 80' lang='grc'><strong>“</strong></span> <span class='ocrx_word' id='word_1_37' title='bbox 173 1635 269 1692; x_wconf 85' lang='lat' dir='ltr'><strong>ltuens</strong></span> <span class='ocrx_word' id='word_1_38' title='bbox 283 1635 420 1692; x_wconf 89' lang='lat' dir='ltr'><strong>vastitate</strong></span> <span class='ocrx_word' id='word_1_39' title='bbox 435 1636 599 1705; x_wconf 82' lang='lat' dir='ltr'><strong>Themesis,</strong></span> <span class='ocrx_word' id='word_1_40' title='bbox 615 1655 694 1694; x_wconf 91' lang='lat' dir='ltr'><strong>nunc</strong></span> <span class='ocrx_word' id='word_1_41' title='bbox 708 1637 844 1695; x_wconf 87' lang='lat' dir='ltr'><strong>emittens</strong></span> <span class='ocrx_word' id='word_1_42' title='bbox 864 1641 993 1713; x_wconf 90' lang='lat' dir='ltr'><strong>itemque</strong></span> <span class='ocrx_word' id='word_1_43' title='bbox 1049 1641 1174 1714; x_wconf 81' lang='lat' dir='ltr'><strong>infigens</strong></span> <span class='ocrx_word' id='word_1_44' title='bbox 1188 1639 1325 1696; x_wconf 89' lang='lat' dir='ltr'><strong>baculum</strong></span> <span class='ocrx_word' id='word_1_45' title='bbox 1340 1637 1650 1712; x_wconf 88' lang='lat' dir='ltr'><strong>ereatpostselontem</strong></span> <span class='ocrx_word' id='word_1_46' title='bbox 1664 1636 1868 1711; x_wconf 85' lang='lat' dir='ltr'><strong>fluidum,pro</strong></span> 
     </span>
    </p>
   </div>
   <div class='ocr_carea' id='block_1_8' title="bbox 168 1723 1868 1981">
    <p class='ocr_par' dir='ltr' id='par_1_8' title="bbox 168 1723 1868 1981">
     <span class='ocr_line' id='line_1_9' title="bbox 169 1723 1868 1802; baseline 0.001 -21"><span class='ocrx_word' id='word_1_47' title='bbox 169 1723 430 1798; x_wconf 88' lang='lat' dir='ltr'><strong>recipienslluctus</strong></span> <span class='ocrx_word' id='word_1_48' title='bbox 439 1741 527 1782; x_wconf 89' lang='lat' dir='ltr'><strong>eursu</strong></span> <span class='ocrx_word' id='word_1_49' title='bbox 539 1731 567 1782; x_wconf 92' lang='lat' dir='ltr'><strong>et</strong></span> <span class='ocrx_word' id='word_1_50' title='bbox 575 1742 695 1783; x_wconf 84' lang='lat' dir='ltr'><strong>recursu</strong></span> <span class='ocrx_word' id='word_1_51' title='bbox 712 1727 807 1801; x_wconf 81' lang='lat' dir='ltr'><strong>pelagi</strong></span> <span class='ocrx_word' id='word_1_52' title='bbox 816 1728 993 1801; x_wconf 87' lang='lat' dir='ltr'><strong>ettluminis,</strong></span> <span class='ocrx_word' id='word_1_53' title='bbox 1048 1747 1207 1802; x_wconf 78' lang='lat' dir='ltr'><strong>eassusque</strong></span> <span class='ocrx_word' id='word_1_54' title='bbox 1223 1727 1375 1802; x_wconf 89' lang='lat' dir='ltr'><strong>paululum</strong></span> <span class='ocrx_word' id='word_1_55' title='bbox 1391 1728 1461 1784; x_wconf 91' lang='lat' dir='ltr'><strong>item</strong></span> <span class='ocrx_word' id='word_1_56' title='bbox 1486 1726 1635 1801; x_wconf 81' lang='lat' dir='ltr'><strong>infigendo</strong></span> <span class='ocrx_word' id='word_1_57' title='bbox 1649 1742 1742 1798; x_wconf 90' lang='lat' dir='ltr'><strong>quam</strong></span> <span class='ocrx_word' id='word_1_58' title='bbox 1765 1726 1868 1784; x_wconf 84' lang='lat' dir='ltr'><strong>terebat</strong></span> 
     </span>
     <span class='ocr_line' id='line_1_10' title="bbox 170 1812 1867 1892; baseline 0.002 -23"><span class='ocrx_word' id='word_1_59' title='bbox 170 1812 362 1887; x_wconf 74' lang='lat' dir='ltr'><strong>insulamque</strong></span> <span class='ocrx_word' id='word_1_60' title='bbox 376 1814 503 1871; x_wconf 84' lang='lat' dir='ltr'><strong>&#39;l&#39;homei</strong></span> <span class='ocrx_word' id='word_1_61' title='bbox 517 1815 625 1872; x_wconf 90' lang='lat' dir='ltr'><strong>dietam</strong></span> <span class='ocrx_word' id='word_1_62' title='bbox 641 1815 780 1890; x_wconf 84' lang='lat' dir='ltr'><strong>tingit,ab</strong></span> <span class='ocrx_word' id='word_1_63' title='bbox 791 1818 863 1875; x_wconf 88' lang='lat' dir='ltr'><strong>urbe</strong></span> <span class='ocrx_word' id='word_1_64' title='bbox 878 1819 993 1875; x_wconf 89' lang='lat' dir='ltr'><strong>duobus</strong></span> <span class='ocrx_word' id='word_1_65' title='bbox 1048 1819 1187 1875; x_wconf 89' lang='lat' dir='ltr'><strong>baculum</strong></span> <span class='ocrx_word' id='word_1_66' title='bbox 1204 1822 1345 1892; x_wconf 73' lang='lat' dir='ltr'>potestate</span> <span class='ocrx_word' id='word_1_67' title='bbox 1361 1834 1415 1874; x_wconf 91' lang='lat' dir='ltr'><strong>sua</strong></span> <span class='ocrx_word' id='word_1_68' title='bbox 1430 1815 1529 1873; x_wconf 78' lang='lat' dir='ltr'>educit</span> <span class='ocrx_word' id='word_1_69' title='bbox 1542 1820 1571 1873; x_wconf 91' lang='lat' dir='ltr'><strong>et</strong></span> <span class='ocrx_word' id='word_1_70' title='bbox 1583 1814 1725 1884; x_wconf 88' lang='lat' dir='ltr'><strong>alterum,</strong></span> <span class='ocrx_word' id='word_1_71' title='bbox 1741 1817 1793 1890; x_wconf 93' lang='lat' dir='ltr'><strong>qui</strong></span> <span class='ocrx_word' id='word_1_72' title='bbox 1815 1817 1867 1873; x_wconf 93' lang='lat' dir='ltr'><strong>duo</strong></span> 
     </span>
     <span class='ocr_line' id='line_1_11' title="bbox 168 1901 1867 1981; baseline 0.001 -22"><span class='ocrx_word' id='word_1_73' title='bbox 168 1901 356 1960; x_wconf 79' lang='lat' dir='ltr'><strong>milliaribus.</strong></span> <span class='ocrx_word' id='word_1_74' title='bbox 373 1903 585 1977; x_wconf 85' lang='lat' dir='ltr'><strong>complacitum</strong></span> <span class='ocrx_word' id='word_1_75' title='bbox 605 1908 648 1961; x_wconf 89' lang='lat' dir='ltr'><strong>est</strong></span> <span class='ocrx_word' id='word_1_76' title='bbox 672 1905 742 1972; x_wconf 86' lang='lat' dir='ltr'><strong>Deo,</strong></span> <span class='ocrx_word' id='word_1_77' title='bbox 753 1909 786 1961; x_wconf 93' lang='lat' dir='ltr'><strong>ut</strong></span> <span class='ocrx_word' id='word_1_78' title='bbox 810 1907 948 1976; x_wconf 89' lang='lat' dir='ltr'><strong>creditur,</strong></span> <span class='ocrx_word' id='word_1_79' title='bbox 965 1911 994 1964; x_wconf 91' lang='lat' dir='ltr'><strong>et</strong></span> <span class='ocrx_word' id='word_1_80' title='bbox 1049 1908 1142 1964; x_wconf 84' lang='lat' dir='ltr'><strong>tontes</strong></span> <span class='ocrx_word' id='word_1_81' title='bbox 1157 1907 1243 1981; x_wconf 81' lang='lat' dir='ltr'><strong>longo</strong></span> <span class='ocrx_word' id='word_1_82' title='bbox 1259 1907 1443 1963; x_wconf 83' lang='lat' dir='ltr'><strong>defluxerunt</strong></span> <span class='ocrx_word' id='word_1_83' title='bbox 1457 1909 1597 1979; x_wconf 88' lang='lat' dir='ltr'><strong>tempore,</strong></span> <span class='ocrx_word' id='word_1_84' title='bbox 1613 1905 1709 1961; x_wconf 91' lang='lat' dir='ltr'><strong>donec</strong></span> <span class='ocrx_word' id='word_1_85' title='bbox 1733 1904 1867 1962; x_wconf 68' lang='lat' dir='ltr'><strong>absorbe»</strong></span> 
     </span>
    </p>
   </div>
   <div class='ocr_carea' id='block_1_9' title="bbox 167 1990 994 2424">
    <p class='ocr_par' dir='ltr' id='par_1_9' title="bbox 167 1990 994 2424">
     <span class='ocr_line' id='line_1_12' title="bbox 168 1990 992 2067; baseline 0.005 -19"><span class='ocrx_word' id='word_1_86' title='bbox 168 1990 253 2048; x_wconf 86' lang='lat' dir='ltr'><strong>heuto</strong></span> <span class='ocrx_word' id='word_1_87' title='bbox 270 1991 468 2066; x_wconf 89' lang='lat' dir='ltr'><strong>apostolerum</strong></span> <span class='ocrx_word' id='word_1_88' title='bbox 485 1993 620 2067; x_wconf 81' lang='lat' dir='ltr'><strong>principi,</strong></span> <span class='ocrx_word' id='word_1_89' title='bbox 634 1994 663 2050; x_wconf 93' lang='lat' dir='ltr'><strong>in</strong></span> <span class='ocrx_word' id='word_1_90' title='bbox 680 1994 734 2050; x_wconf 90' lang='lat' dir='ltr'><strong>hae</strong></span> <span class='ocrx_word' id='word_1_91' title='bbox 748 1993 846 2051; x_wconf 90' lang='lat' dir='ltr'><strong>insula</strong></span> <span class='ocrx_word' id='word_1_92' title='bbox 862 1997 992 2052; x_wconf 87' lang='lat' dir='ltr'><strong>mansio·</strong></span> 
     </span>
     <span class='ocr_line' id='line_1_13' title="bbox 168 2081 994 2157; baseline 0.005 -21"><span class='ocrx_word' id='word_1_93' title='bbox 168 2096 236 2137; x_wconf 89' lang='lat' dir='ltr'><strong>nem</strong></span> <span class='ocrx_word' id='word_1_94' title='bbox 251 2081 348 2153; x_wconf 89' lang='lat' dir='ltr'><strong>parari</strong></span> <span class='ocrx_word' id='word_1_95' title='bbox 363 2081 467 2148; x_wconf 88' lang='lat' dir='ltr'><strong>sibi,in</strong></span> <span class='ocrx_word' id='word_1_96' title='bbox 479 2098 538 2155; x_wconf 88' lang='lat' dir='ltr'><strong>qua</strong></span> <span class='ocrx_word' id='word_1_97' title='bbox 547 2087 576 2138; x_wconf 96' lang='lat' dir='ltr'><strong>et</strong></span> <span class='ocrx_word' id='word_1_98' title='bbox 584 2083 660 2138; x_wconf 79' lang='lat' dir='ltr'><strong>neue</strong></span> <span class='ocrx_word' id='word_1_99' title='bbox 672 2083 701 2138; x_wconf 90' lang='lat' dir='ltr'><strong>in</strong></span> <span class='ocrx_word' id='word_1_100' title='bbox 713 2100 766 2139; x_wconf 87' lang='lat' dir='ltr'><strong>suo</strong></span> <span class='ocrx_word' id='word_1_101' title='bbox 777 2084 994 2157; x_wconf 90' lang='lat' dir='ltr'><strong>colereturnpo·</strong></span> 
     </span>
     <span class='ocr_line' id='line_1_14' title="bbox 168 2169 993 2243; baseline 0.004 -16"><span class='ocrx_word' id='word_1_102' title='bbox 168 2169 243 2227; x_wconf 89' lang='lat' dir='ltr'><strong>stolo</strong></span> <span class='ocrx_word' id='word_1_103' title='bbox 257 2174 287 2226; x_wconf 90' lang='lat' dir='ltr'><strong>et</strong></span> <span class='ocrx_word' id='word_1_104' title='bbox 301 2187 354 2243; x_wconf 88' lang='lat' dir='ltr'><strong>per</strong></span> <span class='ocrx_word' id='word_1_105' title='bbox 367 2171 433 2241; x_wconf 84' lang='lat' dir='ltr'><strong>ejus</strong></span> <span class='ocrx_word' id='word_1_106' title='bbox 448 2171 643 2243; x_wconf 87' lang='lat' dir='ltr'><strong>patronicium</strong></span> <span class='ocrx_word' id='word_1_107' title='bbox 659 2176 688 2228; x_wconf 89' lang='lat' dir='ltr'><strong>et</strong></span> <span class='ocrx_word' id='word_1_108' title='bbox 697 2172 891 2228; x_wconf 83' lang='lat' dir='ltr'><strong>interventum</strong></span> <span class='ocrx_word' id='word_1_109' title='bbox 908 2175 993 2230; x_wconf 93' lang='lat' dir='ltr'><strong>mise·</strong></span> 
     </span>
     <span class='ocr_line' id='line_1_15' title="bbox 167 2257 992 2336; baseline 0.005 -22"><span class='ocrx_word' id='word_1_110' title='bbox 167 2260 267 2314; x_wconf 90' lang='lat' dir='ltr'><strong>reatur</strong></span> <span class='ocrx_word' id='word_1_111' title='bbox 286 2257 412 2331; x_wconf 84' lang='lat' dir='ltr'><strong>supplici</strong></span> <span class='ocrx_word' id='word_1_112' title='bbox 433 2260 540 2332; x_wconf 91' lang='lat' dir='ltr'><strong>populo</strong></span> <span class='ocrx_word' id='word_1_113' title='bbox 565 2277 629 2316; x_wconf 90' lang='lat' dir='ltr'><strong>suo.</strong></span> <span class='ocrx_word' id='word_1_114' title='bbox 648 2261 741 2317; x_wconf 83' lang='lat' dir='ltr'><strong>laetat</strong></span> <span class='ocrx_word' id='word_1_115' title='bbox 763 2278 831 2335; x_wconf 84' lang='lat' dir='ltr'><strong>ergo</strong></span> <span class='ocrx_word' id='word_1_116' title='bbox 851 2264 992 2336; x_wconf 77' lang='lat' dir='ltr'><strong>praedives</strong></span> 
     </span>
     <span class='ocr_line' id='line_1_16' title="bbox 167 2345 992 2424; baseline 0.007 -22"><span class='ocrx_word' id='word_1_117' title='bbox 167 2345 341 2403; x_wconf 76' lang='lat' dir='ltr'><strong>christicola</strong></span> <span class='ocrx_word' id='word_1_118' title='bbox 356 2347 495 2404; x_wconf 77' lang='lat' dir='ltr'><strong>sebertus</strong></span> <span class='ocrx_word' id='word_1_119' title='bbox 509 2348 540 2403; x_wconf 90' lang='lat' dir='ltr'><strong>in</strong></span> <span class='ocrx_word' id='word_1_120' title='bbox 560 2349 683 2405; x_wconf 85' lang='lat' dir='ltr'><strong>fundata</strong></span> <span class='ocrx_word' id='word_1_121' title='bbox 705 2349 837 2420; x_wconf 85' lang='lat' dir='ltr'><strong>ecclesia,</strong></span> <span class='ocrx_word' id='word_1_122' title='bbox 854 2352 992 2424; x_wconf 91' lang='lat' dir='ltr'><strong>brevique</strong></span> 
     </span>
    </p>
   </div>
   <div class='ocr_carea' id='block_1_10' title="bbox 1047 1993 1866 2424">
    <p class='ocr_par' dir='ltr' id='par_1_10' title="bbox 1047 1993 1866 2424">
     <span class='ocr_line' id='line_1_17' title="bbox 1048 1993 1866 2067; baseline -0.002 -15"><span class='ocrx_word' id='word_1_123' title='bbox 1048 2001 1149 2052; x_wconf 89' lang='lat' dir='ltr'><strong>rentur</strong></span> <span class='ocrx_word' id='word_1_124' title='bbox 1163 1997 1192 2051; x_wconf 90' lang='lat' dir='ltr'><strong>in</strong></span> <span class='ocrx_word' id='word_1_125' title='bbox 1210 1995 1341 2052; x_wconf 87' lang='lat' dir='ltr'><strong>fluminis</strong></span> <span class='ocrx_word' id='word_1_126' title='bbox 1357 1994 1447 2063; x_wconf 88' lang='lat' dir='ltr'><strong>alveo,</strong></span> <span class='ocrx_word' id='word_1_127' title='bbox 1462 1993 1545 2050; x_wconf 88' lang='lat' dir='ltr'><strong>littus</strong></span> <span class='ocrx_word' id='word_1_128' title='bbox 1560 1994 1720 2050; x_wconf 73' lang='lat' dir='ltr'><strong>devorante</strong></span> <span class='ocrx_word' id='word_1_129' title='bbox 1740 2010 1866 2067; x_wconf 73' lang='lat' dir='ltr'><strong>aequoreo</strong></span> 
     </span>
     <span class='ocr_line' id='line_1_18' title="bbox 1048 2081 1865 2155; baseline -0.004 -14"><span class='ocrx_word' id='word_1_130' title='bbox 1048 2085 1256 2142; x_wconf 89' lang='lat' dir='ltr'><strong>reumats.lloc</strong></span> <span class='ocrx_word' id='word_1_131' title='bbox 1270 2085 1299 2139; x_wconf 90' lang='lat' dir='ltr'><strong>in</strong></span> <span class='ocrx_word' id='word_1_132' title='bbox 1317 2083 1400 2140; x_wconf 87' lang='lat' dir='ltr'><strong>ducis</strong></span> <span class='ocrx_word' id='word_1_133' title='bbox 1416 2083 1461 2139; x_wconf 85' lang='lat' dir='ltr'><strong>sui</strong></span> <span class='ocrx_word' id='word_1_134' title='bbox 1476 2082 1585 2139; x_wconf 89' lang='lat' dir='ltr'><strong>intuitu</strong></span> <span class='ocrx_word' id='word_1_135' title='bbox 1599 2087 1731 2155; x_wconf 88' lang='lat' dir='ltr'><strong>peracte,</strong></span> <span class='ocrx_word' id='word_1_136' title='bbox 1746 2081 1827 2140; x_wconf 89' lang='lat' dir='ltr'><strong>vadit</strong></span> <span class='ocrx_word' id='word_1_137' title='bbox 1834 2084 1865 2138; x_wconf 91' lang='lat' dir='ltr'><strong>ad</strong></span> 
     </span>
     <span class='ocr_line' id='line_1_19' title="bbox 1048 2171 1865 2246; baseline -0.001 -17"><span class='ocrx_word' id='word_1_138' title='bbox 1048 2174 1103 2230; x_wconf 88' lang='lat' dir='ltr'><strong>sibi</strong></span> <span class='ocrx_word' id='word_1_139' title='bbox 1119 2173 1281 2246; x_wconf 85' lang='lat' dir='ltr'><strong>delegatam</strong></span> <span class='ocrx_word' id='word_1_140' title='bbox 1297 2172 1729 2241; x_wconf 89' lang='lat' dir='ltr'><strong>eeclesiam,comitantureum</strong></span> <span class='ocrx_word' id='word_1_141' title='bbox 1740 2171 1865 2228; x_wconf 82' lang='lat' dir='ltr'><strong>ooelestes</strong></span> 
     </span>
     <span class='ocr_line' id='line_1_20' title="bbox 1047 2259 1865 2333; baseline -0.002 -15"><span class='ocrx_word' id='word_1_142' title='bbox 1047 2263 1126 2318; x_wconf 89' lang='lat' dir='ltr'><strong>ebori</strong></span> <span class='ocrx_word' id='word_1_143' title='bbox 1137 2262 1280 2318; x_wconf 75' lang='lat' dir='ltr'><strong>celestem</strong></span> <span class='ocrx_word' id='word_1_144' title='bbox 1292 2260 1522 2318; x_wconf 80' lang='lat' dir='ltr'><strong>melodificantes</strong></span> <span class='ocrx_word' id='word_1_145' title='bbox 1530 2259 1720 2315; x_wconf 86' lang='lat' dir='ltr'><strong>hermeniam</strong></span> <span class='ocrx_word' id='word_1_146' title='bbox 1730 2276 1865 2333; x_wconf 86' lang='lat' dir='ltr'><strong>vocesque</strong></span> 
     </span>
     <span class='ocr_line' id='line_1_21' title="bbox 1047 2348 1864 2424; baseline -0.002 -18"><span class='ocrx_word' id='word_1_147' title='bbox 1047 2351 1182 2424; x_wconf 74' lang='lat' dir='ltr'><strong>angelice</strong></span> <span class='ocrx_word' id='word_1_148' title='bbox 1198 2352 1234 2406; x_wconf 89' lang='lat' dir='ltr'><strong>ad</strong></span> <span class='ocrx_word' id='word_1_149' title='bbox 1251 2366 1344 2423; x_wconf 89' lang='lat' dir='ltr'><strong>usqua</strong></span> <span class='ocrx_word' id='word_1_150' title='bbox 1360 2348 1563 2406; x_wconf 80' lang='lat' dir='ltr'><strong>celsitudinem</strong></span> <span class='ocrx_word' id='word_1_151' title='bbox 1583 2364 1765 2421; x_wconf 77' lang='lat' dir='ltr'><strong>personuere</strong></span> <span class='ocrx_word' id='word_1_152' title='bbox 1784 2349 1864 2404; x_wconf 72' lang='lat' dir='ltr'><strong>allae·</strong></span> 
     </span>
    </p>
   </div>
   <div class='ocr_carea' id='block_1_11' title="bbox 161 2435 1863 3667">
    <p class='ocr_par' dir='ltr' id='par_1_11' title="bbox 161 2435 1863 3667">
     <span class='ocr_line' id='line_1_22' title="bbox 166 2435 1863 2513; baseline 0 -21"><span class='ocrx_word' id='word_1_153' title='bbox 166 2437 298 2508; x_wconf 89' lang='lat' dir='ltr'><strong>tempore</strong></span> <span class='ocrx_word' id='word_1_154' title='bbox 311 2435 469 2510; x_wconf 88' lang='lat' dir='ltr'><strong>perlectam</strong></span> <span class='ocrx_word' id='word_1_155' title='bbox 485 2437 611 2494; x_wconf 90' lang='lat' dir='ltr'><strong>reddidit</strong></span> <span class='ocrx_word' id='word_1_156' title='bbox 618 2437 740 2494; x_wconf 84' lang='lat' dir='ltr'><strong>instanti</strong></span> <span class='ocrx_word' id='word_1_157' title='bbox 750 2438 849 2496; x_wconf 88' lang='lat' dir='ltr'><strong>labore</strong></span> <span class='ocrx_word' id='word_1_158' title='bbox 857 2445 885 2498; x_wconf 92' lang='lat' dir='ltr'><strong>et</strong></span> <span class='ocrx_word' id='word_1_159' title='bbox 893 2457 990 2513; x_wconf 88' lang='lat' dir='ltr'><strong>opere.</strong></span> <span class='ocrx_word' id='word_1_160' title='bbox 1046 2457 1135 2497; x_wconf 90' lang='lat' dir='ltr'><strong>ream.</strong></span> <span class='ocrx_word' id='word_1_161' title='bbox 1153 2441 1231 2496; x_wconf 88' lang='lat' dir='ltr'><strong>Nova</strong></span> <span class='ocrx_word' id='word_1_162' title='bbox 1246 2440 1297 2495; x_wconf 91' lang='lat' dir='ltr'><strong>llei</strong></span> <span class='ocrx_word' id='word_1_163' title='bbox 1314 2443 1416 2511; x_wconf 87' lang='lat' dir='ltr'><strong>nupta,</strong></span> <span class='ocrx_word' id='word_1_164' title='bbox 1432 2441 1619 2494; x_wconf 83' lang='lat' dir='ltr'><strong>consecrante</strong></span> <span class='ocrx_word' id='word_1_165' title='bbox 1633 2453 1667 2494; x_wconf 91' lang='lat' dir='ltr'><strong>eo</strong></span> <span class='ocrx_word' id='word_1_166' title='bbox 1693 2439 1747 2511; x_wconf 90' lang='lat' dir='ltr'><strong>qui</strong></span> <span class='ocrx_word' id='word_1_167' title='bbox 1767 2436 1863 2494; x_wconf 86' lang='lat' dir='ltr'><strong>eoelum</strong></span> 
     </span>
     <span class='ocr_line' id='line_1_23' title="bbox 166 2523 1861 2602; baseline 0.002 -23"><span class='ocrx_word' id='word_1_168' title='bbox 166 2523 354 2580; x_wconf 82' lang='lat' dir='ltr'><strong>Commonuit</strong></span> <span class='ocrx_word' id='word_1_169' title='bbox 369 2525 480 2581; x_wconf 90' lang='lat' dir='ltr'><strong>interea</strong></span> <span class='ocrx_word' id='word_1_170' title='bbox 493 2527 557 2598; x_wconf 87' lang='lat' dir='ltr'><strong>ejus</strong></span> <span class='ocrx_word' id='word_1_171' title='bbox 573 2526 705 2583; x_wconf 72' lang='lat' dir='ltr'><strong>dioecesis</strong></span> <span class='ocrx_word' id='word_1_172' title='bbox 722 2529 875 2601; x_wconf 85' lang='lat' dir='ltr'><strong>praesulem</strong></span> <span class='ocrx_word' id='word_1_173' title='bbox 899 2530 991 2585; x_wconf 82' lang='lat' dir='ltr'><strong>Melli·</strong></span> <span class='ocrx_word' id='word_1_174' title='bbox 1046 2528 1155 2586; x_wconf 90' lang='lat' dir='ltr'><strong>claudit</strong></span> <span class='ocrx_word' id='word_1_175' title='bbox 1163 2529 1299 2602; x_wconf 90' lang='lat' dir='ltr'><strong>etaperit,</strong></span> <span class='ocrx_word' id='word_1_176' title='bbox 1307 2527 1474 2585; x_wconf 79' lang='lat' dir='ltr'><strong>celestibus</strong></span> <span class='ocrx_word' id='word_1_177' title='bbox 1483 2525 1649 2600; x_wconf 89' lang='lat' dir='ltr'><strong>resplendet</strong></span> <span class='ocrx_word' id='word_1_178' title='bbox 1659 2524 1861 2594; x_wconf 87' lang='lat' dir='ltr'><strong>luminaribus,</strong></span> 
     </span>
     <span class='ocr_line' id='line_1_24' title="bbox 166 2612 1861 2692; baseline 0.002 -24"><span class='ocrx_word' id='word_1_179' title='bbox 166 2616 281 2682; x_wconf 92' lang='lat' dir='ltr'><strong>tum,ut</strong></span> <span class='ocrx_word' id='word_1_180' title='bbox 296 2612 380 2670; x_wconf 90' lang='lat' dir='ltr'><strong>beato</strong></span> <span class='ocrx_word' id='word_1_181' title='bbox 397 2612 506 2670; x_wconf 89' lang='lat' dir='ltr'><strong>ltlellito</strong></span> <span class='ocrx_word' id='word_1_182' title='bbox 522 2614 618 2672; x_wconf 85' lang='lat' dir='ltr'><strong>cordis</strong></span> <span class='ocrx_word' id='word_1_183' title='bbox 629 2619 713 2672; x_wconf 88' lang='lat' dir='ltr'><strong>Petro</strong></span> <span class='ocrx_word' id='word_1_184' title='bbox 724 2617 880 2673; x_wconf 81' lang='lat' dir='ltr'><strong>fundatum</strong></span> <span class='ocrx_word' id='word_1_185' title='bbox 892 2634 992 2675; x_wconf 89' lang='lat' dir='ltr'><strong>eonse-</strong></span> <span class='ocrx_word' id='word_1_186' title='bbox 1044 2622 1163 2692; x_wconf 90' lang='lat' dir='ltr'><strong>totoque</strong></span> <span class='ocrx_word' id='word_1_187' title='bbox 1185 2618 1255 2675; x_wconf 87' lang='lat' dir='ltr'><strong>solis</strong></span> <span class='ocrx_word' id='word_1_188' title='bbox 1279 2617 1395 2676; x_wconf 88' lang='lat' dir='ltr'><strong>lucente</strong></span> <span class='ocrx_word' id='word_1_189' title='bbox 1420 2615 1532 2672; x_wconf 91' lang='lat' dir='ltr'><strong>ambitu</strong></span> <span class='ocrx_word' id='word_1_190' title='bbox 1547 2614 1727 2672; x_wconf 89' lang='lat' dir='ltr'><strong>candidatus</strong></span> <span class='ocrx_word' id='word_1_191' title='bbox 1742 2615 1861 2672; x_wconf 88' lang='lat' dir='ltr'><strong>insulam</strong></span> 
     </span>
     <span class='ocr_line' id='line_1_25' title="bbox 166 2700 1863 2780; baseline 0.001 -23"><span class='ocrx_word' id='word_1_192' title='bbox 166 2706 261 2758; x_wconf 88' lang='lat' dir='ltr'><strong>oraret</strong></span> <span class='ocrx_word' id='word_1_193' title='bbox 275 2700 383 2759; x_wconf 90' lang='lat' dir='ltr'><strong>locum.</strong></span> <span class='ocrx_word' id='word_1_194' title='bbox 398 2702 503 2759; x_wconf 85' lang='lat' dir='ltr'><strong>Addito</strong></span> <span class='ocrx_word' id='word_1_195' title='bbox 527 2703 578 2760; x_wconf 88' lang='lat' dir='ltr'><strong>Dei</strong></span> <span class='ocrx_word' id='word_1_196' title='bbox 596 2703 730 2762; x_wconf 87' lang='lat' dir='ltr'><strong>minister</strong></span> <span class='ocrx_word' id='word_1_197' title='bbox 753 2722 840 2779; x_wconf 90' lang='lat' dir='ltr'><strong>opere</strong></span> <span class='ocrx_word' id='word_1_198' title='bbox 864 2706 990 2780; x_wconf 85' lang='lat' dir='ltr'><strong>perlecto</strong></span> <span class='ocrx_word' id='word_1_199' title='bbox 1043 2706 1174 2765; x_wconf 84' lang='lat' dir='ltr'><strong>illustret</strong></span> <span class='ocrx_word' id='word_1_200' title='bbox 1186 2707 1342 2775; x_wconf 84' lang='lat' dir='ltr'><strong>exercitus,</strong></span> <span class='ocrx_word' id='word_1_201' title='bbox 1350 2708 1504 2780; x_wconf 86' lang='lat' dir='ltr'><strong>patescunt</strong></span> <span class='ocrx_word' id='word_1_202' title='bbox 1515 2705 1641 2777; x_wconf 91' lang='lat' dir='ltr'><strong>desuper</strong></span> <span class='ocrx_word' id='word_1_203' title='bbox 1649 2703 1771 2772; x_wconf 84' lang='lat' dir='ltr'><strong>athera,</strong></span> <span class='ocrx_word' id='word_1_204' title='bbox 1779 2703 1863 2778; x_wconf 90' lang='lat' dir='ltr'><strong>quod·</strong></span> 
     </span>
     <span class='ocr_line' id='line_1_26' title="bbox 165 2790 1861 2870; baseline 0 -22"><span class='ocrx_word' id='word_1_205' title='bbox 165 2791 275 2865; x_wconf 81' lang='lat' dir='ltr'><strong>gaudet</strong></span> <span class='ocrx_word' id='word_1_206' title='bbox 289 2790 325 2848; x_wconf 91' lang='lat' dir='ltr'><strong>de</strong></span> <span class='ocrx_word' id='word_1_207' title='bbox 341 2791 417 2848; x_wconf 89' lang='lat' dir='ltr'><strong>beati</strong></span> <span class='ocrx_word' id='word_1_208' title='bbox 435 2792 507 2849; x_wconf 85' lang='lat' dir='ltr'><strong>Petri</strong></span> <span class='ocrx_word' id='word_1_209' title='bbox 524 2792 643 2862; x_wconf 88' lang='lat' dir='ltr'><strong>honore,</strong></span> <span class='ocrx_word' id='word_1_210' title='bbox 661 2793 798 2868; x_wconf 88' lang='lat' dir='ltr'><strong>diemque</strong></span> <span class='ocrx_word' id='word_1_211' title='bbox 820 2794 991 2852; x_wconf 86' lang='lat' dir='ltr'><strong>denominat</strong></span> <span class='ocrx_word' id='word_1_212' title='bbox 1045 2812 1101 2870; x_wconf 92' lang='lat' dir='ltr'><strong>que</strong></span> <span class='ocrx_word' id='word_1_213' title='bbox 1120 2796 1181 2870; x_wconf 84' lang='lat' dir='ltr'><strong>agit</strong></span> <span class='ocrx_word' id='word_1_214' title='bbox 1204 2794 1355 2868; x_wconf 89' lang='lat' dir='ltr'><strong>apostolus</strong></span> <span class='ocrx_word' id='word_1_215' title='bbox 1379 2795 1409 2850; x_wconf 92' lang='lat' dir='ltr'><strong>in</strong></span> <span class='ocrx_word' id='word_1_216' title='bbox 1433 2798 1520 2862; x_wconf 90' lang='lat' dir='ltr'><strong>terra,</strong></span> <span class='ocrx_word' id='word_1_217' title='bbox 1536 2796 1635 2849; x_wconf 90' lang='lat' dir='ltr'><strong>actum</strong></span> <span class='ocrx_word' id='word_1_218' title='bbox 1651 2791 1731 2849; x_wconf 84' lang='lat' dir='ltr'><strong>iavet</strong></span> <span class='ocrx_word' id='word_1_219' title='bbox 1747 2794 1776 2849; x_wconf 93' lang='lat' dir='ltr'><strong>in</strong></span> <span class='ocrx_word' id='word_1_220' title='bbox 1791 2792 1861 2850; x_wconf 83' lang='lat' dir='ltr'><strong>celis</strong></span> 
     </span>
     <span class='ocr_line' id='line_1_27' title="bbox 165 2880 1861 2957; baseline 0 -21"><span class='ocrx_word' id='word_1_221' title='bbox 165 2880 262 2953; x_wconf 92' lang='lat' dir='ltr'><strong>quoad</strong></span> <span class='ocrx_word' id='word_1_222' title='bbox 276 2880 472 2938; x_wconf 84' lang='lat' dir='ltr'><strong>dedicandum</strong></span> <span class='ocrx_word' id='word_1_223' title='bbox 487 2881 556 2939; x_wconf 90' lang='lat' dir='ltr'><strong>velit</strong></span> <span class='ocrx_word' id='word_1_224' title='bbox 570 2882 726 2940; x_wconf 82' lang='lat' dir='ltr'><strong>exsolvere.</strong></span> <span class='ocrx_word' id='word_1_225' title='bbox 743 2885 886 2942; x_wconf 76' lang='lat' dir='ltr'><strong>Feruntur</strong></span> <span class='ocrx_word' id='word_1_226' title='bbox 899 2884 989 2942; x_wconf 91' lang='lat' dir='ltr'><strong>inter·</strong></span> <span class='ocrx_word' id='word_1_227' title='bbox 1043 2884 1146 2941; x_wconf 82' lang='lat' dir='ltr'><strong>divine</strong></span> <span class='ocrx_word' id='word_1_228' title='bbox 1162 2884 1325 2957; x_wconf 66' lang='lat' dir='ltr'><strong>maiestatis</strong></span> <span class='ocrx_word' id='word_1_229' title='bbox 1338 2883 1637 2957; x_wconf 89' lang='lat' dir='ltr'><strong>potentia.Spectetor</strong></span> <span class='ocrx_word' id='word_1_230' title='bbox 1647 2886 1752 2954; x_wconf 91' lang='lat' dir='ltr'><strong>stupet</strong></span> <span class='ocrx_word' id='word_1_231' title='bbox 1764 2881 1861 2938; x_wconf 89' lang='lat' dir='ltr'><strong>attoni·</strong></span> 
     </span>
     <span class='ocr_line' id='line_1_28' title="bbox 163 2937 1862 3045; baseline 0 -19"><span class='ocrx_word' id='word_1_232' title='bbox 163 2985 198 3026; x_wconf 90' lang='lat' dir='ltr'><strong>ea</strong></span> <span class='ocrx_word' id='word_1_233' title='bbox 213 2986 276 3043; x_wconf 83' lang='lat' dir='ltr'><strong>que</strong></span> <span class='ocrx_word' id='word_1_234' title='bbox 293 2974 377 3026; x_wconf 85' lang='lat' dir='ltr'><strong>erent</strong></span> <span class='ocrx_word' id='word_1_235' title='bbox 390 2974 479 3027; x_wconf 83' lang='lat' dir='ltr'><strong>tante</strong></span> <span class='ocrx_word' id='word_1_236' title='bbox 494 2971 671 3028; x_wconf 76' lang='lat' dir='ltr'><strong>dedicationi</strong></span> <span class='ocrx_word' id='word_1_237' title='bbox 695 2973 859 3030; x_wconf 89' lang='lat' dir='ltr'><strong>necessaria</strong></span> <span class='ocrx_word' id='word_1_238' title='bbox 882 2977 911 3030; x_wconf 91' lang='lat' dir='ltr'><strong>et</strong></span> <span class='ocrx_word' id='word_1_239' title='bbox 935 2991 986 3030; x_wconf 88' lang='lat' dir='ltr'><strong>an·</strong></span> <span class='ocrx_word' id='word_1_240' title='bbox 1002 2937 1026 3004; x_wconf 81' lang='grc' dir='ltr'><strong>Β</strong></span> <span class='ocrx_word' id='word_1_241' title='bbox 1041 2972 1216 3043; x_wconf 91' lang='lat' dir='ltr'><strong>tus,nedum</strong></span> <span class='ocrx_word' id='word_1_242' title='bbox 1232 2972 1381 3028; x_wconf 87' lang='lat' dir='ltr'><strong>discedere</strong></span> <span class='ocrx_word' id='word_1_243' title='bbox 1395 2975 1503 3045; x_wconf 86' lang='lat' dir='ltr'><strong>posset,</strong></span> <span class='ocrx_word' id='word_1_244' title='bbox 1512 2968 1706 3045; x_wconf 91' lang='lat' dir='ltr'><strong>permanendi</strong></span> <span class='ocrx_word' id='word_1_245' title='bbox 1718 2969 1862 3027; x_wconf 79' lang='lat' dir='ltr'><strong>ceretvin&#39;·</strong></span> 
     </span>
     <span class='ocr_line' id='line_1_29' title="bbox 163 3057 1860 3134; baseline 0.001 -20"><span class='ocrx_word' id='word_1_246' title='bbox 163 3057 340 3116; x_wconf 81' lang='lat' dir='ltr'><strong>nuntiantur</strong></span> <span class='ocrx_word' id='word_1_247' title='bbox 355 3059 585 3132; x_wconf 84' lang='lat' dir='ltr'><strong>circumquaque</strong></span> <span class='ocrx_word' id='word_1_248' title='bbox 599 3062 787 3118; x_wconf 88' lang='lat' dir='ltr'><strong>manentibus</strong></span> <span class='ocrx_word' id='word_1_249' title='bbox 801 3060 936 3131; x_wconf 86' lang='lat' dir='ltr'><strong>Deicolis,</strong></span> <span class='ocrx_word' id='word_1_250' title='bbox 953 3066 987 3119; x_wconf 91' lang='lat' dir='ltr'><strong>ut</strong></span> <span class='ocrx_word' id='word_1_251' title='bbox 1041 3063 1108 3131; x_wconf 88' lang='lat' dir='ltr'><strong>bus,</strong></span> <span class='ocrx_word' id='word_1_252' title='bbox 1124 3066 1239 3119; x_wconf 89' lang='lat' dir='ltr'><strong>tenetur</strong></span> <span class='ocrx_word' id='word_1_253' title='bbox 1253 3060 1316 3118; x_wconf 90' lang='lat' dir='ltr'><strong>solo</strong></span> <span class='ocrx_word' id='word_1_254' title='bbox 1332 3060 1462 3133; x_wconf 89' lang='lat' dir='ltr'><strong>corporis</strong></span> <span class='ocrx_word' id='word_1_255' title='bbox 1477 3065 1603 3117; x_wconf 90' lang='lat' dir='ltr'><strong>tremore</strong></span> <span class='ocrx_word' id='word_1_256' title='bbox 1619 3059 1666 3116; x_wconf 89' lang='lat' dir='ltr'><strong>sui</strong></span> <span class='ocrx_word' id='word_1_257' title='bbox 1683 3059 1784 3134; x_wconf 88' lang='lat' dir='ltr'><strong>inops,</strong></span> <span class='ocrx_word' id='word_1_258' title='bbox 1799 3076 1860 3134; x_wconf 86' lang='lat' dir='ltr'><strong>apo·</strong></span> 
     </span>
     <span class='ocr_line' id='line_1_30' title="bbox 163 3146 1859 3222; baseline 0.001 -18"><span class='ocrx_word' id='word_1_259' title='bbox 163 3151 303 3205; x_wconf 87' lang='lat' dir='ltr'><strong>accuraut</strong></span> <span class='ocrx_word' id='word_1_260' title='bbox 316 3148 353 3204; x_wconf 90' lang='lat' dir='ltr'><strong>ad</strong></span> <span class='ocrx_word' id='word_1_261' title='bbox 369 3146 531 3206; x_wconf 83' lang='lat' dir='ltr'><strong>ooelestium</strong></span> <span class='ocrx_word' id='word_1_262' title='bbox 547 3148 719 3221; x_wconf 83' lang='lat' dir='ltr'><strong>nuptiarum</strong></span> <span class='ocrx_word' id='word_1_263' title='bbox 735 3149 860 3207; x_wconf 88' lang='lat' dir='ltr'><strong>celebria</strong></span> <span class='ocrx_word' id='word_1_264' title='bbox 879 3149 986 3208; x_wconf 89' lang='lat' dir='ltr'><strong>solem·</strong></span> <span class='ocrx_word' id='word_1_265' title='bbox 1040 3151 1144 3208; x_wconf 89' lang='lat' dir='ltr'><strong>stelico</strong></span> <span class='ocrx_word' id='word_1_266' title='bbox 1168 3155 1242 3207; x_wconf 91' lang='lat' dir='ltr'><strong>nutu</strong></span> <span class='ocrx_word' id='word_1_267' title='bbox 1267 3149 1384 3221; x_wconf 80' lang='lat' dir='ltr'><strong>ligatus.</strong></span> <span class='ocrx_word' id='word_1_268' title='bbox 1407 3149 1437 3205; x_wconf 88' lang='lat' dir='ltr'><strong>Si</strong></span> <span class='ocrx_word' id='word_1_269' title='bbox 1461 3166 1492 3206; x_wconf 89' lang='lat' dir='ltr'><strong>se</strong></span> <span class='ocrx_word' id='word_1_270' title='bbox 1515 3148 1636 3205; x_wconf 89' lang='lat' dir='ltr'><strong>haberet</strong></span> <span class='ocrx_word' id='word_1_271' title='bbox 1658 3147 1689 3205; x_wconf 88' lang='lat' dir='ltr'><strong>in</strong></span> <span class='ocrx_word' id='word_1_272' title='bbox 1717 3166 1772 3207; x_wconf 88' lang='lat' dir='ltr'><strong>suo</strong></span> <span class='ocrx_word' id='word_1_273' title='bbox 1789 3150 1859 3222; x_wconf 85' lang='lat' dir='ltr'><strong>jure,</strong></span> 
     </span>
     <span class='ocr_line' id='line_1_31' title="bbox 163 3236 1858 3312; baseline 0.001 -20"><span class='ocrx_word' id='word_1_274' title='bbox 163 3236 222 3294; x_wconf 86' lang='lat' dir='ltr'><strong>nie.</strong></span> <span class='ocrx_word' id='word_1_275' title='bbox 239 3237 354 3294; x_wconf 87' lang='lat' dir='ltr'><strong>Statum</strong></span> <span class='ocrx_word' id='word_1_276' title='bbox 370 3236 448 3294; x_wconf 89' lang='lat' dir='ltr'><strong>diem</strong></span> <span class='ocrx_word' id='word_1_277' title='bbox 464 3237 603 3309; x_wconf 85' lang='lat' dir='ltr'><strong>praevenit</strong></span> <span class='ocrx_word' id='word_1_278' title='bbox 623 3238 681 3295; x_wconf 89' lang='lat' dir='ltr'><strong>Deo</strong></span> <span class='ocrx_word' id='word_1_279' title='bbox 706 3237 831 3295; x_wconf 86' lang='lat' dir='ltr'><strong>dilectus</strong></span> <span class='ocrx_word' id='word_1_280' title='bbox 856 3240 986 3312; x_wconf 79' lang='lat' dir='ltr'><strong>pontifex</strong></span> <span class='ocrx_word' id='word_1_281' title='bbox 1040 3236 1858 3312; x_wconf 86' lang='lat' dir='ltr'><strong>discessissetutique,sedretineturepostolioisvinculis,</strong></span> 
     </span>
     <span class='ocr_line' id='line_1_32' title="bbox 164 3323 1859 3401; baseline -0.001 -19"><span class='ocrx_word' id='word_1_282' title='bbox 164 3323 306 3392; x_wconf 84' lang='lat' dir='ltr'><strong>Mellitus,</strong></span> <span class='ocrx_word' id='word_1_283' title='bbox 322 3325 469 3399; x_wconf 87' lang='lat' dir='ltr'><strong>longeque</strong></span> <span class='ocrx_word' id='word_1_284' title='bbox 493 3330 696 3383; x_wconf 85' lang='lat' dir='ltr'><strong>aooustruete</strong></span> <span class='ocrx_word' id='word_1_285' title='bbox 717 3326 839 3384; x_wconf 86' lang='lat' dir='ltr'><strong>ecclesie</strong></span> <span class='ocrx_word' id='word_1_286' title='bbox 863 3328 985 3384; x_wconf 91' lang='lat' dir='ltr'><strong>dimidio</strong></span> <span class='ocrx_word' id='word_1_287' title='bbox 1040 3330 1236 3386; x_wconf 91' lang='lat' dir='ltr'><strong>absolvendus</strong></span> <span class='ocrx_word' id='word_1_288' title='bbox 1259 3328 1427 3385; x_wconf 87' lang='lat' dir='ltr'><strong>testimonio</strong></span> <span class='ocrx_word' id='word_1_289' title='bbox 1449 3328 1581 3401; x_wconf 80' lang='lat' dir='ltr'><strong>gloriosa</strong></span> <span class='ocrx_word' id='word_1_290' title='bbox 1595 3326 1732 3384; x_wconf 82' lang='lat' dir='ltr'><strong>visionis.</strong></span> <span class='ocrx_word' id='word_1_291' title='bbox 1750 3330 1859 3385; x_wconf 87' lang='lat' dir='ltr'><strong>Peracto</strong></span> 
     </span>
     <span class='ocr_line' id='line_1_33' title="bbox 161 3412 1859 3490; baseline 0.002 -21"><span class='ocrx_word' id='word_1_292' title='bbox 161 3412 344 3470; x_wconf 88' lang='lat' dir='ltr'><strong>milliarioad</strong></span> <span class='ocrx_word' id='word_1_293' title='bbox 355 3419 591 3487; x_wconf 86' lang='lat' dir='ltr'><strong>vesperasenctae</strong></span> <span class='ocrx_word' id='word_1_294' title='bbox 603 3415 659 3471; x_wconf 91' lang='lat' dir='ltr'><strong>diei</strong></span> <span class='ocrx_word' id='word_1_295' title='bbox 673 3415 986 3474; x_wconf 87' lang='lat' dir='ltr'><strong>tentoriacaudescunt</strong></span> <span class='ocrx_word' id='word_1_296' title='bbox 1039 3419 1075 3475; x_wconf 90' lang='lat' dir='ltr'><strong>ad</strong></span> <span class='ocrx_word' id='word_1_297' title='bbox 1091 3419 1168 3490; x_wconf 93' lang='lat' dir='ltr'><strong>quod</strong></span> <span class='ocrx_word' id='word_1_298' title='bbox 1184 3424 1300 3475; x_wconf 91' lang='lat' dir='ltr'><strong>venerat</strong></span> <span class='ocrx_word' id='word_1_299' title='bbox 1314 3417 1420 3487; x_wconf 83' lang='lat' dir='ltr'><strong>officie,</strong></span> <span class='ocrx_word' id='word_1_300' title='bbox 1429 3418 1465 3473; x_wconf 91' lang='lat' dir='ltr'><strong>ad</strong></span> <span class='ocrx_word' id='word_1_301' title='bbox 1476 3420 1596 3473; x_wconf 68' lang='lat' dir='ltr'><strong>naumm</strong></span> <span class='ocrx_word' id='word_1_302' title='bbox 1612 3433 1702 3472; x_wconf 90' lang='lat' dir='ltr'><strong>suum</strong></span> <span class='ocrx_word' id='word_1_303' title='bbox 1712 3417 1789 3473; x_wconf 91' lang='lat' dir='ltr'><strong>redit</strong></span> <span class='ocrx_word' id='word_1_304' title='bbox 1802 3432 1859 3489; x_wconf 81' lang='lat' dir='ltr'><strong>ape</strong></span> 
     </span>
     <span class='ocr_line' id='line_1_34' title="bbox 161 3502 1857 3579; baseline -0.001 -20"><span class='ocrx_word' id='word_1_305' title='bbox 161 3502 985 3579; x_wconf 81' lang='lat' dir='ltr'><strong>eminus;tumorenim&#39;l&#39;hamesinusobtuderatundique</strong></span> <span class='ocrx_word' id='word_1_306' title='bbox 1039 3508 1131 3564; x_wconf 86' lang='lat' dir='ltr'><strong>stolus</strong></span> <span class='ocrx_word' id='word_1_307' title='bbox 1159 3507 1398 3574; x_wconf 89' lang='lat' dir='ltr'><strong>tremebundum,</strong></span> <span class='ocrx_word' id='word_1_308' title='bbox 1417 3522 1452 3561; x_wconf 91' lang='lat' dir='ltr'><strong>ne</strong></span> <span class='ocrx_word' id='word_1_309' title='bbox 1478 3509 1580 3579; x_wconf 86' lang='lat' dir='ltr'><strong>paveat</strong></span> <span class='ocrx_word' id='word_1_310' title='bbox 1594 3503 1728 3577; x_wconf 87' lang='lat' dir='ltr'><strong>amplius</strong></span> <span class='ocrx_word' id='word_1_311' title='bbox 1752 3502 1857 3561; x_wconf 89' lang='lat' dir='ltr'><strong>blandis</strong></span> 
     </span>
     <span class='ocr_line' id='line_1_35' title="bbox 161 3589 1857 3667; baseline 0.001 -21"><span class='ocrx_word' id='word_1_312' title='bbox 161 3589 362 3646; x_wconf 84' lang='lat' dir='ltr'><strong>&#39;l&#39;bornensem</strong></span> <span class='ocrx_word' id='word_1_313' title='bbox 378 3591 544 3649; x_wconf 88' lang='lat' dir='ltr'><strong>insulemet</strong></span> <span class='ocrx_word' id='word_1_314' title='bbox 559 3593 667 3649; x_wconf 89' lang='lat' dir='ltr'><strong>intrare</strong></span> <span class='ocrx_word' id='word_1_315' title='bbox 682 3592 847 3651; x_wconf 87' lang='lat' dir='ltr'><strong>volentibus</strong></span> <span class='ocrx_word' id='word_1_316' title='bbox 858 3613 916 3652; x_wconf 91' lang='lat' dir='ltr'><strong>non</strong></span> <span class='ocrx_word' id='word_1_317' title='bbox 927 3596 984 3652; x_wconf 88' lang='lat' dir='ltr'><strong>nisi</strong></span> <span class='ocrx_word' id='word_1_318' title='bbox 1038 3598 1142 3653; x_wconf 86' lang='lat' dir='ltr'><strong>suadet</strong></span> <span class='ocrx_word' id='word_1_319' title='bbox 1158 3596 1343 3652; x_wconf 86' lang='lat' dir='ltr'><strong>sermonibus</strong></span> <span class='ocrx_word' id='word_1_320' title='bbox 1360 3613 1367 3650; x_wconf 92' lang='lat'>:</span> <span class='ocrx_word' id='word_1_321' title='bbox 1387 3596 1466 3662; x_wconf 75' lang='lat' dir='ltr'><strong>«Nc,</strong></span> <span class='ocrx_word' id='word_1_322' title='bbox 1482 3594 1705 3667; x_wconf 89' lang='lat' dir='ltr'><strong>inquit,timoas</strong></span> <span class='ocrx_word' id='word_1_323' title='bbox 1722 3593 1857 3667; x_wconf 83' lang='lat' dir='ltr'><strong>superbis</strong></span> 
     </span>
    </p>
   </div>
   <div class='ocr_carea' id='block_1_12' title="bbox 162 3676 1857 3759">
    <p class='ocr_par' dir='ltr' id='par_1_12' title="bbox 162 3676 1857 3759">
     <span class='ocr_line' id='line_1_36' title="bbox 162 3676 1857 3759; baseline 0.001 -25"><span class='ocrx_word' id='word_1_324' title='bbox 162 3676 278 3752; x_wconf 78' lang='lat' dir='ltr'><strong>navigio</strong></span> <span class='ocrx_word' id='word_1_325' title='bbox 293 3678 424 3752; x_wconf 90' lang='lat' dir='ltr'><strong>aliquam</strong></span> <span class='ocrx_word' id='word_1_326' title='bbox 439 3681 593 3738; x_wconf 77' lang='lat' dir='ltr'><strong>affectabat</strong></span> <span class='ocrx_word' id='word_1_327' title='bbox 607 3681 694 3738; x_wconf 90' lang='lat' dir='ltr'><strong>viam.</strong></span> <span class='ocrx_word' id='word_1_328' title='bbox 711 3682 863 3739; x_wconf 87' lang='lat' dir='ltr'><strong>Clauditur</strong></span> <span class='ocrx_word' id='word_1_329' title='bbox 877 3683 983 3741; x_wconf 75' lang='lat' dir='ltr'><strong>coelum</strong></span> <span class='ocrx_word' id='word_1_330' title='bbox 1038 3704 1102 3759; x_wconf 79' lang='lat' dir='ltr'><strong>qua.</strong></span> <span class='ocrx_word' id='word_1_331' title='bbox 1127 3684 1236 3742; x_wconf 90' lang='lat' dir='ltr'><strong>audisti</strong></span> <span class='ocrx_word' id='word_1_332' title='bbox 1250 3688 1278 3741; x_wconf 93' lang='lat' dir='ltr'><strong>et</strong></span> <span class='ocrx_word' id='word_1_333' title='bbox 1290 3684 1400 3753; x_wconf 89' lang='lat' dir='ltr'><strong>vidisti,</strong></span> <span class='ocrx_word' id='word_1_334' title='bbox 1413 3688 1482 3740; x_wconf 89' lang='lat' dir='ltr'><strong>sunt</strong></span> <span class='ocrx_word' id='word_1_335' title='bbox 1504 3683 1582 3740; x_wconf 89' lang='lat' dir='ltr'><strong>enim</strong></span> <span class='ocrx_word' id='word_1_336' title='bbox 1603 3683 1644 3739; x_wconf 91' lang='lat' dir='ltr'><strong>ita</strong></span> <span class='ocrx_word' id='word_1_337' title='bbox 1658 3700 1693 3739; x_wconf 84' lang='lat' dir='ltr'><strong>ex</strong></span> <span class='ocrx_word' id='word_1_338' title='bbox 1717 3683 1857 3741; x_wconf 88' lang='lat' dir='ltr'><strong>voluntate</strong></span> 
     </span>
    </p>
   </div>
   <div class='ocr_carea' id='block_1_13' title="bbox 157 3768 985 4201">
    <p class='ocr_par' dir='ltr' id='par_1_13' title="bbox 157 3768 985 4201">
     <span class='ocr_line' id='line_1_37' title="bbox 161 3768 985 3845; baseline 0.006 -22"><span class='ocrx_word' id='word_1_339' title='bbox 161 3771 306 3824; x_wconf 90' lang='lat' dir='ltr'><strong>nocturna</strong></span> <span class='ocrx_word' id='word_1_340' title='bbox 321 3768 445 3842; x_wconf 81' lang='lat' dir='ltr'><strong>caligine</strong></span> <span class='ocrx_word' id='word_1_341' title='bbox 455 3774 484 3827; x_wconf 91' lang='lat' dir='ltr'><strong>et</strong></span> <span class='ocrx_word' id='word_1_342' title='bbox 494 3769 681 3843; x_wconf 88' lang='lat' dir='ltr'><strong>requiescunt</strong></span> <span class='ocrx_word' id='word_1_343' title='bbox 691 3771 807 3845; x_wconf 80' lang='lat' dir='ltr'><strong>singula</strong></span> <span class='ocrx_word' id='word_1_344' title='bbox 817 3771 932 3829; x_wconf 86' lang='lat' dir='ltr'><strong>ooelitus</strong></span> <span class='ocrx_word' id='word_1_345' title='bbox 942 3772 985 3828; x_wconf 92' lang='lat' dir='ltr'><strong>in-</strong></span> 
     </span>
     <span class='ocr_line' id='line_1_38' title="bbox 162 3854 983 3933; baseline 0.005 -20"><span class='ocrx_word' id='word_1_346' title='bbox 162 3854 244 3913; x_wconf 90' lang='lat' dir='ltr'><strong>dulto</strong></span> <span class='ocrx_word' id='word_1_347' title='bbox 259 3873 373 3930; x_wconf 88' lang='lat' dir='ltr'><strong>sopore,</strong></span> <span class='ocrx_word' id='word_1_348' title='bbox 389 3857 570 3933; x_wconf 85' lang='lat' dir='ltr'><strong>diurnosque</strong></span> <span class='ocrx_word' id='word_1_349' title='bbox 583 3859 697 3916; x_wconf 89' lang='lat' dir='ltr'><strong>labores</strong></span> <span class='ocrx_word' id='word_1_350' title='bbox 712 3865 860 3917; x_wconf 78' lang='lat' dir='ltr'><strong>nocturna</strong></span> <span class='ocrx_word' id='word_1_351' title='bbox 883 3861 983 3919; x_wconf 90' lang='lat' dir='ltr'><strong>absol-</strong></span> 
     </span>
     <span class='ocr_line' id='line_1_39' title="bbox 159 3945 982 4021; baseline 0.009 -20"><span class='ocrx_word' id='word_1_352' title='bbox 159 3949 213 4002; x_wconf 88' lang='lat' dir='ltr'><strong>vat</strong></span> <span class='ocrx_word' id='word_1_353' title='bbox 227 3945 367 4019; x_wconf 80' lang='lat' dir='ltr'><strong>reliquie,</strong></span> <span class='ocrx_word' id='word_1_354' title='bbox 383 3965 451 4006; x_wconf 92' lang='lat' dir='ltr'><strong>oum</strong></span> <span class='ocrx_word' id='word_1_355' title='bbox 467 3948 592 4007; x_wconf 80' lang='lat' dir='ltr'><strong>celestis</strong></span> <span class='ocrx_word' id='word_1_356' title='bbox 605 3948 736 4021; x_wconf 84' lang='lat' dir='ltr'><strong>dignatio</strong></span> <span class='ocrx_word' id='word_1_357' title='bbox 761 3966 879 4007; x_wconf 92' lang='lat' dir='ltr'><strong>omnem</strong></span> <span class='ocrx_word' id='word_1_358' title='bbox 902 3969 982 4009; x_wconf 88' lang='lat' dir='ltr'><strong>acce·</strong></span> 
     </span>
     <span class='ocr_line' id='line_1_40' title="bbox 159 4035 983 4111; baseline 0.01 -22"><span class='ocrx_word' id='word_1_359' title='bbox 159 4037 247 4106; x_wconf 89' lang='lat' dir='ltr'><strong>ptans</strong></span> <span class='ocrx_word' id='word_1_360' title='bbox 262 4035 443 4095; x_wconf 88' lang='lat' dir='ltr'><strong>devotionem</strong></span> <span class='ocrx_word' id='word_1_361' title='bbox 459 4037 581 4096; x_wconf 90' lang='lat' dir='ltr'><strong>humilis</strong></span> <span class='ocrx_word' id='word_1_362' title='bbox 595 4042 624 4095; x_wconf 88' lang='lat' dir='ltr'><strong>et</strong></span> <span class='ocrx_word' id='word_1_363' title='bbox 638 4039 730 4111; x_wconf 90' lang='lat' dir='ltr'><strong>quieti</strong></span> <span class='ocrx_word' id='word_1_364' title='bbox 745 4038 926 4097; x_wconf 89' lang='lat' dir='ltr'><strong>eordisclare</strong></span> <span class='ocrx_word' id='word_1_365' title='bbox 940 4041 983 4097; x_wconf 90' lang='lat' dir='ltr'><strong>in-</strong></span> 
     </span>
     <span class='ocr_line' id='line_1_41' title="bbox 157 4122 981 4201; baseline 0.008 -22"><span class='ocrx_word' id='word_1_366' title='bbox 157 4122 254 4179; x_wconf 87' lang='lat' dir='ltr'><strong>tendit</strong></span> <span class='ocrx_word' id='word_1_367' title='bbox 262 4122 345 4181; x_wconf 89' lang='lat' dir='ltr'><strong>alecti</strong></span> <span class='ocrx_word' id='word_1_368' title='bbox 360 4124 484 4199; x_wconf 80' lang='lat' dir='ltr'><strong>gloriam</strong></span> <span class='ocrx_word' id='word_1_369' title='bbox 492 4126 617 4184; x_wconf 89' lang='lat' dir='ltr'><strong>clientis.</strong></span> <span class='ocrx_word' id='word_1_370' title='bbox 628 4126 744 4197; x_wconf 81' lang='lat' dir='ltr'><strong>Audite,</strong></span> <span class='ocrx_word' id='word_1_371' title='bbox 752 4134 897 4201; x_wconf 65' lang='lat' dir='ltr'><strong>quesnel</strong></span> <span class='ocrx_word' id='word_1_372' title='bbox 910 4146 981 4186; x_wconf 92' lang='lat' dir='ltr'><strong>cun·</strong></span> 
     </span>
    </p>
   </div>
   <div class='ocr_carea' id='block_1_14' title="bbox 1035 3772 1858 4204">
    <p class='ocr_par' dir='ltr' id='par_1_14' title="bbox 1035 3772 1858 4204">
     <span class='ocr_line' id='line_1_42' title="bbox 1037 3772 1855 3847; baseline -0.006 -15"><span class='ocrx_word' id='word_1_373' title='bbox 1037 3774 1164 3847; x_wconf 88' lang='lat' dir='ltr'><strong>Domini,</strong></span> <span class='ocrx_word' id='word_1_374' title='bbox 1180 3774 1311 3847; x_wconf 91' lang='lat' dir='ltr'><strong>mihique</strong></span> <span class='ocrx_word' id='word_1_375' title='bbox 1326 3791 1362 3831; x_wconf 91' lang='lat' dir='ltr'><strong>ue</strong></span> <span class='ocrx_word' id='word_1_376' title='bbox 1375 3773 1492 3830; x_wconf 90' lang='lat' dir='ltr'><strong>dubites</strong></span> <span class='ocrx_word' id='word_1_377' title='bbox 1507 3772 1647 3828; x_wconf 89' lang='lat' dir='ltr'><strong>audilaet</strong></span> <span class='ocrx_word' id='word_1_378' title='bbox 1660 3772 1729 3828; x_wconf 91' lang='lat' dir='ltr'><strong>visa</strong></span> <span class='ocrx_word' id='word_1_379' title='bbox 1743 3773 1855 3838; x_wconf 87' lang='lat' dir='ltr'><strong>edicere,</strong></span> 
     </span>
     <span class='ocr_line' id='line_1_43' title="bbox 1037 3860 1856 3935; baseline -0.007 -13"><span class='ocrx_word' id='word_1_380' title='bbox 1037 3869 1071 3922; x_wconf 95' lang='lat' dir='ltr'><strong>ut</strong></span> <span class='ocrx_word' id='word_1_381' title='bbox 1085 3865 1177 3921; x_wconf 89' lang='lat' dir='ltr'><strong>seiam</strong></span> <span class='ocrx_word' id='word_1_382' title='bbox 1192 3868 1291 3920; x_wconf 89' lang='lat' dir='ltr'><strong>utrum</strong></span> <span class='ocrx_word' id='word_1_383' title='bbox 1303 3863 1438 3920; x_wconf 89' lang='lat' dir='ltr'><strong>obstante</strong></span> <span class='ocrx_word' id='word_1_384' title='bbox 1453 3877 1569 3935; x_wconf 89' lang='lat' dir='ltr'><strong>pavore,</strong></span> <span class='ocrx_word' id='word_1_385' title='bbox 1585 3860 1720 3934; x_wconf 89' lang='lat' dir='ltr'><strong>potueris</strong></span> <span class='ocrx_word' id='word_1_386' title='bbox 1734 3861 1856 3919; x_wconf 85' lang='lat' dir='ltr'><strong>visorum</strong></span> 
     </span>
     <span class='ocr_line' id='line_1_44' title="bbox 1035 3950 1855 4026; baseline -0.009 -16"><span class='ocrx_word' id='word_1_387' title='bbox 1035 3970 1127 4025; x_wconf 78' lang='lat' dir='ltr'><strong>ceper</strong></span> <span class='ocrx_word' id='word_1_388' title='bbox 1143 3969 1206 4010; x_wconf 85' lang='lat' dir='ltr'><strong>esse</strong></span> <span class='ocrx_word' id='word_1_389' title='bbox 1221 3951 1333 4026; x_wconf 91' lang='lat' dir='ltr'><strong>etquid</strong></span> <span class='ocrx_word' id='word_1_390' title='bbox 1350 3955 1444 4025; x_wconf 87' lang='lat' dir='ltr'><strong>perte</strong></span> <span class='ocrx_word' id='word_1_391' title='bbox 1460 3950 1606 4007; x_wconf 90' lang='lat' dir='ltr'><strong>notaveris</strong></span> <span class='ocrx_word' id='word_1_392' title='bbox 1621 3952 1739 4024; x_wconf 78' lang='lat' dir='ltr'><strong>gestam</strong></span> <span class='ocrx_word' id='word_1_393' title='bbox 1756 3967 1816 4007; x_wconf 88' lang='lat' dir='ltr'><strong>rem</strong></span> <span class='ocrx_word' id='word_1_394' title='bbox 1830 3952 1855 4005; x_wconf 90' lang='lat' dir='ltr'><strong>et</strong></span> 
     </span>
     <span class='ocr_line' id='line_1_45' title="bbox 1037 4036 1857 4115; baseline -0.007 -16"><span class='ocrx_word' id='word_1_395' title='bbox 1037 4047 1165 4099; x_wconf 88' lang='lat' dir='ltr'><strong>actorem</strong></span> <span class='ocrx_word' id='word_1_396' title='bbox 1191 4041 1366 4115; x_wconf 80' lang='lat' dir='ltr'><strong>significare.</strong></span> <span class='ocrx_word' id='word_1_397' title='bbox 1389 4062 1403 4091; x_wconf 78' lang='lat' dir='ltr'><strong>a</strong></span> <span class='ocrx_word' id='word_1_398' title='bbox 1430 4040 1555 4097; x_wconf 75' lang='lat' dir='ltr'><strong>[tecente</strong></span> <span class='ocrx_word' id='word_1_399' title='bbox 1578 4036 1695 4095; x_wconf 92' lang='lat' dir='ltr'><strong>dulcius</strong></span> <span class='ocrx_word' id='word_1_400' title='bbox 1721 4037 1857 4113; x_wconf 89' lang='lat' dir='ltr'><strong>apostolo,</strong></span> 
     </span>
     <span class='ocr_line' id='line_1_46' title="bbox 1036 4126 1858 4204; baseline -0.005 -17"><span class='ocrx_word' id='word_1_401' title='bbox 1036 4148 1126 4204; x_wconf 89' lang='lat' dir='ltr'><strong>pavor</strong></span> <span class='ocrx_word' id='word_1_402' title='bbox 1136 4129 1283 4202; x_wconf 77' lang='lat' dir='ltr'><strong>ebJ&#39;ioitur,</strong></span> <span class='ocrx_word' id='word_1_403' title='bbox 1291 4129 1399 4185; x_wconf 85' lang='lat' dir='ltr'><strong>fiducia</strong></span> <span class='ocrx_word' id='word_1_404' title='bbox 1411 4126 1551 4202; x_wconf 88' lang='lat' dir='ltr'><strong>loquendi</strong></span> <span class='ocrx_word' id='word_1_405' title='bbox 1561 4126 1725 4197; x_wconf 89' lang='lat' dir='ltr'><strong>inducitur,</strong></span> <span class='ocrx_word' id='word_1_406' title='bbox 1735 4127 1858 4185; x_wconf 79' lang='lat' dir='ltr'><strong>tandem</strong></span> 
     </span>
    </p>
   </div>
   <div class='ocr_carea' id='block_1_15' title="bbox 146 4209 1859 5535">
    <p class='ocr_par' dir='ltr' id='par_1_15' title="bbox 146 4209 1859 5535">
     <span class='ocr_line' id='line_1_47' title="bbox 160 4209 1859 4294; baseline 0.001 -27"><span class='ocrx_word' id='word_1_407' title='bbox 160 4209 217 4269; x_wconf 88' lang='lat' dir='ltr'><strong>atis</strong></span> <span class='ocrx_word' id='word_1_408' title='bbox 235 4212 384 4271; x_wconf 85' lang='lat' dir='ltr'><strong>mentibus</strong></span> <span class='ocrx_word' id='word_1_409' title='bbox 398 4215 538 4290; x_wconf 89' lang='lat' dir='ltr'><strong>percipite</strong></span> <span class='ocrx_word' id='word_1_410' title='bbox 551 4232 641 4288; x_wconf 92' lang='lat' dir='ltr'><strong>quam</strong></span> <span class='ocrx_word' id='word_1_411' title='bbox 657 4215 778 4273; x_wconf 90' lang='lat' dir='ltr'><strong>sublimi</strong></span> <span class='ocrx_word' id='word_1_412' title='bbox 793 4220 983 4292; x_wconf 79' lang='lat' dir='ltr'><strong>prerogativa</strong></span> <span class='ocrx_word' id='word_1_413' title='bbox 1037 4238 1094 4294; x_wconf 89' lang='lat' dir='ltr'><strong>qua</strong></span> <span class='ocrx_word' id='word_1_414' title='bbox 1109 4219 1268 4293; x_wconf 88' lang='lat' dir='ltr'><strong>resumptis</strong></span> <span class='ocrx_word' id='word_1_415' title='bbox 1278 4217 1400 4288; x_wconf 85' lang='lat' dir='ltr'><strong>viribus,</strong></span> <span class='ocrx_word' id='word_1_416' title='bbox 1410 4219 1446 4275; x_wconf 89' lang='lat' dir='ltr'><strong>ad</strong></span> <span class='ocrx_word' id='word_1_417' title='bbox 1454 4233 1627 4293; x_wconf 89' lang='lat' dir='ltr'><strong>responsum</strong></span> <span class='ocrx_word' id='word_1_418' title='bbox 1634 4215 1768 4290; x_wconf 89' lang='lat' dir='ltr'><strong>piscator</strong></span> <span class='ocrx_word' id='word_1_419' title='bbox 1777 4212 1859 4274; x_wconf 74' lang='lat' dir='ltr'><strong>meol-</strong></span> 
     </span>
     <span class='ocr_line' id='line_1_48' title="bbox 159 4299 1858 4379; baseline 0.001 -22"><span class='ocrx_word' id='word_1_420' title='bbox 159 4299 361 4358; x_wconf 68' lang='lat' dir='ltr'><strong>&#39;thornensem</strong></span> <span class='ocrx_word' id='word_1_421' title='bbox 384 4302 512 4361; x_wconf 89' lang='lat' dir='ltr'><strong>insulem</strong></span> <span class='ocrx_word' id='word_1_422' title='bbox 540 4304 676 4378; x_wconf 89' lang='lat' dir='ltr'><strong>princeps</strong></span> <span class='ocrx_word' id='word_1_423' title='bbox 700 4306 899 4379; x_wconf 86' lang='lat' dir='ltr'><strong>apostolorum</strong></span> <span class='ocrx_word' id='word_1_424' title='bbox 924 4308 980 4364; x_wconf 87' lang='lat' dir='ltr'><strong>eibi</strong></span> <span class='ocrx_word' id='word_1_425' title='bbox 995 4308 1017 4376; x_wconf 81' lang='lat' dir='ltr'>C</span> <span class='ocrx_word' id='word_1_426' title='bbox 1035 4309 1132 4365; x_wconf 90' lang='lat' dir='ltr'><strong>vitur:</strong></span> <span class='ocrx_word' id='word_1_427' title='bbox 1152 4331 1166 4360; x_wconf 79' lang='lat' dir='ltr'><strong>a</strong></span> <span class='ocrx_word' id='word_1_428' title='bbox 1181 4307 1396 4372; x_wconf 85' lang='lat' dir='ltr'><strong>Licet,domine</strong></span> <span class='ocrx_word' id='word_1_429' title='bbox 1410 4306 1461 4379; x_wconf 90' lang='lat' dir='ltr'><strong>mi,</strong></span> <span class='ocrx_word' id='word_1_430' title='bbox 1469 4305 1621 4363; x_wconf 90' lang='lat' dir='ltr'><strong>scientiam</strong></span> <span class='ocrx_word' id='word_1_431' title='bbox 1637 4304 1858 4379; x_wconf 79' lang='lat' dir='ltr'><strong>meamgmndis</strong></span> 
     </span>
     <span class='ocr_line' id='line_1_49' title="bbox 158 4387 1857 4468; baseline 0.001 -23"><span class='ocrx_word' id='word_1_432' title='bbox 158 4387 297 4463; x_wconf 82' lang='lat' dir='ltr'><strong>dignatus</strong></span> <span class='ocrx_word' id='word_1_433' title='bbox 312 4389 352 4448; x_wconf 91' lang='lat' dir='ltr'><strong>sit</strong></span> <span class='ocrx_word' id='word_1_434' title='bbox 371 4408 542 4449; x_wconf 87' lang='lat' dir='ltr'><strong>consecrare</strong></span> <span class='ocrx_word' id='word_1_435' title='bbox 556 4399 585 4450; x_wconf 91' lang='lat' dir='ltr'><strong>et</strong></span> <span class='ocrx_word' id='word_1_436' title='bbox 598 4410 687 4466; x_wconf 90' lang='lat' dir='ltr'><strong>quam</strong></span> <span class='ocrx_word' id='word_1_437' title='bbox 712 4395 888 4452; x_wconf 82' lang='lat' dir='ltr'><strong>fiducialiter</strong></span> <span class='ocrx_word' id='word_1_438' title='bbox 902 4395 932 4451; x_wconf 91' lang='lat' dir='ltr'><strong>in</strong></span> <span class='ocrx_word' id='word_1_439' title='bbox 947 4413 981 4453; x_wconf 91' lang='lat' dir='ltr'><strong>ea</strong></span> <span class='ocrx_word' id='word_1_440' title='bbox 1036 4396 1191 4456; x_wconf 85' lang='lat' dir='ltr'><strong>excesserit</strong></span> <span class='ocrx_word' id='word_1_441' title='bbox 1204 4395 1451 4467; x_wconf 84' lang='lat' dir='ltr'><strong>visio,tejubente</strong></span> <span class='ocrx_word' id='word_1_442' title='bbox 1461 4395 1556 4452; x_wconf 89' lang='lat' dir='ltr'><strong>dicem</strong></span> <span class='ocrx_word' id='word_1_443' title='bbox 1568 4393 1646 4468; x_wconf 93' lang='lat' dir='ltr'><strong>quod</strong></span> <span class='ocrx_word' id='word_1_444' title='bbox 1657 4393 1857 4450; x_wconf 87' lang='lat' dir='ltr'><strong>sentio.Voces</strong></span> 
     </span>
     <span class='ocr_line' id='line_1_50' title="bbox 157 4477 1856 4557; baseline -0.001 -21"><span class='ocrx_word' id='word_1_445' title='bbox 157 4477 216 4536; x_wconf 88' lang='lat' dir='ltr'><strong>Deo</strong></span> <span class='ocrx_word' id='word_1_446' title='bbox 239 4478 397 4538; x_wconf 87' lang='lat' dir='ltr'><strong>servientes</strong></span> <span class='ocrx_word' id='word_1_447' title='bbox 422 4482 487 4553; x_wconf 86' lang='lat' dir='ltr'><strong>ejus</strong></span> <span class='ocrx_word' id='word_1_448' title='bbox 509 4481 634 4538; x_wconf 90' lang='lat' dir='ltr'><strong>debeant</strong></span> <span class='ocrx_word' id='word_1_449' title='bbox 657 4482 797 4555; x_wconf 78' lang='lat' dir='ltr'><strong>sutfragia</strong></span> <span class='ocrx_word' id='word_1_450' title='bbox 812 4483 978 4557; x_wconf 89' lang='lat' dir='ltr'><strong>implorare.</strong></span> <span class='ocrx_word' id='word_1_451' title='bbox 1035 4486 1217 4544; x_wconf 87' lang='lat' dir='ltr'><strong>cantantium</strong></span> <span class='ocrx_word' id='word_1_452' title='bbox 1250 4485 1324 4540; x_wconf 89' lang='lat' dir='ltr'><strong>mira</strong></span> <span class='ocrx_word' id='word_1_453' title='bbox 1371 4483 1513 4541; x_wconf 89' lang='lat' dir='ltr'><strong>suavitate</strong></span> <span class='ocrx_word' id='word_1_454' title='bbox 1547 4481 1657 4549; x_wconf 91' lang='lat' dir='ltr'><strong>audivi,</strong></span> <span class='ocrx_word' id='word_1_455' title='bbox 1692 4480 1856 4540; x_wconf 85' lang='lat' dir='ltr'><strong>claritatem</strong></span> 
     </span>
     <span class='ocr_line' id='line_1_51' title="bbox 157 4566 1857 4649; baseline 0.002 -26"><span class='ocrx_word' id='word_1_456' title='bbox 157 4566 311 4636; x_wconf 88' lang='lat' dir='ltr'><strong>Omnibus,</strong></span> <span class='ocrx_word' id='word_1_457' title='bbox 328 4574 360 4625; x_wconf 95' lang='lat' dir='ltr'><strong>ut</strong></span> <span class='ocrx_word' id='word_1_458' title='bbox 383 4570 495 4626; x_wconf 89' lang='lat' dir='ltr'><strong>dictum</strong></span> <span class='ocrx_word' id='word_1_459' title='bbox 517 4575 571 4639; x_wconf 88' lang='lat' dir='ltr'><strong>cst,</strong></span> <span class='ocrx_word' id='word_1_460' title='bbox 588 4587 701 4627; x_wconf 89' lang='lat' dir='ltr'><strong>somme</strong></span> <span class='ocrx_word' id='word_1_461' title='bbox 723 4573 881 4644; x_wconf 85' lang='lat' dir='ltr'><strong>oppressis,</strong></span> <span class='ocrx_word' id='word_1_462' title='bbox 898 4574 981 4631; x_wconf 90' lang='lat' dir='ltr'><strong>adest</strong></span> <span class='ocrx_word' id='word_1_463' title='bbox 1035 4574 1134 4649; x_wconf 81' lang='lat' dir='ltr'><strong>magni</strong></span> <span class='ocrx_word' id='word_1_464' title='bbox 1165 4572 1286 4630; x_wconf 90' lang='lat' dir='ltr'><strong>luminis</strong></span> <span class='ocrx_word' id='word_1_465' title='bbox 1318 4573 1388 4642; x_wconf 91' lang='lat' dir='ltr'><strong>vidi,</strong></span> <span class='ocrx_word' id='word_1_466' title='bbox 1422 4576 1451 4630; x_wconf 91' lang='lat' dir='ltr'><strong>et</strong></span> <span class='ocrx_word' id='word_1_467' title='bbox 1483 4573 1519 4629; x_wconf 89' lang='lat' dir='ltr'><strong>ed</strong></span> <span class='ocrx_word' id='word_1_468' title='bbox 1554 4571 1625 4639; x_wconf 76' lang='lat' dir='ltr'><strong>heo,</strong></span> <span class='ocrx_word' id='word_1_469' title='bbox 1659 4569 1741 4628; x_wconf 86' lang='lat' dir='ltr'><strong>ultra</strong></span> <span class='ocrx_word' id='word_1_470' title='bbox 1775 4585 1857 4645; x_wconf 87' lang='lat' dir='ltr'><strong>quam</strong></span> 
     </span>
     <span class='ocr_line' id='line_1_52' title="bbox 156 4653 1857 4733; baseline 0.001 -21"><span class='ocrx_word' id='word_1_471' title='bbox 156 4653 219 4730; x_wconf 89' lang='lat' dir='ltr'><strong>ipse</strong></span> <span class='ocrx_word' id='word_1_472' title='bbox 235 4661 336 4730; x_wconf 89' lang='lat' dir='ltr'><strong>pastor</strong></span> <span class='ocrx_word' id='word_1_473' title='bbox 351 4662 450 4716; x_wconf 89' lang='lat' dir='ltr'><strong>noster</strong></span> <span class='ocrx_word' id='word_1_474' title='bbox 464 4660 567 4716; x_wconf 88' lang='lat' dir='ltr'><strong>beatus</strong></span> <span class='ocrx_word' id='word_1_475' title='bbox 584 4659 792 4732; x_wconf 87' lang='lat' dir='ltr'><strong>Petrus,super</strong></span> <span class='ocrx_word' id='word_1_476' title='bbox 803 4660 896 4733; x_wconf 91' lang='lat' dir='ltr'><strong>ripam</strong></span> <span class='ocrx_word' id='word_1_477' title='bbox 907 4663 981 4721; x_wconf 82' lang='lat' dir='ltr'><strong>Tha·</strong></span> <span class='ocrx_word' id='word_1_478' title='bbox 1034 4665 1138 4733; x_wconf 87' lang='lat' dir='ltr'><strong>sciam,</strong></span> <span class='ocrx_word' id='word_1_479' title='bbox 1166 4662 1297 4720; x_wconf 84' lang='lat' dir='ltr'><strong>extimui.</strong></span> <span class='ocrx_word' id='word_1_480' title='bbox 1327 4664 1371 4719; x_wconf 79' lang='lat' dir='ltr'><strong>&#39;lu</strong></span> <span class='ocrx_word' id='word_1_481' title='bbox 1395 4679 1472 4730; x_wconf 90' lang='lat' dir='ltr'><strong>vero,</strong></span> <span class='ocrx_word' id='word_1_482' title='bbox 1498 4659 1615 4717; x_wconf 91' lang='lat' dir='ltr'><strong>domine</strong></span> <span class='ocrx_word' id='word_1_483' title='bbox 1648 4658 1700 4725; x_wconf 90' lang='lat' dir='ltr'><strong>mi,</strong></span> <span class='ocrx_word' id='word_1_484' title='bbox 1727 4658 1798 4732; x_wconf 91' lang='lat' dir='ltr'><strong>quis</strong></span> <span class='ocrx_word' id='word_1_485' title='bbox 1818 4655 1857 4714; x_wconf 87' lang='lat' dir='ltr'><strong>vel</strong></span> 
     </span>
     <span class='ocr_line' id='line_1_53' title="bbox 146 4746 1858 4827; baseline 0.001 -25"><span class='ocrx_word' id='word_1_486' title='bbox 146 4747 260 4816; x_wconf 79' lang='lat' dir='ltr'><strong>misia,</strong></span> <span class='ocrx_word' id='word_1_487' title='bbox 276 4747 371 4804; x_wconf 88' lang='lat' dir='ltr'><strong>visum</strong></span> <span class='ocrx_word' id='word_1_488' title='bbox 388 4747 418 4804; x_wconf 89' lang='lat' dir='ltr'><strong>in</strong></span> <span class='ocrx_word' id='word_1_489' title='bbox 434 4747 491 4805; x_wconf 90' lang='lat' dir='ltr'><strong>alia</strong></span> <span class='ocrx_word' id='word_1_490' title='bbox 506 4747 585 4804; x_wconf 76' lang='lat' dir='ltr'><strong>lluvd</strong></span> <span class='ocrx_word' id='word_1_491' title='bbox 601 4753 681 4820; x_wconf 91' lang='lat' dir='ltr'><strong>parte</strong></span> <span class='ocrx_word' id='word_1_492' title='bbox 696 4749 872 4822; x_wconf 87' lang='lat' dir='ltr'><strong>piscatorem</strong></span> <span class='ocrx_word' id='word_1_493' title='bbox 889 4751 980 4809; x_wconf 90' lang='lat' dir='ltr'><strong>incla-</strong></span> <span class='ocrx_word' id='word_1_494' title='bbox 1034 4753 1105 4827; x_wconf 91' lang='lat' dir='ltr'><strong>quid</strong></span> <span class='ocrx_word' id='word_1_495' title='bbox 1129 4753 1170 4809; x_wconf 93' lang='lat' dir='ltr'><strong>sis</strong></span> <span class='ocrx_word' id='word_1_496' title='bbox 1196 4752 1304 4808; x_wconf 88' lang='lat' dir='ltr'><strong>certius</strong></span> <span class='ocrx_word' id='word_1_497' title='bbox 1328 4751 1437 4819; x_wconf 88' lang='lat' dir='ltr'><strong>nescio,</strong></span> <span class='ocrx_word' id='word_1_498' title='bbox 1464 4751 1514 4807; x_wconf 89' lang='lat' dir='ltr'><strong>aed</strong></span> <span class='ocrx_word' id='word_1_499' title='bbox 1549 4746 1662 4821; x_wconf 90' lang='lat' dir='ltr'><strong>aliquid</strong></span> <span class='ocrx_word' id='word_1_500' title='bbox 1697 4747 1771 4804; x_wconf 89' lang='lat' dir='ltr'><strong>boni</strong></span> <span class='ocrx_word' id='word_1_501' title='bbox 1800 4761 1858 4804; x_wconf 87' lang='lat' dir='ltr'><strong>esse</strong></span> 
     </span>
     <span class='ocr_line' id='line_1_54' title="bbox 156 4834 1858 4914; baseline 0.003 -24"><span class='ocrx_word' id='word_1_502' title='bbox 156 4839 218 4891; x_wconf 91' lang='lat' dir='ltr'><strong>mat</strong></span> <span class='ocrx_word' id='word_1_503' title='bbox 232 4835 268 4892; x_wconf 88' lang='lat' dir='ltr'><strong>ad</strong></span> <span class='ocrx_word' id='word_1_504' title='bbox 284 4853 315 4894; x_wconf 89' lang='lat' dir='ltr'><strong>se</strong></span> <span class='ocrx_word' id='word_1_505' title='bbox 329 4838 437 4907; x_wconf 91' lang='lat' dir='ltr'><strong>venire,</strong></span> <span class='ocrx_word' id='word_1_506' title='bbox 454 4838 504 4911; x_wconf 90' lang='lat' dir='ltr'><strong>qui</strong></span> <span class='ocrx_word' id='word_1_507' title='bbox 520 4838 545 4892; x_wconf 88' lang='lat' dir='ltr'><strong>ei</strong></span> <span class='ocrx_word' id='word_1_508' title='bbox 559 4837 646 4893; x_wconf 89' lang='lat' dir='ltr'><strong>vellet</strong></span> <span class='ocrx_word' id='word_1_509' title='bbox 660 4841 688 4894; x_wconf 90' lang='lat' dir='ltr'><strong>st</strong></span> <span class='ocrx_word' id='word_1_510' title='bbox 702 4837 731 4892; x_wconf 91' lang='lat' dir='ltr'><strong>in</strong></span> <span class='ocrx_word' id='word_1_511' title='bbox 746 4836 811 4910; x_wconf 89' lang='lat' dir='ltr'><strong>ipsa</strong></span> <span class='ocrx_word' id='word_1_512' title='bbox 825 4837 922 4896; x_wconf 89' lang='lat' dir='ltr'><strong>insula</strong></span> <span class='ocrx_word' id='word_1_513' title='bbox 933 4858 981 4914; x_wconf 91' lang='lat' dir='ltr'><strong>po·</strong></span> <span class='ocrx_word' id='word_1_514' title='bbox 1034 4849 1062 4900; x_wconf 89' lang='lat' dir='ltr'><strong>te</strong></span> <span class='ocrx_word' id='word_1_515' title='bbox 1074 4842 1195 4898; x_wconf 88' lang='lat' dir='ltr'><strong>credens</strong></span> <span class='ocrx_word' id='word_1_516' title='bbox 1211 4858 1270 4896; x_wconf 93' lang='lat' dir='ltr'><strong>non</strong></span> <span class='ocrx_word' id='word_1_517' title='bbox 1285 4840 1395 4897; x_wconf 91' lang='lat' dir='ltr'><strong>dubito.</strong></span> <span class='ocrx_word' id='word_1_518' title='bbox 1410 4863 1424 4891; x_wconf 92' lang='lat'>»</span> <span class='ocrx_word' id='word_1_519' title='bbox 1438 4841 1519 4896; x_wconf 83' lang='lat' dir='ltr'><strong>Tunc</strong></span> <span class='ocrx_word' id='word_1_520' title='bbox 1535 4835 1686 4911; x_wconf 88' lang='lat' dir='ltr'><strong>apostolus</strong></span> <span class='ocrx_word' id='word_1_521' title='bbox 1701 4834 1858 4909; x_wconf 81' lang='lat' dir='ltr'><strong>siereeepit</strong></span> 
     </span>
     <span class='ocr_line' id='line_1_55' title="bbox 155 4923 1858 5000; baseline -0.001 -21"><span class='ocrx_word' id='word_1_522' title='bbox 155 4925 231 4980; x_wconf 87' lang='lat' dir='ltr'><strong>teret</strong></span> <span class='ocrx_word' id='word_1_523' title='bbox 256 4925 415 4998; x_wconf 89' lang='lat' dir='ltr'><strong>aperuisse.</strong></span> <span class='ocrx_word' id='word_1_524' title='bbox 442 4927 498 4983; x_wconf 87' lang='lat' dir='ltr'><strong>Sed</strong></span> <span class='ocrx_word' id='word_1_525' title='bbox 523 4925 624 4995; x_wconf 87' lang='lat' dir='ltr'><strong>voluit,</strong></span> <span class='ocrx_word' id='word_1_526' title='bbox 650 4931 684 4983; x_wconf 94' lang='lat' dir='ltr'><strong>ut</strong></span> <span class='ocrx_word' id='word_1_527' title='bbox 713 4927 848 4996; x_wconf 85' lang='lat' dir='ltr'><strong>arbitror,</strong></span> <span class='ocrx_word' id='word_1_528' title='bbox 874 4932 979 4986; x_wconf 88' lang='lat' dir='ltr'><strong>testem</strong></span> <span class='ocrx_word' id='word_1_529' title='bbox 1034 4931 1229 4986; x_wconf 87' lang='lat' dir='ltr'><strong>confitentem.</strong></span> <span class='ocrx_word' id='word_1_530' title='bbox 1247 4929 1379 4997; x_wconf 86' lang='lat' dir='ltr'><strong>«Quem,</strong></span> <span class='ocrx_word' id='word_1_531' title='bbox 1397 4928 1502 5000; x_wconf 92' lang='lat' dir='ltr'><strong>inquit,</strong></span> <span class='ocrx_word' id='word_1_532' title='bbox 1519 4925 1720 4984; x_wconf 91' lang='lat' dir='ltr'><strong>bonumbene</strong></span> <span class='ocrx_word' id='word_1_533' title='bbox 1737 4923 1858 4998; x_wconf 85' lang='lat' dir='ltr'><strong>percipis</strong></span> 
     </span>
     <span class='ocr_line' id='line_1_56' title="bbox 155 5009 1857 5090; baseline -0.001 -23"><span class='ocrx_word' id='word_1_534' title='bbox 155 5009 263 5069; x_wconf 89' lang='lat' dir='ltr'><strong>habere</strong></span> <span class='ocrx_word' id='word_1_535' title='bbox 279 5014 376 5086; x_wconf 90' lang='lat' dir='ltr'><strong>operis</strong></span> <span class='ocrx_word' id='word_1_536' title='bbox 391 5016 494 5088; x_wconf 85' lang='lat' dir='ltr'><strong>agendi</strong></span> <span class='ocrx_word' id='word_1_537' title='bbox 512 5014 660 5072; x_wconf 89' lang='lat' dir='ltr'><strong>hominem</strong></span> <span class='ocrx_word' id='word_1_538' title='bbox 672 5014 759 5071; x_wconf 79' lang='lat' dir='ltr'><strong>oflicii</strong></span> <span class='ocrx_word' id='word_1_539' title='bbox 775 5016 832 5086; x_wconf 89' lang='lat' dir='ltr'><strong>sui,</strong></span> <span class='ocrx_word' id='word_1_540' title='bbox 845 5019 923 5074; x_wconf 89' lang='lat' dir='ltr'><strong>unde</strong></span> <span class='ocrx_word' id='word_1_541' title='bbox 933 5019 979 5075; x_wconf 90' lang='lat' dir='ltr'><strong>bis</strong></span> <span class='ocrx_word' id='word_1_542' title='bbox 1033 5018 1162 5090; x_wconf 89' lang='lat' dir='ltr'><strong>apertius</strong></span> <span class='ocrx_word' id='word_1_543' title='bbox 1177 5016 1315 5089; x_wconf 84' lang='lat' dir='ltr'><strong>intellige,</strong></span> <span class='ocrx_word' id='word_1_544' title='bbox 1328 5032 1392 5088; x_wconf 75' lang='lat' dir='ltr'><strong>que</strong></span> <span class='ocrx_word' id='word_1_545' title='bbox 1407 5010 1857 5086; x_wconf 79' lang='lat' dir='ltr'><strong>etiamexponesaliis.Egosum</strong></span> 
     </span>
     <span class='ocr_line' id='line_1_57' title="bbox 155 5099 1856 5178; baseline 0 -22"><span class='ocrx_word' id='word_1_546' title='bbox 155 5103 259 5172; x_wconf 90' lang='lat' dir='ltr'><strong>terque</strong></span> <span class='ocrx_word' id='word_1_547' title='bbox 272 5101 398 5158; x_wconf 89' lang='lat' dir='ltr'><strong>accitum</strong></span> <span class='ocrx_word' id='word_1_548' title='bbox 414 5103 588 5176; x_wconf 87' lang='lat' dir='ltr'><strong>piscatorem</strong></span> <span class='ocrx_word' id='word_1_549' title='bbox 604 5104 692 5160; x_wconf 90' lang='lat' dir='ltr'><strong>babet</strong></span> <span class='ocrx_word' id='word_1_550' title='bbox 702 5120 768 5159; x_wconf 90' lang='lat' dir='ltr'><strong>cum</strong></span> <span class='ocrx_word' id='word_1_551' title='bbox 782 5105 858 5160; x_wconf 90' lang='lat' dir='ltr'><strong>navi.</strong></span> <span class='ocrx_word' id='word_1_552' title='bbox 870 5107 980 5164; x_wconf 90' lang='lat' dir='ltr'><strong>Tradu-</strong></span> <span class='ocrx_word' id='word_1_553' title='bbox 1033 5105 1138 5162; x_wconf 83' lang='lat' dir='ltr'><strong>Christi</strong></span> <span class='ocrx_word' id='word_1_554' title='bbox 1148 5104 1298 5178; x_wconf 87' lang='lat' dir='ltr'><strong>apostolus</strong></span> <span class='ocrx_word' id='word_1_555' title='bbox 1309 5104 1560 5174; x_wconf 88' lang='lat' dir='ltr'><strong>Petrus,cuiheno</strong></span> <span class='ocrx_word' id='word_1_556' title='bbox 1571 5099 1728 5159; x_wconf 89' lang='lat' dir='ltr'><strong>ecclesiam</strong></span> <span class='ocrx_word' id='word_1_557' title='bbox 1738 5099 1856 5157; x_wconf 84' lang='lat' dir='ltr'><strong>lubrica·</strong></span> 
     </span>
     <span class='ocr_line' id='line_1_58' title="bbox 156 5187 1857 5265; baseline 0.002 -23"><span class='ocrx_word' id='word_1_558' title='bbox 156 5187 196 5243; x_wconf 86' lang='lat' dir='ltr'><strong>eit</strong></span> <span class='ocrx_word' id='word_1_559' title='bbox 210 5189 329 5244; x_wconf 90' lang='lat' dir='ltr'><strong>tandem</strong></span> <span class='ocrx_word' id='word_1_560' title='bbox 343 5195 491 5261; x_wconf 89' lang='lat' dir='ltr'><strong>petentem</strong></span> <span class='ocrx_word' id='word_1_561' title='bbox 507 5190 674 5265; x_wconf 91' lang='lat' dir='ltr'><strong>apostolum</strong></span> <span class='ocrx_word' id='word_1_562' title='bbox 690 5208 748 5247; x_wconf 91' lang='lat' dir='ltr'><strong>non</strong></span> <span class='ocrx_word' id='word_1_563' title='bbox 764 5192 827 5249; x_wconf 87' lang='lat' dir='ltr'><strong>sine</strong></span> <span class='ocrx_word' id='word_1_564' title='bbox 848 5195 979 5253; x_wconf 86' lang='lat' dir='ltr'><strong>admira·</strong></span> <span class='ocrx_word' id='word_1_565' title='bbox 1032 5197 1074 5252; x_wconf 93' lang='lat' dir='ltr'><strong>vit</strong></span> <span class='ocrx_word' id='word_1_566' title='bbox 1096 5195 1169 5251; x_wconf 92' lang='lat' dir='ltr'><strong>mibi</strong></span> <span class='ocrx_word' id='word_1_567' title='bbox 1193 5194 1243 5251; x_wconf 86' lang='lat' dir='ltr'><strong>ille</strong></span> <span class='ocrx_word' id='word_1_568' title='bbox 1273 5212 1356 5251; x_wconf 91' lang='lat' dir='ltr'><strong>meus</strong></span> <span class='ocrx_word' id='word_1_569' title='bbox 1386 5193 1499 5250; x_wconf 88' lang='lat' dir='ltr'><strong>amicus</strong></span> <span class='ocrx_word' id='word_1_570' title='bbox 1522 5193 1671 5263; x_wconf 87' lang='lat' dir='ltr'><strong>Sebertus,</strong></span> <span class='ocrx_word' id='word_1_571' title='bbox 1696 5206 1752 5263; x_wconf 89' lang='lat' dir='ltr'><strong>pro</strong></span> <span class='ocrx_word' id='word_1_572' title='bbox 1778 5189 1857 5262; x_wconf 79' lang='lat' dir='ltr'><strong>eujus</strong></span> 
     </span>
     <span class='ocr_line' id='line_1_59' title="bbox 156 5276 1856 5356; baseline 0.002 -25"><span class='ocrx_word' id='word_1_573' title='bbox 156 5276 236 5333; x_wconf 89' lang='lat' dir='ltr'><strong>tione</strong></span> <span class='ocrx_word' id='word_1_574' title='bbox 257 5279 367 5347; x_wconf 87' lang='lat' dir='ltr'><strong>tamen,</strong></span> <span class='ocrx_word' id='word_1_575' title='bbox 388 5280 438 5353; x_wconf 93' lang='lat' dir='ltr'><strong>qui</strong></span> <span class='ocrx_word' id='word_1_576' title='bbox 462 5280 581 5354; x_wconf 83' lang='lat' dir='ltr'><strong>ignotus</strong></span> <span class='ocrx_word' id='word_1_577' title='bbox 599 5280 648 5336; x_wconf 91' lang='lat' dir='ltr'><strong>ille</strong></span> <span class='ocrx_word' id='word_1_578' title='bbox 671 5285 699 5336; x_wconf 90' lang='lat' dir='ltr'><strong>et</strong></span> <span class='ocrx_word' id='word_1_579' title='bbox 721 5280 823 5338; x_wconf 89' lang='lat' dir='ltr'><strong>inille</strong></span> <span class='ocrx_word' id='word_1_580' title='bbox 845 5285 978 5341; x_wconf 90' lang='lat' dir='ltr'><strong>omnium</strong></span> <span class='ocrx_word' id='word_1_581' title='bbox 1033 5302 1131 5342; x_wconf 89' lang='lat' dir='ltr'><strong>amore</strong></span> <span class='ocrx_word' id='word_1_582' title='bbox 1145 5289 1175 5340; x_wconf 91' lang='lat' dir='ltr'><strong>et</strong></span> <span class='ocrx_word' id='word_1_583' title='bbox 1188 5284 1350 5353; x_wconf 89' lang='lat' dir='ltr'><strong>devotione,</strong></span> <span class='ocrx_word' id='word_1_584' title='bbox 1367 5283 1483 5356; x_wconf 89' lang='lat' dir='ltr'><strong>locique</strong></span> <span class='ocrx_word' id='word_1_585' title='bbox 1506 5283 1570 5354; x_wconf 87' lang='lat' dir='ltr'><strong>ejus</strong></span> <span class='ocrx_word' id='word_1_586' title='bbox 1594 5285 1704 5337; x_wconf 77' lang='lat' dir='ltr'><strong>eterna</strong></span> <span class='ocrx_word' id='word_1_587' title='bbox 1726 5278 1856 5336; x_wconf 83' lang='lat' dir='ltr'><strong>sanctifi·</strong></span> 
     </span>
     <span class='ocr_line' id='line_1_60' title="bbox 158 5366 1857 5446; baseline 0.001 -25"><span class='ocrx_word' id='word_1_588' title='bbox 158 5380 256 5421; x_wconf 89' lang='lat' dir='ltr'><strong>rerum</strong></span> <span class='ocrx_word' id='word_1_589' title='bbox 272 5366 369 5438; x_wconf 87' lang='lat' dir='ltr'><strong>quiete</strong></span> <span class='ocrx_word' id='word_1_590' title='bbox 385 5374 497 5442; x_wconf 91' lang='lat' dir='ltr'><strong>pertere</strong></span> <span class='ocrx_word' id='word_1_591' title='bbox 511 5369 598 5426; x_wconf 85' lang='lat' dir='ltr'><strong>vellet</strong></span> <span class='ocrx_word' id='word_1_592' title='bbox 611 5372 692 5425; x_wconf 88' lang='lat' dir='ltr'><strong>trans</strong></span> <span class='ocrx_word' id='word_1_593' title='bbox 704 5369 979 5431; x_wconf 79' lang='lat' dir='ltr'><strong>fluviuml&#39;ransve</strong></span> <span class='ocrx_word' id='word_1_594' title='bbox 1032 5376 1156 5443; x_wconf 86' lang='lat' dir='ltr'><strong>catione,</strong></span> <span class='ocrx_word' id='word_1_595' title='bbox 1166 5390 1219 5446; x_wconf 91' lang='lat' dir='ltr'><strong>per</strong></span> <span class='ocrx_word' id='word_1_596' title='bbox 1234 5372 1379 5446; x_wconf 89' lang='lat' dir='ltr'><strong>meipsum</strong></span> <span class='ocrx_word' id='word_1_597' title='bbox 1395 5371 1474 5429; x_wconf 87' lang='lat' dir='ltr'><strong>volui</strong></span> <span class='ocrx_word' id='word_1_598' title='bbox 1490 5388 1554 5429; x_wconf 89' lang='lat' dir='ltr'><strong>eam</strong></span> <span class='ocrx_word' id='word_1_599' title='bbox 1570 5367 1753 5427; x_wconf 88' lang='lat' dir='ltr'><strong>Deestmihi</strong></span> <span class='ocrx_word' id='word_1_600' title='bbox 1763 5382 1857 5425; x_wconf 88' lang='lat' dir='ltr'><strong>eonse-</strong></span> 
     </span>
     <span class='ocr_line' id='line_1_61' title="bbox 157 5453 1853 5535; baseline 0.008 -27"><span class='ocrx_word' id='word_1_601' title='bbox 157 5453 426 5531; x_wconf 80' lang='lat' dir='ltr'><strong>etuscoeliclaviger</strong></span> <span class='ocrx_word' id='word_1_602' title='bbox 436 5456 667 5515; x_wconf 89' lang='lat' dir='ltr'><strong>commonetillic</strong></span> <span class='ocrx_word' id='word_1_603' title='bbox 678 5463 846 5529; x_wconf 77' lang='lat' dir='ltr'><strong>exspectare</strong></span> <span class='ocrx_word' id='word_1_604' title='bbox 853 5463 977 5531; x_wconf 87' lang='lat' dir='ltr'><strong>socium,</strong></span> <span class='ocrx_word' id='word_1_605' title='bbox 1031 5465 1198 5530; x_wconf 77' lang='lat' dir='ltr'><strong>marcoue</strong></span> <span class='ocrx_word' id='word_1_606' title='bbox 1214 5463 1290 5518; x_wconf 85' lang='lat' dir='ltr'><strong>lecte</strong></span> <span class='ocrx_word' id='word_1_607' title='bbox 1304 5468 1374 5518; x_wconf 91' lang='lat' dir='ltr'><strong>sunt</strong></span> <span class='ocrx_word' id='word_1_608' title='bbox 1383 5455 1488 5535; x_wconf 82' lang='lat' dir='ltr'><strong>jamtu</strong></span> <span class='ocrx_word' id='word_1_609' title='bbox 1503 5463 1567 5534; x_wconf 88' lang='lat' dir='ltr'><strong>ipse</strong></span> <span class='ocrx_word' id='word_1_610' title='bbox 1580 5457 1681 5517; x_wconf 86' lang='lat' dir='ltr'><strong>vidisti</strong></span> <span class='ocrx_word' id='word_1_611' title='bbox 1695 5463 1725 5518; x_wconf 86' lang='lat' dir='ltr'><strong>et</strong></span> <span class='ocrx_word' id='word_1_612' title='bbox 1735 5455 1853 5522; x_wconf 66' lang='lat' dir='ltr'><strong>audisti,</strong></span> 
     </span>
    </p>
   </div>
   <div class='ocr_carea' id='block_1_16' title="bbox 155 5540 1857 5630">
    <p class='ocr_par' dir='ltr' id='par_1_16' title="bbox 155 5540 1857 5630">
     <span class='ocr_line' id='line_1_62' title="bbox 155 5540 1857 5630; baseline 0.002 -24"><span class='ocrx_word' id='word_1_613' title='bbox 155 5540 322 5626; x_wconf 83' lang='lat' dir='ltr'><strong>laborisque</strong></span> <span class='ocrx_word' id='word_1_614' title='bbox 347 5545 394 5607; x_wconf 90' lang='lat' dir='ltr'><strong>sui</strong></span> <span class='ocrx_word' id='word_1_615' title='bbox 415 5547 613 5608; x_wconf 85' lang='lat' dir='ltr'><strong>certissimum</strong></span> <span class='ocrx_word' id='word_1_616' title='bbox 638 5544 793 5625; x_wconf 85' lang='lat' dir='ltr'><strong>pollicetur</strong></span> <span class='ocrx_word' id='word_1_617' title='bbox 811 5551 976 5626; x_wconf 82' lang='lat' dir='ltr'><strong>premium.</strong></span> <span class='ocrx_word' id='word_1_618' title='bbox 1033 5555 1064 5614; x_wconf 92' lang='lat' dir='ltr'><strong>in</strong></span> <span class='ocrx_word' id='word_1_619' title='bbox 1078 5553 1125 5615; x_wconf 90' lang='lat' dir='ltr'><strong>his</strong></span> <span class='ocrx_word' id='word_1_620' title='bbox 1140 5568 1204 5630; x_wconf 89' lang='lat' dir='ltr'><strong>que</strong></span> <span class='ocrx_word' id='word_1_621' title='bbox 1220 5555 1332 5612; x_wconf 86' lang='lat' dir='ltr'><strong>restant</strong></span> <span class='ocrx_word' id='word_1_622' title='bbox 1346 5552 1546 5614; x_wconf 87' lang='lat' dir='ltr'><strong>obsecundato</strong></span> <span class='ocrx_word' id='word_1_623' title='bbox 1561 5549 1646 5626; x_wconf 89' lang='lat' dir='ltr'><strong>mihi,</strong></span> <span class='ocrx_word' id='word_1_624' title='bbox 1662 5548 1742 5624; x_wconf 69' lang='lat' dir='ltr'><strong>tacte</strong></span> <span class='ocrx_word' id='word_1_625' title='bbox 1758 5543 1857 5611; x_wconf 78' lang='lat' dir='ltr'><strong>dicati</strong></span> 
     </span>
    </p>
   </div>
   <div class='ocr_carea' id='block_1_17' title="bbox 0 0 1912 6006">
    <p class='ocr_par' dir='ltr' id='par_1_17' title="bbox 0 0 1912 6006">
     <span class='ocr_line' id='line_1_63' title="bbox 0 0 1912 6006; baseline 0 6"><span class='ocrx_word' id='word_1_626' title='bbox 0 0 1912 6006; x_wconf 95' lang='lat' dir='ltr'><strong> </strong></span> 
     </span>
    </p>
   </div>
  </div>
 </body>
</html>
