3816 6006
119 261 178 322 'tlt
372 260 423 323 AD
446 255 704 322 Goultlttttuttll
725 255 892 318 Arrana.
916 250 1011 313 11.-
1026 250 1182 314 MONUll.
1205 252 1257 314 DE
1277 251 1402 314 santo
1424 248 1565 313 SAGRO.
1761 247 1822 312 *148

119 396 148 451 ot
162 393 249 449 charo
260 392 440 449 vendebatur
450 388 682 464 prolio.Consilio
694 388 783 462 igitur
793 384 941 450 inito,ela·
956 385 984 451 Α
999 382 1083 455 cepit.
1100 384 1134 438 Et
1149 386 1250 439 contra
1273 383 1455 439 venerandus
1471 398 1569 438 comes
1591 381 1690 438 Sancti
1713 379 1822 454 AEgidii

120 486 225 556 gerunt
236 481 345 537 milites
356 482 405 554 qui
417 481 452 536 ad
469 497 555 537 navas
570 479 655 545 irent,
669 494 775 550 easque
795 476 832 532 ab
851 478 945 532 extra·
998 471 1150 529 consimile
1166 477 1295 528 castrum
1309 471 1472 539 constituit,
1483 475 1512 527 et
1526 489 1543 527 a
1557 471 1719 528 meridiana
1734 470 1823 544 plaga

120 588 174 626 nea
184 575 270 642 gente
289 569 479 626 custodirent.
492 572 591 641 ltaque
609 585 725 624 summo
742 562 872 622 diluculo
888 561 945 618 diei
999 561 1150 635 applicuit.
1162 561 1269 628 Quinta
1279 560 1424 635 siquidem
1435 560 1628 633 leriaJejunia
1640 561 1733 618 nostri
1748 561 1821 619 cele·

120 660 230 733 egressi
241 664 311 715 sunt
322 664 439 715 centum
450 659 557 714 milites
568 659 602 714 de
611 657 737 713 exercitu
750 654 865 710 comitis
876 653 947 709 San·
999 652 1156 708 beaverunt
1165 655 1192 706 et
1202 651 1379 724 pauperibus
1390 649 1588 724 eleemosynas
1597 651 1823 712 distribuerunt.

120 746 160 803 cti
175 747 290 821 AEgidii,
308 746 492 804 Raimundus
507 746 618 802 scilieet
637 743 814 816 Pilatus,qui
831 756 946 814 semper
1000 741 1087 797 Sexta
1101 757 1167 796 vero
1182 740 1254 797 leria
1269 745 1405 812 quaerat
1419 739 1488 797 Julii
1503 740 1612 796 mensis
1627 739 1689 797 dies
1709 741 1824 798 duode-

121 836 178 892 l'uit
188 836 268 892 omni
280 835 372 892 labori
388 835 497 891 militia
514 834 739 903 domesticus,et
753 847 873 905 prorsus
888 827 946 885 otio
1001 828 1202 896 cima,aurora
1212 846 1313 886 sereno
1323 827 1434 885 lumine
1446 835 1627 897 coruscante,
1638 834 1735 887 turres
1744 847 1825 905 egre·

122 924 340 999 peregrinasse
350 941 416 980 cum
428 941 461 980 eo
472 923 545 979 alter
559 922 743 979 Raimundus
755 922 791 977 de
806 918 945 986 Taurina,
1000 918 1040 992 gii
1058 918 1213 974 bellatores
1232 919 1405 986 ascendunt,
1417 923 1445 974 et
1460 917 1555 974 scalas
1570 919 1716 976 moenibus
1731 937 1824 994 appo·

122 1014 317 1071 etAchardus
342 1014 378 1069 de
403 1013 500 1069 Monte
525 1009 836 1078 Merulo,Guillermus
859 1006 946 1063 etiam
1001 1013 1085 1064 nunt.
1103 1008 1228 1080 Stupent
1252 1011 1281 1063 et
1304 1007 1536 1064 contremiscunt
1562 1007 1719 1067 adulterini
1747 1011 1825 1070 cives

124 1103 318 1160 Sabratensis.
332 1103 368 1157 Et
382 1102 473 1169 ibant,
490 1106 522 1157 ut
536 1101 572 1157 ad
587 1100 696 1157 bellum
712 1098 815 1172 parati,
829 1097 865 1152 ad
882 1111 947 1168 por·
1001 1096 1083 1152 urbis
1106 1096 1305 1161 eximiae,cum
1330 1113 1360 1153 sa
1384 1095 1481 1152 vident
1505 1097 1718 1155 circumvallari
1741 1104 1826 1158 tanta

123 1194 187 1246 tum
203 1190 302 1245 maris.
315 1191 349 1245 Et
363 1190 433 1244 dum
449 1190 534 1255 irent,
547 1189 667 1261 triginta
681 1204 715 1243 cx
730 1186 772 1243 eis
786 1185 948 1241 diviserunt
1002 1185 1199 1241 multitudine.
1213 1185 1362 1251 Quiasero
1379 1202 1549 1258 supremum
1568 1186 1645 1243 diam
1660 1189 1715 1245 sibi
1730 1189 1827 1246 immi·

124 1295 156 1335 se
171 1279 207 1334 ab
223 1277 298 1346 aliia,
311 1283 344 1333 ut
366 1278 486 1334 semitas
502 1279 616 1333 viarum
631 1277 788 1340 discerent,
799 1279 827 1329 et
848 1277 947 1328 utrum
1001 1293 1069 1332 nere
1084 1274 1230 1342 videbant,
1247 1279 1275 1330 et
1290 1280 1413 1330 mortem
1430 1292 1518 1347 super
1533 1276 1629 1347 capita
1643 1295 1698 1334 sua
1716 1279 1826 1352 depen-

123 1367 366 1425 venirenthostes
383 1367 576 1438 explorarent.
584 1366 715 1439 Cumque
730 1362 882 1438 paululum
897 1361 948 1416 iti·
1002 1365 1080 1430 dere,
1097 1364 1201 1420 acriter
1224 1369 1374 1436 coeperunt
1397 1363 1583 1431 resistere,et
1605 1366 1682 1423 sicut
1700 1367 1764 1438 jam
1789 1368 1826 1426 de

125 1457 203 1514 neris
218 1456 441 1529 processissent,
458 1456 659 1529 septingentos
672 1456 782 1510 'lurcos
797 1457 826 1509 et
842 1451 948 1508 Arabes
1002 1458 1095 1510 morte
1110 1470 1167 1509 non
1182 1452 1274 1519 dubii,
1286 1468 1479 1526 propugnare.
1492 1452 1553 1509 Illic
1563 1453 1712 1512 eminebat
1724 1456 1755 1512 in
1771 1475 1826 1515 sua

124 1544 241 1603 eminus
260 1544 460 1617 conspiciunt;
477 1562 561 1615 quos,
585 1543 653 1600 licet
678 1541 814 1616 perpauci
839 1542 947 1606 essent,
1001 1543 1076 1599 turri
1092 1543 1151 1598 dux
1165 1541 1349 1608 GodelriduS,
1365 1559 1423 1596 non
1439 1546 1510 1597 tuno
1531 1542 1626 1611 miles,
1638 1545 1688 1601 sed
1708 1545 1827 1619 sagitta-

124 1634 327 1691 incunctanter
339 1639 437 1690 tamen
453 1634 602 1689 invadunt.
615 1634 671 1689 Sed
686 1629 881 1688 numerositas
891 1627 948 1683 ini·
1002 1632 1075 1698 rius,
1087 1633 1171 1703 cujus
1183 1647 1289 1686 manus
1300 1631 1336 1686 ad
1352 1630 1485 1703 pralium
1496 1635 1524 1687 et
1539 1632 1647 1705 digitos
1662 1633 1698 1690 ad
1713 1634 1824 1693 bollum

126 1725 269 1781 micorum
281 1729 362 1779 tanta
375 1723 428 1778 fuit
439 1726 472 1779 ut
484 1722 616 1794 paucitas
631 1726 798 1777 nostrorum
815 1717 950 1775 resistcre
963 1753 988 1818 B
1003 1722 1145 1777 Dominus
1160 1720 1314 1794 dirigebat,
1326 1719 1465 1792 quoniam
1481 1720 1596 1794 sagittis
1613 1722 1713 1794 jactis,
1729 1725 1827 1782 inimi·

126 1831 185 1871 non
200 1813 337 1887 potuerit.
350 1812 447 1869 Nostri
463 1816 558 1868 tamen
576 1828 650 1884 quos
671 1810 701 1866 in
725 1809 820 1883 primo
840 1808 950 1880 impetu
1007 1827 1108 1867 corum
1125 1813 1251 1882 pectora,
1264 1812 1291 1865 et
1311 1814 1434 1882 utraque
1450 1808 1541 1866 latera
1554 1811 1729 1882 perforabat.
1743 1815 1835 1877 Juxta

127 1902 322 1970 offenderunt,
335 1901 397 1958 neci
410 1906 556 1974 perpetuas
573 1899 802 1957 destinaverunt.
814 1898 867 1954 Sed
877 1913 952 1952 cum
1007 1916 1094 1972 quem
1111 1900 1216 1954 fratres
1231 1898 1295 1970 ejus
1319 1897 1495 1954 Eustochiae
1518 1904 1546 1955 et
1568 1899 1738 1974 balduinus,
1753 1906 1836 1964 velut

127 1993 203 2048 facto
224 1991 273 2048 illo
295 2008 452 2065 congressu
475 2007 609 2064 regyrare
624 2006 709 2064 posse
724 1987 951 2051 estimaverunt,
1007 1989 1066 2045 duo
1077 1989 1163 2060 juxta
1177 1986 1290 2043 leonem
1305 1986 1414 2055 leones,
1428 1992 1457 2043 et
1471 1988 1561 2045 duros
1576 1989 1653 2047 ictus
1663 1992 1833 2064 jaculorum

128 2080 340 2137 circumvallati
358 2078 558 2146 multitudine,
568 2078 641 2135 velle
655 2095 741 2135 suum
757 2075 878 2149 implere
895 2090 953 2129 non
1007 2081 1037 2134 et
1045 2076 1176 2150 lapidum
1188 2075 1397 2148 suscipiebant,
1405 2080 1433 2132 et
1444 2078 1628 2151 quadruplici
1639 2081 1747 2139 loenore
1758 2101 1838 2143 com·

129 2172 297 2242 potuerunt.
315 2171 398 2225 Tunc
412 2169 451 2225 ibi
467 2174 601 2225 mortuus
616 2172 661 2224 est
675 2166 829 2222 achardus
841 2163 884 2220 vir
896 2161 954 2218 bel·
1008 2166 1181 2240 pensabant.
1191 2167 1225 2221 Et
1241 2165 1307 2238 quis
1321 2166 1453 2220 omnium
1469 2165 1629 2238 probitates
1645 2170 1750 2229 reterre
1762 2172 1839 2232 vale·

129 2258 214 2326 lator,
230 2258 313 2315 sortis
335 2263 363 2325 et
386 2257 521 2333 egregius
536 2257 601 2330 (59),
618 2262 647 2313 et
665 2256 786 2329 quidam
812 2271 846 2310 ex
871 2252 952 2326 pedl-
1008 2261 1137 2322 tetrum
1152 2254 1285 2310 omnium
1297 2254 1346 2326 qui
1360 2271 1436 2310 nunc
1448 2260 1518 2311 sunt
1532 2255 1774 2332 philosophorum
1792 2263 1836 2322 la·

129 2348 221 2405 tibus.
1008 2344 1116 2401 cundia
1131 2344 1222 2399 tantis
1238 2343 1360 2400 minime
1374 2342 1514 2400 laudibus
1530 2346 1700 2405 sulliceret?
1715 2351 1749 2407 ltt
1764 2352 1837 2410 dum

164 2440 327 2511 Antequam
343 2455 410 2493 vero
435 2436 546 2493 bellum
570 2433 857 2508 inciperet-nuntius
880 2447 954 2503 equo
1009 2432 1050 2490 sic
1061 2434 1187 2506 desuper
1195 2432 1302 2488 moeuia
1318 2432 1516 2506 pugnabatur,
1524 2436 1669 2507 processio
1680 2438 1757 2496 circa
1772 2440 1838 2515 ipsa

128 2526 213 2583 celeri
229 2527 266 2583 ad
283 2525 406 2584 Pilatum
422 2530 600 2593 cucurrerat,
612 2525 663 2598 qui
678 2524 787 2580 Arabes
802 2526 830 2578 et
843 2522 954 2576 'lurcos
1009 2522 1118 2578 moenia
1133 2523 1284 2595 agebatur,
1298 2526 1327 2578 et
1340 2539 1442 2579 cruces
1457 2540 1491 2578 uc
1506 2523 1636 2597 reliquiae
1652 2531 1681 2583 et
1695 2546 1779 2587 sacra
1793 2530 1836 2588 al-

130 2619 245 2673 nostros
259 2615 401 2671 invasisse
418 2616 596 2671 nuntiarent.
609 2614 689 2680 Quod
706 2617 738 2668 ut
753 2611 860 2668 Pilatus
875 2608 955 2664 audi·
1009 2611 1083 2669 teria
1100 2613 1280 2667 delerentur.

128 2706 307 2777 vit,absquc
331 2721 414 2760 mora
436 2722 545 2777 equum
574 2701 736 2759 calcaribus
762 2704 859 2774 urget;
890 2713 954 2754 sero
1044 2703 1117 2757 Tota
1132 2701 1230 2773 itaque
1246 2699 1291 2756 die
1313 2699 1433 2757 alternis
1457 2701 1565 2759 ictibus
1582 2704 1763 2763 decertatum
1779 2712 1834 2766 est.

129 2797 228 2851 tamen
243 2793 313 2850 illuc
329 2793 468 2866 pervenit.
481 2793 636 2850 tamenim
652 2791 805 2846 achardus
821 2791 954 2844 mortuus
1009 2790 1065 2846 Sed
1083 2793 1115 2845 ut
1129 2789 1373 2862 appropinquavit
1392 2789 1464 2846 hora
1478 2807 1536 2863 qua
1554 2793 1684 2851 Salvator
1699 2796 1833 2856 omnium

130 2887 201 2950 crat,
218 2882 269 2955 qui
295 2886 392 2938 tamen
408 2887 566 2954 antequam
582 2882 734 2937 decederet
756 2882 845 2934 vitam
870 2892 955 2934 suam
1009 2883 1134 2936 mortem
1150 2877 1250 2947 subiit,
1264 2877 1348 2935 miles
1360 2878 1491 2951 quidam,
1504 2883 1622 2939 nomine
1636 2884 1786 2955 Detoldus,
1799 2886 1836 2943 de

131 2970 224 3028 multo
235 2971 389 3045 sanguine,
399 2976 427 3027 et
438 2977 560 3027 mortem
571 2974 664 3027 morte
674 2969 867 3043 plurimorum
880 2982 956 3022 com·
1010 2973 1104 3024 castro
1116 2967 1200 3023 ducis
1213 2967 1327 3039 primus
1338 2967 1462 3037 insiluit,
1472 2975 1538 3041 post
1548 2988 1636 3044 quem
1648 2972 1835 3045 Guicherius,

131 3060 264 3117 mutavit.
287 3060 323 3117 Ut
343 3078 411 3118 vero
438 3065 555 3117 nostros
584 3059 625 3114 illi
654 3057 770 3116 eminus
798 3072 955 3131 prospexe—
1010 3057 1061 3130 qui
1083 3056 1198 3113 leonem
1214 3056 1331 3129 propria
1354 3057 1460 3113 virtute
1473 3061 1641 3131 [prostravit
1664 3067 1694 3118 et
1718 3063 1837 3125 occidit.

132 3154 211 3218 runt,
224 3154 258 3206 ut
276 3150 376 3224 lugere
399 3149 567 3222 accipitrem
597 3165 694 3222 penna
721 3146 883 3221 trepidante
907 3161 954 3202 co·
970 3121 992 3189 G
1011 3148 1117 3204 Statim
1128 3148 1186 3202 dux
1202 3146 1311 3202 militas
1322 3162 1391 3203 suos
1403 3148 1546 3220 sequitur,
1558 3152 1586 3205 ct
1600 3167 1703 3208 omnes
1714 3152 1764 3208 alii
1778 3153 1838 3209 mi-

133 3236 240 3296 lumbae
265 3237 404 3306 assolent,
419 3239 461 3295 sic
485 3238 526 3294 illi
551 3238 679 3312 lugiunt,
695 3240 723 3293 et
746 3242 827 3309 terga
850 3233 959 3292 nostris
1012 3237 1079 3294 litas
1094 3238 1198 3292 ducem
1214 3253 1311 3292 suum.
1324 3237 1406 3292 Tunc
1430 3253 1496 3293 vcro
1518 3255 1604 3295 arcus
1619 3244 1648 3296 et
1662 3241 1776 3316 sagittae
1791 3242 1838 3299 di·

134 3329 287 3387 dederunt.
303 3328 399 3384 Nostri
415 3344 480 3384 vero
496 3327 640 3400 persecuti
660 3331 729 3382 sunt
746 3325 821 3395 illos,
838 3329 866 3381 et
881 3322 958 3379 mul-
1012 3327 1180 3394 mittuntur,
1197 3329 1226 3380 et
1250 3323 1384 3380 lulminei
1408 3342 1493 3382 enses
1518 3327 1708 3400 arripiantur.
1724 3331 1838 3396 Quibus

135 3421 180 3474 tos
207 3417 386 3473 occiderunt.
403 3417 437 3472 Et
462 3432 605 3471 unumex
634 3415 675 3471 eis
703 3415 801 3470 vivum
831 3414 957 3469 retinue-
1011 3413 1838 3489 visisbostesillicomurumdeserunt,etadterramdi·

133 3509 213 3572 runt,
228 3505 278 3577 qui
294 3506 455 3561 'lurcorum
471 3503 552 3560 dolos
567 3504 609 3560 eis
625 3504 754 3568 relerret,
771 3502 884 3575 etquid
899 3518 960 3558 ma·
1011 3504 1194 3573 labuntur,et
1204 3502 1518 3560 militesChristiceleri
1530 3522 1708 3578 gressucum
1720 3509 1838 3582 magnis

134 3594 324 3651 chinareatur
340 3594 410 3648 mali
430 3593 648 3665 prenuntiaret,
665 3592 906 3664 retinueruntque
922 3591 957 3647 ab
1011 3594 1132 3650 vocibus
1151 3596 1464 3666 persequuntur.Quas
1475 3612 1638 3652 vocescum
1658 3596 1772 3655 audiret
1787 3616 1838 3655 co·

135 3683 177 3740 eis
191 3687 307 3739 centum
325 3685 353 3738 et
369 3687 428 3738 tres
443 3697 625 3754 equos,quos
639 3681 784 3739 miserunt
798 3682 833 3736 ad
851 3685 957 3747 castra,
1013 3700 1075 3739 mes
1089 3682 1340 3755 Raimundus,qui
1357 3687 1486 3738 castrum
1505 3701 1592 3740 sunm
1617 3703 1700 3742 muro
1717 3686 1839 3761 propius

133 3775 162 3829 et
190 3771 247 3844 ipsi
275 3773 311 3828 ad
341 3788 428 3827 naves
460 3771 593 3843 injuncta
626 3769 780 3844 perficiunt
808 3771 957 3826 mandata.
1012 3788 1157 3846 apponere
1172 3771 1324 3844 gestiebat,
1335 3772 1622 3844 protinusinlellexit
1635 3776 1758 3833 Francos
1773 3794 1839 3835 esse

134 3861 253 3918 Famem
273 3860 483 3934 quippenaves
505 3859 578 3916 cibis
607 3865 717 3916 onusta
746 3860 956 3928 exstinxerunt,
1012 3862 1042 3918 in
1058 3863 1139 3930 urbe,
1161 3861 1282 3933 suisque
1305 3859 1449 3917 militibus
1463 3862 1504 3917 ait
1521 3879 1546 3918 2«
1558 3863 1631 3930 Quid
1648 3864 1695 3920 bic
1710 3869 1836 3936 sumus,

134 3951 185 4008 sed
198 3950 400 4006 vehementem
417 3949 496 4005 sitim
517 3949 700 4021 exstinguere
716 3964 772 4004 non
788 3952 956 4022 potuerunt.
1011 3957 1040 4009 et
1053 3951 1203 4007 incassum
1219 3948 1410 4005 laboramus?
1434 3950 1619 4024 Francigenae
1643 3955 1746 4010 urbem
1761 3956 1839 4011 obti-

134 4041 228 4096 'lanta
242 4039 350 4112 quippe
373 4037 439 4095 sitis
465 4038 572 4095 eratin
588 4037 739 4094 obsidione
765 4040 797 4093 ut
823 4036 957 4093 tellurem
1012 4045 1096 4110 nent;
1117 4038 1290 4113 magnisque
1313 4039 1435 4095 vocibus
1460 4044 1488 4095 et
1511 4039 1618 4098 ictibus
1642 4047 1837 4116 personant.»

133 4133 279 4199 cavarent,
291 4132 318 4183 et
328 4127 428 4202 glebas
443 4127 638 4184 humectiores
651 4127 693 4183 ori
709 4131 899 4200 apponerent,
912 4143 957 4183 ro·
1011 4131 1091 4186 Tunc
1108 4127 1194 4186 celeri
1218 4144 1321 4201 gressu
1340 4144 1407 4184 cum
1424 4145 1476 4184 suc
1492 4131 1635 4187 comitatu
1651 4131 1776 4205 perrexit
1802 4133 1838 4190 ad

133 4217 287 4290 raetiaque
303 4234 450 4274 marmora
473 4216 645 4274 lamberent.
657 4216 740 4273 Coria
755 4216 844 4272 boum
861 4219 889 4271 et
903 4215 957 4271 bu·
1012 4224 1127 4293 portam
1142 4235 1206 4292 quae
1223 4222 1268 4274 est
1283 4235 1366 4274 secus
1382 4218 1485 4273 turrim
1504 4218 1605 4288 David,
1622 4226 1650 4277 et
1664 4221 1775 4278 vocavit
1790 4239 1840 4279 eos

132 4305 278 4374 balorum,
291 4305 474 4380 aliorumque
490 4306 663 4363 animalium
680 4305 807 4362 recentia
822 4305 958 4376 suebant,
1012 4308 1062 4382 qui
1078 4308 1107 4363 in
1124 4324 1189 4363 arco
1205 4311 1298 4374 erant,
1310 4309 1341 4362 ut
1356 4306 1512 4379 aperirent.
1531 4306 1667 4366 Protinus
1686 4308 1841 4367 admiravi-

133 4399 162 4452 at
177 4412 243 4451 cum
260 4397 295 4451 ad
311 4397 464 4468 aquandos
483 4413 574 4468 equos
595 4396 636 4451 ire
651 4395 848 4467 disponerent,
863 4409 957 4465 usque
1012 4415 1063 4456 sus
1078 4397 1128 4470 qui
1144 4395 1249 4452 turrim
1266 4395 1460 4466 custodiebat,
1472 4401 1504 4452 ut
1518 4399 1653 4471 cognovit
1668 4398 1736 4472 quis
1750 4403 1838 4468 esset,

134 4485 170 4540 ad
186 4501 236 4541 sex
250 4484 343 4540 millia
367 4484 478 4541 milites
500 4485 606 4541 armati
630 4484 798 4558 pergebant.
816 4484 898 4538 Tunc
922 4498 957 4539 aa
971 4489 1129 4561 Djanuam
1146 4484 1171 4542 ei
1187 4485 1310 4557 aperuit,
1324 4501 1413 4557 seque
1437 4503 1565 4559 suosque
1580 4491 1608 4544 at
1623 4504 1678 4543 sua
1692 4486 1759 4544 fidei
1775 4489 1840 4560 ejus

133 4591 210 4647 aqua
223 4573 395 4646 implebant,
408 4577 436 4630 et
451 4574 486 4630 ad
511 4577 607 4630 castra
631 4572 802 4642 referebant,
814 4576 843 4627 et
857 4587 891 4627 ex
906 4570 957 4628 illa
1011 4573 1234 4644 commendavit,
1250 4578 1282 4629 ut
1297 4590 1327 4630 se
1339 4577 1470 4630 tueretur
1494 4592 1530 4632 ne
1554 4577 1767 4633 destrueretur.
1782 4576 1839 4633 Sed

133 4664 211 4722 ⁰lldfl
227 4680 303 4736 &qua
318 4663 470 4731 bihflbssssll
487 4662 617 4736 Plerique
632 4664 719 4734 PP⁰¹¹t
733 4661 807 4716 selle
823 4663 957 4733 P⁰lffl⁸³1¹l
1010 4682 1108 4722 comes
1123 4664 1196 4720 dixit
1206 4664 1282 4736 quod
1299 4662 1328 4718 id
1344 4681 1496 4737 nunquam
1510 4664 1626 4732 laceret,
1639 4662 1696 4720 nisi
1712 4662 1769 4720 sihi
1779 4668 1840 4721 tur-

128 4752 387 4826 jejunabant,quia
397 4751 509 4826 jejunio
525 4750 606 4808 sitim
618 4749 830 4822 temperabant.
840 4750 875 4804 Et
889 4749 956 4821 quis
1010 4753 1066 4811 rim
1083 4752 1251 4810 dimitteret.
1264 4750 1317 4818 Qui
1333 4752 1358 4808 ei
1376 4768 1530 4809 assensum
1554 4756 1703 4826 gratanter
1721 4752 1836 4823 tribuit,

133 4844 263 4900 crederet
277 4843 354 4915 quod
371 4842 463 4898 sames
478 4839 651 4914 proliceret?
665 4838 747 4897 dolor
761 4838 890 4896 dolorem
907 4855 955 4895 cx·
1010 4849 1039 4901 et
1051 4859 1149 4900 comes
1165 4840 1217 4909 illi,
1230 4846 1262 4896 ut
1283 4841 1408 4913 petebat,
1420 4858 1536 4898 omnem
1555 4840 1693 4898 fiduciam
1709 4856 1837 4914 spopon-

133 4931 275 5005 pelleret?
296 4932 371 4987 Dum
395 4930 456 4987 hac
477 4933 656 5004 paterentur,
672 4944 806 5001 proceres
828 4945 845 4984 a
868 4927 955 5001 longo
1011 4932 1062 4989 dit.
1077 4931 1219 4988 Duxvero
1236 4929 1420 4998 Godelridus,
1440 4947 1498 4987 non
1522 4947 1631 5000 arcem,
1644 4947 1700 4986 non
1726 4928 1836 4986 aulam.

131 5024 215 5077 tarra
230 5020 325 5093 spatio
336 5018 554 5092 ligneastrabss
566 5018 671 5075 adduci
685 5017 838 5086 faciebant,
847 5017 957 5090 quibus
1010 5038 1068 5077 non
1084 5036 1200 5087 aurum,
1215 5035 1273 5074 non
1300 5024 1464 5093 argentum,
1482 5036 1539 5077 non
1562 5018 1665 5091 spolia,
1677 5017 1837 5086 ambiebat,

130 5115 228 5166 turres
242 5114 270 5165 ot
285 5109 426 5164 machine
442 5108 555 5175 fierent,
570 5125 633 5181 quae
649 5108 795 5164 civitatem
808 5123 955 5180 expugna·
1011 5109 1061 5166 sed
1072 5125 1139 5164 cum
1148 5106 1267 5164 Francis
1278 5107 1350 5175 suis,
1359 5107 1531 5180 sanguinem
1543 5123 1692 5163 servorum
1703 5121 1837 5174 suorum,

132 5204 207 5254 rant.
220 5197 331 5263 Quibus
343 5197 555 5264 adductis‚dux
565 5198 674 5254 ducum
685 5194 860 5253 Godelridus
871 5213 956 5251 suam
1010 5196 1080 5270 quid
1093 5196 1122 5251 in
1134 5196 1256 5252 circuitu
1268 5195 1431 5253 Jerusalem
1440 5195 1553 5252 ellusus
1564 5195 1712 5263 luerat,ab
1724 5193 1767 5250 eis
1778 5192 1841 5249 vin·

131 5288 238 5345 turrim
248 5284 421 5353 construxit,
433 5290 462 5343 et
476 5287 513 5343 ab
528 5285 660 5344 orientali
669 5285 755 5362 plaga
765 5284 873 5342 adduci
887 5301 958 5358 pra·
1011 5285 1108 5353 dicare
1123 5286 1284 5359 satagebat,
1298 5288 1326 5342 et
1346 5283 1496 5343 irrisiones
1511 5289 1541 5342 et
1556 5280 1750 5341 contumelias
1764 5298 1839 5356 quas

684 5419 840 5479 NOTULAE
857 5419 1093 5478 MARGINALES
1112 5419 1172 5479 MS.
1192 5418 1273 5478 cot).

167 5537 223 5617 (59)
237 5537 268 5601 Si
282 5539 356 5601 leret
369 5539 417 5601 hic
431 5540 544 5610 tardm,
560 5555 619 5602 non
633 5536 676 5597 sic
691 5539 853 5597 moreretur
865 5535 1032 5599 achardus.
