3816 6006
66 284 145 350 4549
633 288 931 354 Habitum-11.
953 292 1004 354 DE
1027 287 1202 355 sederis.
1691 294 1770 356 1550

65 427 181 478 nectutc
197 421 307 495 patitur
321 423 452 479 erebrius
477 423 627 496 passiones
650 425 753 480 mortis
769 441 889 497 pernam·
905 426 931 493 Α
948 442 1034 491 roua,
1051 425 1092 480 ita
1115 425 1170 480 erit
1184 425 1226 480 eis
1241 441 1331 480 causa
1355 423 1553 480 damnationis
1572 428 1695 480 retorna.
1712 425 1772 481 Uu-

64 510 162 578 bulas,
179 515 208 566 et
222 510 258 567 ab
275 511 465 569 exterioribus
488 512 689 569 accidentibus
713 513 850 579 exterius,
866 525 894 577 et
949 513 984 568 dc
1007 516 1036 568 et
1059 513 1177 569 subdit:
1203 515 1346 582 Gontinqet
1372 521 1463 569 autcm
1489 512 1566 568 rubis
1595 514 1626 568 in
1653 515 1772 570 testime-

64 600 101 656 ab
117 599 299 657 dissonantia
323 600 481 658 humorum
505 603 641 671 interius,
666 602 707 659 sic
732 603 892 659 fietimmi-
947 605 1036 657 ninere.
1063 603 1094 657 ln
1120 602 1324 658 testimonium
1347 601 1481 659 videlieet
1500 618 1612 658 corone
1633 605 1734 658 vestras
1747 604 1777 658 et

65 693 152 747 nante
174 690 231 746 fine
246 688 276 744 in
302 707 420 762 corpore
437 690 579 748 machina
601 690 770 747 mundialis.
795 691 894 761 Surqet
949 691 979 747 in
994 691 1196 746 testimonium
1212 689 1410 747 damnationis
1425 708 1504 757 sua3
1522 689 1583 764 qui,
1599 689 1682 747 vohis
1697 688 1775 746 salu-

64 782 147 844 cnim,
165 778 271 852 inquit,
287 795 352 848 qens
362 788 456 836 contre
467 788 583 849 qcntern,
599 788 625 835 ct
640 779 893 848 reqnuntadaersus
947 783 1007 835 tem
1022 796 1107 836 suam
1133 780 1344 851 quarentibus,
1370 779 1448 852 quod
1463 782 1508 836 est
1522 778 1604 835 vobis
1624 795 1714 835 causa
1727 794 1776 835 co·

64 869 893 941 requam,etterroernotuspertocumuqnicnrnt,pestiientioe
948 885 1035 937 rona,
1062 885 1119 924 non
1149 869 1346 937 erediderunt,
1375 869 1436 925 imo
1464 872 1492 924 ei
1521 867 1665 941 persecuti
1695 870 1774 925 suut.

63 965 91 1012 ct
105 959 203 1028 fumes,
220 964 388 1029 terroresque
404 956 435 1013 dc
445 959 519 1022 ceto,
536 961 565 1013 et
580 956 656 1014 sicut
670 957 699 1013 in
713 957 891 1030 quibusdam
948 958 980 1014 ln
995 957 1196 1014 testimonium
1222 975 1273 1030 pro
1292 958 1384 1027 vobis,
1401 962 1430 1013 et
1443 956 1473 1013 ia
1489 956 1689 1013 testimonium
1705 974 1773 1024 con·

64 1044 215 1102 codicibus
245 1044 363 1119 legitur,
391 1055 416 1102 ct
440 1054 617 1120 tempestates,
642 1054 668 1103 ct
688 1048 769 1116 sipon
792 1064 892 1119 maqrro
947 1050 992 1102 tra
1006 1045 1081 1103 illos.
1107 1046 1189 1102 Unde
1213 1046 1292 1102 enim
1313 1063 1364 1102 ros
1388 1062 1536 1114 coronam,
1553 1044 1596 1100 illi
1615 1045 1773 1103 inderedi·

63 1145 154 1192 crunt.
172 1135 248 1191 Sane
258 1135 343 1207 signa
358 1135 414 1191 ista
429 1136 669 1193 demonstrantur
683 1152 747 1192 esse
758 1140 890 1204 ventura,
946 1136 1350 1209 pieutdamnatienem.Unde
1360 1135 1524 1192 Psalmista:
1535 1157 1549 1186 (ι
1556 1133 1771 1205 ὓευε,1ειιάθω

64 1226 197 1298 quaedam
213 1240 229 1280 e
244 1222 325 1289 coelo,
350 1224 482 1296 quadam
498 1242 513 1281 e
529 1229 617 1294 terra,
637 1225 771 1297 quaedam
786 1242 820 1281 ex
833 1224 890 1281 eie·
912 1276 924 1287 ,
946 1242 1042 1281 meam
1066 1241 1102 1281 ne
1117 1225 1253 1293 tacueris,
1270 1225 1340 1297 qnia
1353 1243 1386 1281 os
1406 1223 1576 1297 peccatoris,
1593 1228 1621 1280 et
1641 1241 1674 1282 os
1689 1223 1771 1281 dolo·

65 1313 182 1385 mentis,
199 1313 333 1387 quedam
348 1313 385 1368 ab
409 1312 588 1369 hominibus.
616 1314 663 1369 Ait
677 1313 774 1369 enim:
799 1321 892 1383 snrqet
945 1314 971 1370 si
986 1331 1075 1387 super
1098 1330 1145 1370 me
1160 1318 1294 1387 apertum
1320 1320 1374 1370 est.
1399 1314 1501 1371 Loculi
1524 1318 1595 1371 sunt
1616 1314 1772 1372 adversum

63 1422 128 1474 qens
136 1412 230 1460 contra
240 1411 356 1473 qentern,
366 1403 620 1474 occeperturbatio
629 1402 792 1458 hominum.
802 1404 891 1458 Erunt
945 1419 992 1458 me
1007 1402 1109 1477 lingua
1123 1403 1233 1470 dolosa,
1249 1407 1277 1458 et
1292 1403 1477 1460 sermonibus
1497 1403 1555 1458 odii
1572 1401 1772 1461 circumdede-

63 1501 233 1551 terrerentur
253 1508 304 1564 per
328 1492 396 1560 ioca,
422 1508 488 1547 ecce
510 1491 553 1547 ira
576 1490 626 1546 Ilei
642 1491 777 1562 desuper.
802 1493 891 1547 Erunt
945 1497 1015 1548 runt
1036 1509 1092 1563 me,
1109 1496 1137 1549 et
1160 1498 1399 1565 expugnaverunt
1422 1509 1469 1550 me
1494 1491 1595 1566 gratis.
1621 1492 1675 1550 Pro
1690 1508 1724 1550 eo
1740 1495 1773 1549 ut

59 1584 235 1657 pestilentie,
252 1598 317 1637 ecce
333 1579 517 1652 inequalitas
532 1580 618 1636 aeria.
635 1580 708 1647 Quin
723 1579 812 1653 igitur
826 1597 889 1636 em·
945 1580 1163 1655 mediligerent,
1175 1579 1367 1638 detrahebant
1377 1581 1628 1656 mihi,egoautem
1639 1582 1770 1652 orabam:

63 1675 113 1729 nia
127 1671 362 1729 consummanda
375 1673 454 1739 sunt,
467 1668 566 1725 omnia
581 1673 647 1725 ante
662 1669 890 1725 consummatio·
944 1675 973 1726 ct
983 1675 1145 1744 posuerunt
1154 1671 1309 1726 adversum
1319 1688 1365 1727 mo
1376 1671 1514 1744 malapro
1524 1669 1620 1737 bonis,
1631 1671 1771 1728 etodium

63 1779 131 1818 nem
147 1759 366 1834 perturbantur.
379 1758 413 1813 lit
427 1757 477 1830 qui
493 1758 522 1812 in
535 1757 649 1814 cunetis
660 1756 844 1829 delinquunt,
859 1757 889 1813 in
905 1805 928 1869 B
944 1776 995 1832 pro
1011 1759 1167 1816 dilectione
1178 1777 1243 1815 mea
1257 1760 1342 1829 (Psoi.
1360 1761 1478 1833 ov11u.)»
1485 1760 1540 1817 Sed
1557 1759 1624 1832 quis
1634 1759 1702 1816 inde
1712 1760 1772 1817 hu·

62 1850 178 1907 cunctis
193 1848 366 1922 puniuntur,
379 1846 661 1920 utimpleaturqned
673 1845 816 1919 seriptum
829 1851 888 1903 est:
940 1849 1072 1920 Jusmodi
1087 1847 1197 1904 homini
1215 1854 1356 1905 eventus:
1380 1872 1395 1900 «
1411 1849 1484 1905 Cum
1501 1849 1664 1921 judicatur,
1689 1853 1771 1907 exeat

64 1964 78 1992 a
95 1939 241 2012 Pugnabit
256 1954 307 2010 pro
323 1953 356 1992 eo
378 1935 457 1992 orbis
479 1942 622 1991 terrarum
639 1935 714 2009 (Sap.
731 1940 771 2005 v.)
788 1959 801 1986 »
817 1936 891 2001 Ouia
945 1938 1158 1994 condemnatus
1173 1938 1268 2007 (ibid.)
1283 1959 1298 1990 u
1320 1939 1403 1994 Porto
1419 1941 1521 1993 contra
1531 1937 1684 2010 predictas
1708 1942 1770 1995 tra·

62 2030 140 2086 enim
165 2026 315 2093 omnibus,
342 2042 405 2097 qua
421 2025 457 2079 ad
482 2042 569 2080 usum
584 2025 648 2080 vite
672 2041 888 2098 acceperamus,
944 2024 1068 2082 ditiones
1079 2029 1106 2080 et
1122 2024 1322 2082 accusationes
1330 2025 1498 2083 consolatur
1509 2025 1586 2082 Deus
1597 2025 1768 2100 discipulos,

61 2118 221 2184 abutimur,
238 2116 302 2172 iden
314 2118 420 2170 cuneta
431 2114 515 2171 nobis
526 2114 555 2169 in
567 2113 708 2170 ultionem
719 2118 889 2171 convertuu-
943 2130 1010 2170 cum
1026 2113 1127 2170 subdit
1140 2131 1146 2169 :
1163 2115 1260 2170 Ponite
1273 2131 1337 2185 erqo
1353 2117 1383 2170 in
1391 2116 1518 2172 cordibus
1527 2117 1623 2173 vested
1631 2132 1687 2173 nen
1693 2131 1768 2188 prm·

62 2215 120 2265 tur.
147 2208 259 2262 Bonum
286 2204 369 2277 pacis
389 2203 530 2259 vertimus
554 2202 583 2257 in
607 2220 694 2259 usum
712 2202 886 2259 securitatis.
942 2203 1073 2259 uterlituri
1086 2203 1312 2274 quemadmodum
1333 2205 1527 2277 respondeatis.
1543 2206 1598 2276 liqo
1613 2207 1687 2261 enim
1701 2205 1770 2263 dado

61 2295 326 2370 Peregrinationem
338 2297 421 2350 terrae
432 2310 483 2366 pre
494 2292 673 2349 habitatione
682 2291 833 2364 diligimus
840 2310 889 2366 pe·
943 2294 1018 2348 vota
1033 2309 1072 2362 os,
1088 2291 1118 2348 id
1129 2297 1173 2348 est
1183 2292 1392 2365 eloquentiam.
1405 2295 1440 2350 Et
1450 2294 1519 2366 quia
1529 2294 1696 2367 eloquentia
1706 2294 1770 2353 sine

61 2387 133 2443 triae.
150 2385 279 2441 Salutem
295 2399 450 2454 corporum
467 2381 496 2437 in
511 2382 638 2438 abusum
652 2381 794 2438 vertimus
808 2381 889 2437 vitio·
943 2381 1086 2455 sapientia
1103 2399 1161 2438 non
1186 2383 1313 2455 prodest,
1338 2384 1483 2456 adjungit,
1500 2392 1526 2441 ct
1544 2386 1709 2456 sapientium
1722 2386 1772 2442 cui

63 2494 139 2532 rum.
149 2471 337 2530 abundantia
348 2471 499 2538 ubertatis,
510 2488 566 2527 non
576 2470 824 2526 adnecessitotcm
834 2470 888 2526 uti·
941 2487 999 2528 uon
1012 2479 1140 2544 pateant
1154 2473 1279 2528 resistere
1295 2480 1321 2526 ct
1334 2473 1518 2529 contradicere
1536 2489 1628 2530 omnes
1642 2474 1770 2531 mucren-

62 2583 140 2632 mur,
154 2564 205 2620 sed
219 2562 255 2618 ad
267 2560 456 2632 voluptatem.
467 2560 549 2616 Aeris
560 2560 746 2616 serenitatem
758 2560 793 2614 ad
806 2577 889 2615 niun·
942 2562 982 2616 rii
994 2562 1085 2616 uestri.
1103 2565 1144 2616 he
1159 2560 1284 2616 sidicat:
1297 2560 1390 2616 Nolite
1401 2561 1596 2634 premeditari
1606 2567 1708 2619 contra
1718 2562 1770 2618 hu·

62 2656 131 2712 dani
147 2652 245 2727 gaudii
262 2656 466 2721 retorquemus
481 2648 648 2704 vanitatem.
665 2649 785 2704 lustum
801 2652 846 2704 est
857 2653 889 2704 ut
938 2649 1083 2720 jusmodi,
1100 2647 1239 2720 quoniam
1255 2653 1284 2704 et
1298 2648 1323 2704 si
1337 2666 1388 2705 vos
1401 2650 1643 2723 verbaproiertis‚
1654 2668 1707 2726 ego
1718 2669 1770 2726 per

62 2744 176 2802 cunctis
192 2741 340 2806 leriamur,
357 2738 408 2813 qui
423 2738 536 2795 cunctis
551 2738 756 2805 abutebamur,
773 2742 801 2793 et
816 2741 889 2809 quot
942 2755 993 2794 vos
1019 2737 1140 2810 loquor;
1156 2742 1184 2793 et
1199 2736 1224 2793 si
1247 2754 1298 2794 res
1313 2738 1349 2793 ad
1376 2742 1523 2796 certamen
1547 2740 1697 2810 acceditis,
1715 2757 1768 2815 ego

61 2851 96 2890 ex
110 2831 169 2888 illis
183 2829 342 2887 habuimus
357 2844 446 2900 prava
471 2826 693 2892 oblectamenta,
715 2829 758 2880 tot
769 2843 804 2882 ex
829 2824 888 2881 illis
942 2844 994 2899 per
1007 2843 1059 2883 vos
1073 2843 1181 2900 pugne.

61 2921 224 2979 sentiamus
240 2920 394 2974 tormenta.
409 2918 504 2983 Quare
518 2919 615 2971 antem
629 2913 762 2985 adjunxit
776 2917 887 2987 tempe·
978 2914 1116 2988 Sequitur
1139 2932 1207 2988 pars
1230 2915 1326 2983 tertia,
1350 2916 1380 2972 in
1397 2933 1455 2989 qua
1470 2917 1613 2977 Dominus
1636 2919 1769 2994 predixit

61 3017 152 3068 states
175 3012 251 3065 inter
275 3007 369 3080 sigua,
387 3005 444 3061 nisi
459 3004 528 3077 quia
552 3007 739 3075 tempestates
755 3001 887 3058 ordinem
942 3003 1096 3078 discipulis
1122 3004 1184 3060 suis
1206 3004 1294 3061 etiam
1307 3004 1344 3060 ab
1359 3004 1461 3062 amicis
1488 3007 1684 3079 perimendos,
1700 3025 1768 3066 cum

62 3106 228 3173 temporum
240 3114 298 3153 non
309 3098 425 3152 servant
436 3092 628 3149 consuetum?
641 3091 721 3157 Quod
737 3108 831 3164 nuper
840 3108 887 3148 ex·
943 3094 1057 3151 subdit:
1071 3093 1246 3150 Trademinc‘
1253 3102 1377 3150 autema
1385 3094 1576 3168 fratribus&
1583 3099 1769 3170 perentibus,

61 3190 137 3266 perti
162 3204 276 3252 sumus,
293 3184 342 3258 qni
358 3188 452 3239 totum
472 3186 590 3254 tempus
613 3179 744 3236 estivam
761 3163 926 3235 vidimusG
945 3188 972 3239 ct
986 3183 1126 3254 coquetis,
1142 3188 1169 3238 ct
1184 3187 1277 3240 morte
1287 3182 1422 3257 officient
1433 3185 1564 3242 cenobii.
1577 3185 1769 3245 Tolerabilius

63 3294 246 3336 conversum.
256 3275 343 3329 Porro
352 3271 521 3328 contrahere
532 3271 631 3326 sutura
641 3268 720 3325 maia
729 3268 890 3341 discipulos
943 3276 988 3330 est
996 3271 1055 3345 pati
1067 3272 1102 3327 ab
1113 3272 1257 3329 extraneis
1266 3289 1355 3344 quam
1366 3274 1402 3329 ab
1413 3272 1526 3331 amicis.
1539 3275 1679 3347 Maiorem
1690 3276 1769 3334 enim

64 3359 891 3428 suosconsalutandumaddit:illutitcterrcrillteonse-
943 3361 1072 3418 dolorem
1111 3362 1197 3418 nobis
1235 3362 1383 3418 incutiunt
1418 3368 1564 3420 tormenta
1591 3365 1628 3422 ab
1664 3365 1769 3425 amicis

63 3459 206 3528 quanter:
224 3453 331 3524 Oportet
346 3448 620 3521 enimprinrunrleec
633 3445 889 3518 ficri‚eruntenim
943 3449 1034 3518 illata,
1051 3449 1118 3522 quia
1143 3467 1210 3506 eum
1234 3451 1341 3507 damno
1366 3453 1495 3524 corporis
1519 3452 1598 3510 mala
1624 3472 1678 3513 nos
1702 3473 1768 3514 eru·

62 3547 149 3618 signa
163 3544 220 3600 ista
230 3541 322 3614 justis
337 3539 373 3596 ad
398 3536 627 3595 consolationem
643 3541 672 3592 et
685 3535 887 3592 eruditionem.
943 3540 1022 3596 ciant
1038 3538 1154 3596 amissae
1169 3539 1329 3596 charitatis.
1346 3541 1419 3597 Hinc
1430 3545 1474 3597 est
1484 3542 1561 3616 qnod
1572 3544 1608 3601 de
1618 3544 1696 3602 luda
1704 3562 1770 3618 pro·

63 3635 144 3691 Unde
166 3631 248 3706 prius
273 3629 398 3685 dicitur:
425 3629 472 3684 ilis
487 3636 578 3683 autern
599 3628 662 3698 ficri
683 3626 888 3699 incipientibus,
943 3628 1036 3684 ditare
1050 3626 1300 3700 perPsalmistam
1319 3629 1458 3686 Dominus
1473 3630 1556 3687 dicit:
1575 3633 1634 3688 «ut
1649 3632 1768 3704 quidem

62 3724 148 3780 terete
162 3723 252 3794 capitu
277 3727 381 3775 cestra:
405 3718 634 3790 apprepinquavit
654 3718 729 3772 enirn
743 3715 889 3786 redemptio
943 3718 968 3775 si
983 3716 1121 3773 iuimicus
1143 3734 1227 3773 mens
1243 3718 1441 3775 maledixisset
1455 3718 1539 3787 mihi,
1559 3721 1769 3780 sustinuissem

60 3820 165 3868 nostro.
183 3809 364 3878 Quibusdam
379 3823 446 3862 vero
461 3804 662 3879 peccatoribus
677 3808 763 3861 erunt
778 3804 813 3860 ad
828 3820 888 3876 poe-
943 3805 1054 3878 utique.
1066 3806 1110 3862 Tu
1120 3805 1284 3862 aerohomo
1296 3807 1456 3876 unanimis,
1467 3809 1631 3880 duxmeus,
1643 3814 1770 3870 elnotus

62 3903 191 3959 nitentia
207 3898 435 3957 festinationem.
464 3896 604 3968 Reprobis
624 3899 709 3951 erunt
724 3894 760 3949 ad
776 3898 888 3949 aeterne
943 3912 1027 3951 meus
1042 3897 1129 3965 (Psct.
1148 3895 1214 3967 mv.)
1231 3918 1245 3944 n
1262 3896 1297 3950 llt
1311 3912 1451 3952 rursum:
1464 3920 1478 3948 α
1496 3899 1587 3955 Homo
1602 3899 1682 3971 pacis
1698 3917 1769 3958 mee

60 4009 153 4065 perne
179 3987 405 4045 inchoationem.
431 3985 482 4042 Sed
510 3984 641 4050 reundum,
665 3982 771 4055 inquit,
797 3982 890 4038 statim
942 3984 973 4040 in
990 4001 1047 4059 quo
1062 3985 1186 4058 speravi,
1198 3984 1362 4056 quiedebat
1376 4002 1558 4057 panesmeos
1571 3986 1771 4062 magnificavit

60 4082 135 4154 finis.
153 4078 263 4135 Ultima
277 4077 355 4133 enim
372 4074 522 4131 tribulatio
539 4071 641 4129 multis
652 4070 889 4128 tribulationibus
943 4072 1770 4148 supermesupplantationem(Psut.x1..)»Hecomnia,ira·

62 4172 292 4227 demonstratur.
309 4165 424 4220 ntideo
440 4163 548 4219 debent
563 4160 656 4217 multa
671 4159 749 4216 mala
763 4177 888 4233 pracur·
942 4161 1113 4228 tresmei,in
1122 4160 1629 4239 primitivaEcclesincontingebani,
1640 4167 1769 4240 quando,

62 4275 136 4324 rere,
153 4262 185 4312 ut
200 4254 312 4312 malum
324 4252 440 4309 valeant
454 4252 517 4308 sine
532 4251 589 4305 fine
605 4248 750 4305 nuntiare.
943 4250 1060 4306 diabolo
1075 4267 1127 4322 per
1141 4250 1312 4321 ejectionem
1329 4267 1413 4309 suam
1425 4252 1549 4321 lucente,
1560 4259 1715 4314 tantaerat
1725 4273 1770 4314 ra-

98 4346 239 4419 Sequitur
253 4361 321 4417 pars
336 4340 474 4408 secunda,
492 4340 522 4394 in
538 4355 597 4411 qua
607 4337 750 4394 Dominus
760 4338 890 4412 predicit
943 4340 1232 4412 biespersecutorum
1244 4339 1769 4411 quedservoridololatrinnaturalem

63 4434 217 4508 discipulis
233 4450 282 4490 ees
306 4431 457 4496 tenendos,
481 4427 638 4483 trahendos
653 4431 682 4483 et
700 4427 888 4498 judicandos,
943 4430 1071 4486 vinceret
1094 4427 1243 4503 pietatem,
1268 4433 1296 4484 et
1311 4426 1397 4496 lilios,
1420 4434 1448 4486 et
1466 4430 1587 4499 amicos,
1603 4450 1677 4506 quos
1692 4450 1727 4490 ex
1739 4434 1769 4490 ui

62 4541 131 4581 cum
147 4523 267 4580 subdit:
284 4520 337 4578 Sed
352 4527 414 4575 unte
429 4519 487 4575 lrccc
501 4518 593 4572 omniu
609 4517 735 4589 injicient
747 4517 820 4574 nodis
835 4535 928 4602 mci-1)
944 4525 1054 4576 nature
1070 4517 1204 4575 homines
1216 4517 1311 4574 solent
1320 4518 1451 4592 diligere,
1463 4519 1550 4576 etiem
1561 4524 1662 4577 eontra
1676 4521 1767 4580 Deum

61 4631 126 4681 nus,
143 4622 169 4669 et
190 4618 388 4685 persequentur
411 4624 457 4663 vos
483 4605 618 4661 tradentes
639 4608 670 4660 in
697 4623 850 4678 spnuqoqus
865 4615 892 4664 et
944 4607 1000 4682 ipsi
1015 4607 1203 4674 odiebant‚et
1212 4608 1471 4681 persequebantur,
1482 4613 1511 4664 et
1521 4614 1623 4667 contra
1632 4614 1769 4668 naturam

62 4703 210 4770 ciutodius,
226 4702 361 4757 trahentes
376 4698 411 4754 ud
433 4712 509 4766 reqcs
528 4703 553 4751 et
566 4695 698 4768 presides
708 4704 819 4768 propter
840 4713 889 4752 ne-
943 4703 973 4756 et
987 4701 1088 4754 contra
1103 4696 1204 4753 Deum.
1233 4696 1288 4752 Sed
1313 4697 1383 4768 quia
1398 4712 1447 4753 eos
1468 4698 1601 4771 predixit
1623 4700 1769 4772 perimen·
1824 4688 1828 4696 ⁸

63 4808 126 4848 men
141 4808 240 4847 meurs.
257 4793 296 4846 Ac
312 4789 336 4845 si
349 4791 446 4860 aperte
462 4785 555 4840 dieat:
569 4784 636 4839 ldae
647 4783 731 4857 signa
746 4789 774 4841 et
784 4788 891 4842 oeterrm
944 4788 1009 4854 dos,
1025 4785 1157 4859 protinus
1173 4801 1223 4840 eos
1233 4784 1410 4855 consolatur,
1423 4787 1566 4844 subdens:
1583 4788 1722 4862 Capillus
1735 4789 1770 4847 de

66 4881 217 4937 damnatio
229 4885 297 4936 sunt
305 4882 522 4947 venturasuper
530 4873 678 4945 reprobos,
688 4874 827 4946 quoniam
836 4873 891 4947 ipsi
943 4878 1207 4950 capitevcstronon
1214 4873 1335 4946 peribit.
1345 4873 1485 4946 Capillus,
1496 4875 1599 4934 iratres
1607 4876 1674 4948 mei,
1684 4877 1770 4935 mini·

65 4969 149 5042 prius
165 4969 219 5026 hoe
234 4969 425 5026 merebuntur
440 4963 586 5020 reddendo
596 4963 679 5018 vobis
695 4962 772 5019 mala
781 4981 833 5036 pro
845 4964 893 5021 bo·
945 4983 994 5023 ma
1008 4981 1076 5038 pars
1087 4963 1216 5036 corporis
1227 4963 1319 5018 nostri
1330 4967 1384 5032 est,
1397 4980 1460 5035 que
1470 4963 1558 5021 etiam
1569 4965 1701 5024 abscissa
1710 4985 1768 5026 uon

65 5058 122 5114 uis.
139 5058 228 5114 Vobis
243 5059 351 5131 quippe
365 5052 532 5113 volentibus
547 5068 597 5107 cos
617 5052 652 5107 de
667 5068 757 5108 manu
783 5051 892 5108 diaboli
945 5054 1080 5112 sentitur.
1098 5053 1148 5108 Est
1162 5067 1230 5125 ergo
1245 5055 1453 5124 argumentum
1469 5071 1486 5109 a
1501 5053 1617 5111 minori.
1633 5056 1673 5112 Aa
1688 5056 1713 5113 si
1728 5056 1770 5114 di·

64 5148 190 5204 liberare
206 5147 338 5220 injicient
362 5160 478 5201 manus.
494 5140 552 5197 Vos
568 5156 683 5213 quoqne
698 5139 826 5198 volentes
841 5159 890 5199 eos
944 5148 1045 5201 eatur:
1062 5142 1092 5198 Si
1107 5140 1179 5196 illud
1192 5141 1269 5213 quod
1281 5141 1311 5195 in
1323 5139 1406 5197 vebis
1416 5140 1571 5200 minimum
1583 5148 1637 5213 est,
1648 5148 1678 5202 et
1690 5145 1769 5220 quod

66 5234 191 5292 liberare
206 5236 242 5292 ab
267 5233 366 5290 eterni
386 5231 490 5304 judicii
515 5229 711 5298 damnatione,
731 5231 767 5286 ad
779 5230 892 5300 judicia
943 5231 1069 5290 incisum
1086 5247 1143 5286 non
1159 5227 1246 5296 dolet,
1263 5228 1356 5301 perire
1371 5246 1429 5286 noa
1444 5234 1550 5302 potest,
1561 5231 1654 5290 multo
1668 5234 1768 5292 miuus

66 5341 169 5397 regum
186 5330 214 5381 et
229 5324 386 5398 presidum
397 5321 524 5378 trahent.
537 5320 570 5375 Et
585 5320 653 5390 trec,
669 5318 776 5391 inquit,
790 5321 894 5391 facient
945 5318 1017 5375 illud
1033 5317 1111 5390 quod
1135 5318 1165 5371 in
1189 5314 1271 5372 robis
1298 5317 1395 5388 majus
1419 5321 1474 5385 est,
1489 5322 1518 5375 et
1541 5321 1617 5393 quod
1642 5321 1770 5378 incisum

64 5416 141 5470 nobb
153 5423 264 5487 propter
277 5430 376 5471 nomen
389 5428 489 5468 mum.
501 5408 589 5476 Quasi
605 5409 696 5464 dieat:
713 5409 834 5481 Propter
845 5426 893 5466 me
946 5407 1033 5478 dolet,
1050 5404 1215 5478 perirenon
1238 5408 1343 5477 potest.
1373 5406 1493 5480 Mystico
1505 5423 1573 5467 vero
1598 5409 1770 5468 noneolum

65 5504 267 5572 resedibant,
293 5502 344 5576 qui
367 5504 484 5575 propter
508 5514 555 5553 me
569 5514 620 5554 vos
639 5496 759 5571 diligere
783 5497 893 5556 debus·
946 5513 1014 5554 ossa
1041 5496 1151 5562 nostra,
1167 5492 1197 5549 id
1224 5497 1269 5550 est
1296 5493 1383 5552 tortia
1409 5500 1501 5570 gesta,
1528 5497 1573 5554 vel
1599 5497 1677 5556 dieta
1703 5513 1770 5574 per-

66 5596 144 5657 cunt.
161 5594 229 5672 Qua
245 5593 346 5673 atique
371 5605 460 5652 causa
474 5586 551 5670 sieut
565 5585 621 5668 erit
633 5586 715 5649 vobis
739 5603 829 5658 cansa
843 5604 893 5651 eo·
946 5587 1042 5659 ibunt,
1068 5582 1128 5666 imo
1151 5583 1429 5666 remunerabuntur,
1444 5585 1598 5650 sedetiam
1614 5584 1769 5669 optutu
