3816 6006
148 310 206 375 62¹1

400 309 452 372 AD
469 253 732 373 *annuntianti
754 306 923 370 trauan.
946 306 986 368 11.
1002 339 1040 350 -
1056 303 1212 369 Monam.
1236 306 1287 368 DE
1307 305 1433 370 BELLO
1455 306 1592 370 steno.

1785 304 1847 368 628

147 448 222 503 vobis
236 453 344 502 centum
356 445 448 500 millio
463 445 682 500 adtrersariorum
698 444 880 498 imminerent.
896 444 969 498 Inter
983 439 1010 508 Α
1024 445 1104 497 extra
1120 440 1404 514 muros.Sicquenon
1422 441 1515 499 multa
1530 441 1718 517 spoliaeapta
1728 443 1848 500 luerunt

147 553 192 593 tros
206 535 292 593 credes
307 543 331 591 ct
346 537 455 608 rapiam
477 543 549 600 secat,
570 542 595 589 ct
608 537 694 606 farta,
718 534 795 587 natta
807 533 928 605 justitia,
946 540 971 588 ct

149 627 274 698 plurima
290 623 436 690 adulteria,
453 641 514 679 cum
528 625 580 679 llco
594 624 729 694 placitum
751 624 797 688 sit,
825 623 850 677 si
871 637 970 677 aceres

147 731 193 771 vos
206 732 296 771 amires
310 715 423 770 duratis.
441 718 480 769 Dc
498 714 609 785 justitio
630 728 702 778 uero,
718 714 758 767 sic
780 713 907 784 precipit
919 712 970 766 llo-

112 845 120 856 .
147 806 251 870 minus,
274 805 482 875 etquicunque
505 804 622 874 pauperi
649 803 809 857 oiolmrtlam
835 802 970 866 intulerit,

149 892 282 967 quidquid
294 901 332 948 est
348 895 377 948 iu
391 892 470 948 domo
493 893 669 963 oppressoris,
692 891 855 962 publicetur.
880 890 972 946 Dedo·

149 984 228 1040 cimis
242 982 411 1039 aalmadico.
430 981 499 1054 quod
513 983 540 1037 si
553 998 597 1037 eas
612 980 741 1048 reddatis,
753 980 885 1052 quidquid
901 981 973 1036 trobis

149 1089 255 1129 accesso
277 1072 372 1144 luerit,
401 1070 504 1126 clarore
528 1078 641 1142 peralta
668 1077 716 1126 est.
747 1071 888 1126 Civitatem
912 1085 974 1124 vero

150 1161 239 1227 utam,
253 1176 304 1232 pro
318 1176 369 1215 sua
391 1159 708 1228 misericordiampatris
730 1175 780 1230 pro
803 1159 909 1213 meritis
933 1174 975 1213 ac-

151 1251 224 1316 stris,
241 1247 352 1304 donabit
367 1249 450 1303 trolris.
468 1247 540 1302 Cum
567 1251 664 1303 autem
690 1247 750 1302 hae
776 1263 860 1302 mane
876 1246 975 1302 comiti

153 1338 319 1395 nuntiasset
334 1337 446 1401 Petrus,
463 1336 630 1392 convocavit
654 1335 796 1410 populum
821 1336 975 1409 episcopus

153 1427 356 1485 Aurasicensis
371 1431 399 1482 et
415 1427 520 1491 Barca,
536 1430 563 1481 et
574 1443 663 1497 supra
673 1425 782 1498 scripta
792 1426 835 1482 eis
845 1426 976 1497 exposui·

154 1534 232 1573 mus.
248 1515 373 1572 Adducti
389 1514 480 1589 igilur
496 1514 597 1571 fideles
612 1515 642 1569 in
668 1531 806 1587 magnam
830 1531 912 1588 spem
928 1532 975 1570 ea·

153 1606 265 1680 pianda
282 1605 418 1670 stadialis,
431 1603 614 1677 largissimas
639 1602 849 1677 eleemosynas,
866 1609 894 1660 et
909 1621 976 1660 ora-

151 1696 246 1752 tiones
260 1695 319 1751 Deo
335 1693 525 1766 omnipotenti
540 1694 710 1760 offerebant,
726 1697 758 1748 ut
774 1693 886 1765 plebem
903 1711 975 1765 pau-

1026 531 1056 585 in
1072 530 1196 586 civitate.
1214 533 1326 587 lnterea
1341 532 1699 598 ortaest,conlentiainter
1712 533 1847 590 homines

1025 619 1179 675 boimundi
1196 625 1224 675 et
1239 619 1363 688 comitis,
1380 621 1492 688 abhoc,
1510 622 1656 694 quiscum
1668 622 1775 679 milites
1786 623 1848 679 aoi-

1026 708 1128 764 mundi
1140 710 1351 782 oppugnationi
1363 727 1421 766 non
1431 710 1557 766 maltum
1571 711 1850 785 institissentpluri·

1027 814 1109 853 mum
1126 803 1221 853 turres
1236 802 1263 854 el
1279 799 1391 866 domas,
1408 804 1437 855 et
1451 801 1580 872 captivos
1603 801 1777 858 obtinerent.
1795 801 1850 857 Mi-

1027 885 1118 943 rabile
1134 888 1280 960 quoddam
1296 888 1402 944 iecerat
1416 889 1456 944 ibi
1472 889 1624 945 Dominus.
1639 890 1764 956 illenim,
1781 908 1849 946 cum

1028 980 1094 1031 ante
1109 980 1224 1049 captam
1237 977 1361 1032 Murram
1379 979 1851 1052 praceptasanctorumapostolo·

1028 1083 1093 1121 rum
1110 1065 1184 1121 Petri
1200 1070 1228 1122 et
1243 1067 1375 1135 Andreae,
1392 1067 1468 1123 sicut
1483 1086 1572 1140 supra
1587 1069 1729 1142 scriplum
1744 1072 1798 1136 est,
1812 1069 1849 1125 ad

1029 1154 1170 1227 poputum
1183 1172 1407 1227 exponeremus,
1423 1157 1515 1212 irrisit
1537 1175 1591 1213 uos
1615 1158 1805 1222 boimundus,
1821 1164 1851 1215 et

1029 1244 1099 1301 socii
1115 1246 1188 1316 ejus.
1207 1245 1307 1318 Itaque
1327 1263 1380 1302 nec
1396 1247 1459 1319 ipse
1474 1263 1526 1302 nee
1546 1245 1595 1319 qui
1612 1265 1679 1303 eum
1706 1264 1739 1303 eu
1755 1254 1849 1311 erant,

1030 1349 1134 1406 pugnae
1145 1334 1381 1407 protueruntsed
1393 1336 1491 1408 potius
1502 1336 1671 1392 oberanldll
1684 1353 1752 1393 cum
1764 1338 1851 1395 moda

1030 1421 1159 1495 plurima
1172 1423 1313 1480 haberent
1324 1424 1550 1497 spolia‚quidam
1566 1425 1602 1482 de
1614 1426 1725 1482 familia
1734 1426 1851 1484 comitis

1029 1512 1149 1584 indigne
1164 1513 1303 1569 serebant.
1320 1514 1430 1569 Tamen
1446 1514 1521 1570 inter
1537 1516 1615 1588 ipsos
1631 1515 1766 1572 daminus
1777 1515 1852 1572 male

1030 1601 1251 1667 conveniebant,
1267 1603 1303 1658 ob
1320 1602 1374 1660 boc
1389 1605 1466 1676 quod
1478 1619 1575 1660 comes
1586 1604 1852 1661 volebatdareeivi-

1029 1694 1119 1746 tatem
1135 1691 1271 1763 episcopo
1297 1691 1477 1760 tiburiensi3
1492 1697 1520 1749 el
1536 1693 1717 1750 boimundus
1733 1694 1851 1752 nolebat

153 1802 255 1858 perum
271 1800 458 1856 suorum,pro
468 1782 530 1839 solo
542 1783 659 1839 nomine
671 1800 725 1838 sua
740 1782 975 1839 liberaret.Fiunt
991 1811 1014 1878 B
1032 1779 1179 1836 dimittere
1191 1782 1333 1852 quasdam
1348 1787 1454 1850 turres,
1471 1800 1535 1855 qua
1555 1800 1586 1839 se
1602 1783 1627 1839 ei
1639 1784 1790 1851 dederant,
1807 1784 1851 1840 di-

151 1873 251 1948 itaque
266 1878 332 1949 post
347 1873 408 1930 bac
422 1871 558 1929 velociter
572 1871 666 1942 scala,
682 1878 710 1929 et
724 1872 921 1946 turrislignea
931 1890 976 1928 ex·
1028 1886 1115 1925 cens:
1134 1870 1194 1925 Nisi
1207 1887 1293 1925 comes
1313 1871 1450 1928 dimiserit
1476 1874 1548 1928 milri
1571 1880 1660 1928 turres
1688 1871 1851 1940 Antiochiae,

152 1964 318 2032 struitur,ot
332 1967 426 2019 crates
433 1962 641 2036 junguntur,et
651 1961 807 2018 terminata
820 1962 866 2017 die
876 1978 975 2034 pugna

152 2053 300 2126 incipitur.
316 2054 352 2109 At
365 2067 432 2108 voro
447 2050 488 2106 illi
503 2051 552 2124 qui
568 2050 644 2107 intra
668 2051 815 2107 civitatem
835 2054 927 2118 erant,
944 2050 973 2107 in

152 2146 276 2210 nostros,
294 2141 343 2214 qui
359 2157 478 2196 marum
494 2139 698 2206 suffodiebant,
710 2138 823 2212 lapides
836 2157 902 2196 cum
919 2144 975 2196 tor-

153 2232 270 2297 mentis,
286 2234 316 2286 et
329 2229 397 2296 tela,
413 2235 441 2285 ct
457 2229 565 2302 ignem,
580 2233 610 2285 et
623 2228 714 2301 ligna.
730 2233 759 2284 et
769 2228 893 2284 alvearia
906 2246 973 2284 cum

152 2320 258 2393 apibus
287 2323 316 2376 el
338 2318 447 2375 calcem
472 2318 634 2391 permistim
655 2317 813 2389 jaciebant.
840 2318 906 2384 Sed,
923 2318 973 2374 Dei

151 2409 258 2466 virtute
272 2413 301 2466 et
311 2406 638 2474 misericordia‚nullum
649 2405 691 2462 vel
700 2424 808 2478 paucos
819 2407 854 2462 de
866 2408 974 2463 nostris

152 2498 209 2555 ista
223 2498 377 2555 laedebant.
394 2498 490 2553 Nostri
509 2514 576 2553 vero
592 2513 658 2552 cum
684 2495 819 2567 petrariis
843 2500 870 2552 el
886 2493 973 2552 scalis

152 2604 271 2646 murum
286 2587 472 2660 imperterriti
488 2586 742 2660 aggrediebantur.
758 2584 865 2641 Tenuit
876 2590 973 2641 autern

151 2676 214 2734 brec
229 2693 328 2750 pugna
343 2677 378 2733 ab
395 2679 459 2732 ortu
476 2674 547 2731 solis
564 2691 657 2746 usque
672 2674 708 2729 ad
720 2673 912 2741 occasumpta
923 2673 975 2728 mi·

148 2765 282 2823 rabiliter
296 2769 328 2821 ut
345 2765 417 2821 nulli
437 2781 568 2837 unquam
584 2763 699 2836 requies
712 2763 918 2818 concederetur
928 2781 935 2832 ;
946 2767 974 2819 el

151 2853 248 2912 adhuc
263 2854 434 2910 devictoris
448 2851 782 2910 dubitabatur.Tandem
799 2849 974 2908 exclamave-

152 2948 222 3000 runt
237 2943 415 3001 unanimiter
430 2960 533 3000 omncs
547 2943 583 2997 ad
599 2941 768 3011 Dominum,
778 2945 810 2996 ut
824 2940 901 3013 plebi
914 2957 972 2996 sua

1027 1975 1080 2015 aaa
1096 1960 1123 2015 el
1137 1961 1301 2016 consentiam
1317 1964 1347 2015 lu
1361 1963 1466 2035 aliqua,

1329 2050 1444 2108 CAPUT
1463 2051 1559 2108 XXlll.

1064 2139 1177 2194 Interea
1191 2138 1226 2194 de
1241 2137 1344 2194 itincre
1359 2139 1467 2195 milites
1482 2145 1510 2197 et
1521 2141 1647 2214 populus
1658 2159 1787 2215 quarere
1798 2160 1852 2199 coe-

1029 2231 1143 2299 perunt,
1160 2229 1276 2299 quando
1288 2227 1468 2300 principibus
1480 2229 1607 2302 placeret
1616 2236 1647 2286 ut
1662 2232 1850 2305 inciperetur.

1028 2316 1141 2372 Etenim
1154 2315 1220 2372 licet
1233 2333 1266 2372 ex
1282 2317 1368 2389 longo
1384 2323 1513 2391 tempore
1524 2319 1682 2392 incaeptum
1698 2325 1776 2377 esset
1788 2322 1850 2388 iter,

1028 2410 1125 2461 tamen
1142 2406 1272 2478 quotidie
1294 2406 1447 2463 ridebatur
1469 2408 1553 2464 nobis
1582 2408 1680 2481 incipi,
1709 2427 1777 2466 oum
1796 2411 1852 2467 iter

1028 2511 1191 2568 ageremus,
1209 2495 1280 2567 quia
1305 2497 1437 2552 nondam
1463 2498 1556 2554 iuerat
1581 2498 1769 2571 completum.
1786 2501 1851 2556 Boi·

1028 2585 1157 2640 mundus
1172 2585 1287 2639 dicebat
1299 2586 1377 2657 quad
1395 2603 1488 2658 usque
1503 2586 1533 2642 in
1550 2587 1661 2644 Pascha
1675 2588 1849 2646 differretur.

1028 2674 1063 2728 Et
1079 2678 1148 2729 tunc
1160 2678 1222 2730 erat
1232 2678 1350 2746 tempus
1368 2675 1522 2731 ltominiea
1533 2677 1851 2750 Natiuitatisssespera-

1027 2763 1099 2818 bant
1109 2763 1196 2819 etiam
1213 2763 1346 2829 multi‚eo
1358 2765 1435 2835 quad
1446 2766 1530 2838 pauci
1546 2771 1645 2823 essent
1655 2767 1721 2840 equi
1734 2767 1762 2822 in
1774 2785 1852 2824 exer-

1028 2851 1097 2918 citu,
1115 2857 1143 2908 et
1157 2853 1215 2907 dux
1230 2853 1339 2918 aberat,
1357 2854 1484 2909 etmulti
1508 2855 1543 2910 de
1558 2855 1702 2912 militibus
1719 2856 1852 2913 abierant

1027 2942 1062 2996 ad
1079 2941 1296 2997 balduinumde
1307 2943 1508 3016 Roaisltaqne
1519 2943 1603 3000 multi
1620 2947 1847 3003 revertebantur.

152 3033 297 3107 propitias
313 3034 404 3098 fieret,
420 3037 449 3090 et
464 3030 663 3106 apostolorum
692 3046 813 3087 suorum
829 3029 974 3102 promissa
1027 3030 1159 3086 Tandem
1173 3037 1371 3087 convenerunt
1383 3032 1538 3105 episeopus
1551 3033 1771 3106 albariensis,el
1781 3036 1849 3108 qai-

151 3122 333 3196 adimpleret.
349 3121 449 3179 Adfuit
464 3120 540 3177 illico
555 3119 708 3187 Dominus,
724 3123 752 3175 ct
766 3118 971 3185 civitatem,se-
1027 3119 1094 3175 dam
1111 3118 1222 3176 nobiles
1247 3137 1314 3175 curn
1340 3121 1447 3193 populo
1472 3139 1645 3195 pauperum,
1659 3128 1688 3179 et
1711 3125 1848 3180 comitem

151 3184 1227 3282 eundumapostolarumdtctanobisdonavit.nscendit(ievocaverunt.
1258 3211 1388 3282 Cumque
1421 3210 1576 3284 episcopus
1613 3213 1849 3285 pradicationem

151 3305 218 3356 ante
233 3318 334 3356 omnes
345 3299 488 3355 Goll'crius
500 3298 535 3352 de
549 3296 805 3366 Turribus3quem
823 3294 972 3350 subsecuti
1027 3314 1110 3351 suam
1124 3296 1337 3369 complevisset,
1355 3300 1573 3370 procubuerunt
1588 3301 1738 3368 milites,et
1752 3302 1849 3358 curnis

151 3393 220 3446 sant
235 3389 343 3462 plures,
360 3388 409 3460 qui
422 3403 538 3442 murum
551 3388 579 3441 et
589 3385 730 3458 quasdam
742 3387 837 3439 turres
848 3383 972 3461 civitatis
1026 3386 1152 3457 populus
1167 3391 1232 3441 ante
1249 3386 1405 3453 camitem;
1422 3393 1450 3442 et
1460 3406 1526 3444 cum
1539 3390 1675 3464 lacrymis
1687 3391 1788 3447 multis
1803 3393 1849 3448 de

152 3477 328 3534 invaserunt.
346 3478 381 3532 ut
397 3495 452 3531 nex
467 3472 685 3548 superveniens,
703 3489 829 3544 pugnam
842 3472 969 3527 diremit.
1026 3475 1306 3544 precabanlurcum,
1319 3484 1349 3531 ut
1360 3479 1424 3548 ipse,
1440 3480 1486 3533 cai
1496 3480 1619 3534 lanceam
1629 3497 1707 3535 stram
1717 3483 1848 3537 dontinus

148 3567 323 3623 Relinebnnt
346 3564 442 3621 adhue
471 3561 623 3620 Sarraceui
647 3561 789 3633 quasdam
818 3565 923 3628 turres,
941 3566 971 3617 et
1024 3565 1183 3630 ciratulerol,
1199 3565 1294 3620 deletor
1318 3566 1486 3622 oldomarus
1509 3571 1643 3625 exercitus
1664 3570 1783 3641 ejusdem
1799 3563 1847 3641 fiel

147 3662 260 3728 partem
275 3655 401 3711 civitatis
428 3653 539 3710 Obhoc
563 3651 662 3723 itaque
686 3655 837 3722 sperantes
861 3650 969 3707 milites
1024 3660 1073 3718 ret,
1089 3653 1215 3709 addrrntes
1230 3654 1299 3727 quod
1314 3654 1347 3711 ob
1365 3645 1414 3712 l'voc
1441 3657 1565 3713 lanceam
1588 3661 1760 3716 Dominio-om
1785 3677 1847 3732 pro·

146 3746 224 3818 quod
239 3761 332 3817 usquc
347 3744 377 3798 in
394 3759 491 3808 mane,
508 3759 538 3797 se
562 3739 713 3796 Sarraceni
731 3756 788 3794 non
806 3739 967 3807 dedissent,
1022 3743 1174 3810 paruisset,
1190 3751 1222 3798 ut
1242 3745 1270 3799 si
1289 3745 1343 3799 olii
1362 3747 1502 3818 principes
1525 3746 1692 3819 defecissent,
1718 3751 1775 3822 ipse
1798 3753 1845 3807 ob·

145 3841 342 3891 extramuros
358 3831 484 3888 civitatis
496 3829 708 3895 cristodiebant,
726 3845 761 3884 ne
776 3827 882 3900 aliquis
898 3830 967 3885 snb·
1022 3832 1122 3886 acrias
1137 3839 1212 3888 tanto
1238 3834 1366 3904 beneficio
1389 3834 1509 3903 Domini,
1534 3853 1643 3894 scarras
1670 3855 1732 3894 cum
1744 3843 1846 3912 populo

145 3910 311 3996 leriugeret.
326 3924 363 3977 At
377 3937 443 3977 vero
458 3919 477 3975 ii
492 3919 601 3992 'quibus
615 3935 669 3974 sua
692 3917 751 3972 vita
767 3935 823 3973 non
840 3916 966 3974 mullum
1019 3935 1137 3992 perpere
1159 3937 1214 3977 nou
1236 3922 1409 3994 formidaret,
1433 3925 1571 3996 Alioquin,
1588 3927 1706 3985 traderet
1722 3929 1845 3986 lanceam

144 4013 232 4068 chara
246 4012 349 4080 iuerat,
365 4027 441 4082 quos
456 4009 544 4081 longa
554 4007 670 4080 jeJunia
688 4005 718 4062 in
734 4006 779 4062 sui
796 4007 966 4078 despectum
1019 4009 1129 4079 populo,
1144 4018 1170 4065 ct
1192 4011 1246 4066 iret
1272 4012 1389 4082 populus
1411 4015 1442 4067 ia
1462 4014 1623 4083 lamuelem,
1645 4018 1702 4089 ipso
1728 4019 1844 4076 Domino

144 4101 333 4168 deduxerant,
349 4116 401 4172 per
411 4099 505 4155 noctis
516 4097 652 4154 tenebras
667 4095 773 4152 inferre
783 4094 860 4152 bella
870 4096 967 4151 Sarra·
1019 4095 1096 4153 duce.
1116 4098 1272 4154 lluhitabat
1282 4103 1379 4155 autem
1391 4107 1620 4176 comes‚pr0pler
1631 4105 1754 4162 aliorum
1765 4108 1844 4180 prin·

144 4189 223 4246 cenis
238 4205 296 4245 non
313 4188 519 4245 formidabant.
536 4187 630 4258 Atque
645 4185 687 4241 sic
700 4201 853 4258 pauperes,
864 4189 892 4240 et
902 4202 966 4256 spo·
1020 4184 1118 4258 cipum
1134 4187 1446 4253 absentiam‚melueus
1462 4192 1538 4263 quod
1554 4192 1579 4248 si
1591 4194 1652 4265 ipse
1667 4195 1749 4252 solus
1759 4197 1841 4253 diem

143 4278 183 4335 lia
197 4278 365 4349 civitatis,et
375 4278 478 4334 domas
492 4273 757 4332 habuerunl.Manc
769 4279 867 4328 autem
877 4273 964 4343 iacto,
1019 4273 1132 4331 itineris
1147 4274 1326 4342 terminaret,
1342 4277 1378 4332 ab
1394 4276 1534 4335 invidiam
1547 4280 1594 4337 sui
1618 4285 1785 4339 caterinen
1802 4286 1843 4342 is-

143 4367 267 4441 ingressi
283 4367 393 4424 milites
407 4365 563 4431 civitatem,
580 4380 644 4435 qua
655 4361 710 4418 sibi
727 4360 965 4435 tollerentpaaca
1018 4367 1092 4418 sent.
1110 4363 1183 4429 Ouid
1201 4364 1314 4420 multa?
1329 4365 1567 4425 Vinciturcomes
1583 4369 1720 4445 lacrymis
1735 4390 1843 4446 paupe·

142 4456 326 4513 invenerunt.
342 4454 492 4513 sarraceni
509 4470 574 4509 vcro
589 4451 792 4508 concluserant
810 4467 842 4506 se
853 4450 882 4505 in
899 4468 963 4523 spe·
1019 4468 1094 4519 ram,
1111 4456 1140 4507 et
1155 4451 1231 4508 diem
1248 4454 1386 4526 quintum
1397 4455 1543 4512 decimum
1555 4459 1592 4514 ad
1603 4459 1658 4516 iter
1668 4463 1840 4520 nominavit.

141 4562 193 4603 cus
209 4546 433 4612 subterrane0s3
451 4549 480 4599 et
495 4542 578 4609 nulli,
595 4540 637 4596 vel
664 4538 749 4612 pauci
774 4540 962 4612 apparebunt.
979 4555 1003 4619 Ι)
1019 4541 1112 4605 Ouum
1123 4540 1159 4596 ab
1171 4541 1410 4615 remindignatus
1421 4545 1840 4622 Boimundus,diemquintnm

140 4639 271 4708 itumque
286 4632 378 4691 nostri
390 4633 560 4704 omniaque
571 4646 660 4701 super
674 4634 781 4683 terram
795 4633 964 4699 repererant
1018 4633 1068 4684 aut
1083 4633 1197 4684 sextum
1214 4629 1378 4687 obclamare
1394 4632 1489 4690 itineri
1515 4652 1567 4708 per
1580 4637 1726 4694 civilatem
1737 4641 1838 4712 jussit,

139 4723 340 4790 sustulissent,
356 4721 488 4778 arbitrati
504 4716 604 4775 omnia
619 4733 683 4772 esse
698 4732 764 4771 cum
781 4715 960 4784 Sarracenis,
1015 4717 1210 4790 etpostbae‚
1232 4719 1417 4777 Antiochiam
1446 4740 1579 4781 reversus
1608 4732 1661 4783 est.
1688 4730 1841 4794 Quaerebat

138 4812 206 4887 igne
220 4817 248 4869 et
263 4813 343 4868 sumo
360 4810 518 4883 sulphureo
533 4812 618 4864 antra
633 4805 882 4878 perquirebant,et
892 4805 962 4877 quia
1015 4821 1114 4862 eomes
1129 4823 1195 4862 cum
1212 4807 1358 4881 episcopo,
1374 4813 1520 4883 quomodo
1533 4814 1678 4872 civitatem
1694 4819 1841 4889 patuisset

138 4919 195 4958 non
212 4900 306 4957 multa
318 4898 458 4972 spoliaihi
475 4896 667 4969 reperiebant,
682 4911 755 4967 quos
771 4893 960 4966 poterantin·
1015 4894 1158 4964 retinere;
1175 4900 1204 4951 et
1218 4913 1301 4969 quos,
1313 4902 1341 4954 et
1356 4905 1481 4972 quantos
1491 4901 1578 4969 viros,
1591 4921 1643 4976 pro
1653 4906 1786 4962 custodia
1798 4908 1838 4964 ibi

136 4991 234 5045 venire
250 4990 285 5044 de
301 4987 479 5053 Sarracenis,
497 4987 588 5042 donec
600 4984 635 5040 ad
653 4988 843 5054 mortem,pro
858 4982 960 5054 spoliis
1015 4982 1161 5040 dimittere
1177 4990 1303 5056 possent.
1319 4987 1431 5045 Interea
1441 4991 1590 5047 mandavit
1602 4996 1778 5051 eomesdaei
1789 4998 1840 5053 Lo·

137 5076 314 5135 afficiebant.
331 5074 458 5148 Contigit
481 5079 577 5129 autem
594 5072 770 5145 quibusdum
787 5071 823 5126 de
839 5071 958 5137 nostris,
1013 5071 1165 5145 tharingia
1181 5078 1209 5128 et
1224 5075 1261 5130 ad
1276 5075 1350 5133 alias
1366 5077 1417 5150 qui
1433 5077 1535 5136 Murra
1559 5099 1616 5138 non
1633 5083 1836 5152 interfuerunt,

136 5173 169 5224 ut
184 5182 250 5222 cum
265 5165 440 5220 Sarracenos
458 5180 510 5235 pro
526 5161 627 5234 spoliis
642 5178 693 5234 per
707 5159 852 5215 civitatem
868 5159 958 5216 dace-
1013 5165 1046 5216 ut
1061 5168 1309 5234 congregarentur
1332 5164 1364 5220 in
1380 5184 1472 5223 unum
1497 5167 1605 5237 lacum,
1622 5177 1710 5246 atque
1727 5174 1763 5229 de
1779 5173 1835 5240 his,

136 5259 210 5322 rent,
228 5269 321 5326 usque
336 5252 372 5308 ad
388 5257 490 5325 puteos
512 5251 661 5307 Sarraceni
688 5252 802 5304 nostros
818 5248 957 5319 perduee·
1012 5265 1076 5322 quaa
1085 5249 1182 5306 itineri
1194 5251 1279 5308 utilia
1289 5254 1383 5311 forent
1395 5261 1423 5311 el
1435 5258 1834 5333 populolleiperlractarenl.

135 5341 206 5397 bant
217 5345 316 5415 3atque
332 5359 363 5397 sc
378 5359 403 5397 si
416 5341 475 5397 bito
485 5341 567 5396 intus
579 5335 958 5412 precipitabant,eligentes
1011 5344 1107 5412 Atque
1122 5337 1163 5394 sic
1180 5349 1379 5400 convenerunt
1394 5347 1472 5417 apud
1488 5347 1601 5415 Boiam,
1614 5366 1679 5422 qua
1694 5350 1772 5407 inter
1781 5355 1837 5408 An·

135 5431 229 5503 magis
245 5431 347 5488 mortis
363 5430 568 5504 compendium
582 5443 670 5500 quam
686 5442 740 5482 sua
750 5424 957 5498 velaliquade·
1011 5426 1151 5483 tiocbiam
1167 5433 1196 5484 et
1211 5429 1337 5486 Murram
1354 5435 1437 5504 quasi
1448 5436 1544 5493 media
1558 5440 1718 5512 est.lbiqua
1733 5457 1836 5498 omnes

135 5526 298 5577 monstrare
313 5520 426 5577 vellent.
445 5522 626 5592 Quapropter
640 5530 743 5571 omnes
757 5514 845 5569 morti
856 5514 956 5586 subJa·
1010 5515 1157 5588 principes
1172 5516 1272 5573 habito
1288 5518 1443 5594 colloquio,
1454 5523 1484 5580 in
1495 5526 1625 5584 deterius
1635 5529 1833 5587 vertebantur.

132 5614 266 5681 suerunt,
282 5614 311 5667 et
333 5609 454 5683 projecti
473 5609 553 5673 sunl,
579 5621 631 5679 per
647 5601 769 5677 paludes
783 5600 908 5660 civitatis
924 5608 952 5659 et
1008 5602 1122 5660 Etenim
1137 5603 1284 5678 principos
1299 5624 1330 5664 ss
1346 5610 1499 5672 abitinere
1510 5617 1732 5686 mussabantet
1744 5635 1835 5678 eausa
