3816 6006
106 237 167 316 Ἀ
779 251 905 320 tle'fA
925 247 1135 322 renerent.
1748 248 1810 324 530

105 380 359 442 commilitonibus
382 383 446 443 suis
461 385 595 458 debebat,
612 388 642 444 in
656 387 763 447 loculis
776 377 851 446 nihil
876 390 927 447 ha·
943 391 969 459 Α
985 389 1144 464 aliquando
1159 392 1227 467 quis
1241 393 1328 450 ducet
1342 391 1457 462 honori,
1469 391 1521 466 qui
1535 393 1665 450 mmates
1678 393 1739 450 tres
1749 409 1809 452 uso

105 474 190 531 bens.
205 473 354 531 Gaudium
379 475 512 550 igituret
531 478 686 535 exsultatio
702 481 841 536 comitata
863 486 932 536 sunt
985 483 1126 556 perimeie
1150 484 1261 557 impetu
1287 483 1369 540 ducit
1392 482 1518 558 pudori?
1533 483 1610 557 qued
1634 483 1660 540 si
1684 482 1808 557 religios

104 565 272 637 pecaniam,
287 580 352 636 que
367 566 550 623 moxducem
561 566 686 624 absolvit
702 569 838 634 adebito,
855 568 931 624 mili·
986 572 1109 629 monstri
1126 571 1222 629 simile
1237 573 1320 629 aiunt
1336 574 1431 646 pisces
1451 573 1506 629 sub
1519 575 1617 629 aratro
1631 575 1754 640 scatere,
1765 573 1812 630 ast

103 657 229 726 bamque
245 653 374 725 inopiam
388 652 546 712 distributo
558 656 834 731 relevaiitargento.
847 658 931 715 forte
985 676 1038 735 ego
1052 660 1138 736 lenge
1163 662 1380 719 monstruosius
1395 666 1455 718 tam
1471 661 1612 735 cupidum
1634 660 1732 719 laudis
1747 658 1811 717 lau-

104 741 196 797 edam
210 742 333 815 contigit
347 748 380 798 ut
394 744 520 801 missum
535 746 686 818 apresulc
703 746 840 802 nuntium
854 746 931 804 alius
985 746 1051 805 dem
1067 750 1176 823 fugere.
1193 749 1324 823 Denique
1339 755 1399 806 tam
1415 749 1600 808 clarissimus
1613 739 1736 807 bellator
1749 752 1812 808 tots

104 830 234 902 praeierit
249 848 307 886 non
322 831 452 901 missum
469 851 527 906 que
543 836 653 900 audite,
671 837 771 891 statim
786 837 930 910 dispergi·
985 834 1118 892 diflicilia
1132 854 1300 912 aggressus,
1317 842 1359 894 tot
1369 852 1474 912 aspera
1484 841 1706 912 perpessus,tot
1720 841 1811 895 certa

103 922 163 986 tur,
173 920 254 992 quod
269 921 401 977 nondum
416 921 580 979 habebatur
591 943 598 992 ς
611 941 679 981 mox
694 925 768 982 alies
779 925 863 992 ditat,
880 926 930 997 qui
985 927 1066 981 mina
1077 926 1385 1001 supergressus,facile
1397 925 1485 983 fidem
1496 925 1809 1001 impetret,presertim

104 1005 203 1062 adhuc
211 1006 327 1081 egebat,
340 1009 381 1065 ita
391 1011 469 1067 enirn
484 1012 600 1069 dicebat
610 1013 640 1069 in
651 1014 737 1070 eorde
748 1031 801 1071 sue
814 1033 820 1071 :
833 1038 847 1066 α
859 1015 931 1071 ’fhe-
985 1020 1082 1088 strage
1097 1016 1189 1072 armis
1214 1017 1322 1072 vicinia
1345 1016 1481 1085 testibus,
1499 1019 1567 1073 ante
1590 1012 1690 1072 emnia
1708 1013 1810 1089 lingua

104 1102 213 1153 murus
228 1110 313 1154 meus
329 1098 389 1155 sint
403 1099 513 1157 milites
524 1103 581 1156 mei
596 1121 602 1169 ;
615 1119 714 1175 egearn
727 1119 779 1178 ego
790 1104 861 1160 darm
874 1104 929 1176 ipsi
985 1104 1090 1177 ipsius,
1103 1104 1149 1159 cui
1162 1110 1193 1160 ut
1203 1103 1275 1161 nulli
1287 1105 1395 1161 certius
1406 1104 1577 1160 credebatur
1589 1121 1595 1160 :
1607 1106 1809 1163 verumtamen

103 1184 266 1254 abundent,
292 1204 350 1243 non
374 1187 515 1245 sollicitor
539 1190 665 1260 habere;
682 1194 732 1249 sed
753 1193 930 1249 habentibus
984 1191 1091 1249 latente
1106 1209 1195 1251 causa
1209 1194 1329 1250 effectus
1344 1193 1449 1267 patuit,
1461 1183 1809 1267 causa,inquam,sile'ntil

103 1272 261 1347 imperare.
278 1275 405 1333 Onerent
429 1278 459 1334 hi
484 1284 605 1353 argente
625 1283 795 1355 marsupia;
811 1299 865 1356 ego
880 1301 929 1341 ees
985 1281 1104 1337 effectus
1119 1281 1207 1338 cedis
1222 1283 1317 1356 patuit
1331 1283 1419 1338 etiam
1433 1281 1522 1356 longo
1536 1286 1667 1364 tempore
1687 1284 1753 1354 pest
1766 1279 1809 1339 rai

100 1360 194 1429 euris,
210 1363 313 1430 armis,
330 1365 447 1434 sudore,
464 1372 601 1436 tremore,
617 1369 771 1442 grandine,
787 1369 897 1442 pluria.
916 1396 929 1423 »
984 1371 1086 1438 series,
1099 1376 1131 1427 ut
1142 1372 1295 1445 adjuratus
1305 1372 1433 1446 armiger
1443 1371 1520 1426 diem
1533 1369 1643 1426 silentii
1654 1367 1811 1443 complevit

100 1446 181 1515 Quos
196 1453 294 1506 umen
311 1450 358 1507 die
371 1451 466 1522 bellis,
484 1462 567 1512 nocte
589 1458 699 1531 vigiliis
715 1458 851 1533 fatigatos
866 1461 930 1534 ipse
984 1458 1145 1532 prefixum.

99 1537 208 1594 leniter
222 1543 415 1612 supportabat
424 1544 479 1598 vici
495 1545 600 1601 debite
616 1548 780 1618 subeundo,
798 1566 856 1622 qua
866 1549 929 1604 vul·
985 1565 1055 1622 ΗΠ,
1073 1599 1107 1606 -
1123 1568 1341 1625 Christianorum
1353 1569 1488 1641 patientia
1505 1569 1536 1623 ie
1546 1566 1618 1623 dero
1631 1565 1810 1639 hacotonpe

99 1644 158 1683 nus
173 1634 336 1697 excusaret,
352 1645 404 1686 seu
420 1633 541 1690 morbus
558 1652 565 1689 :
582 1651 667 1692 suam
682 1653 749 1693 vere
777 1656 928 1711 nunquam

1319 1639 1468 1697 obsidione.

98 1715 227 1772 dominii
239 1717 543 1778 reverentiadesidem
557 1724 625 1780 feeit
636 1744 642 1792 ;
655 1727 725 1798 quin
743 1728 806 1799 ipse
817 1732 845 1783 et
855 1744 930 1784 sem·
944 1762 968 1828 B
1019 1728 1115 1786 llonet
1131 1745 1177 1785 me
1192 1734 1309 1802 tempus
1332 1730 1368 1784 ad
1394 1726 1595 1785 intermissam
1619 1726 1714 1784 redire
1729 1725 1809 1784 obsi·

98 1810 153 1877 per
166 1805 304 1878 explebat
317 1823 413 1877 suam,
428 1814 458 1864 et
473 1829 530 1867 nou
546 1812 652 1883 solum,
670 1820 703 1871 ut
725 1818 927 1890 praecriptum
982 1816 1112 1885 dionem,
1129 1823 1161 1874 ut
1174 1816 1219 1874 uel
1236 1816 1410 1891 quantulam
1425 1816 1461 1873 de
1474 1810 1582 1873 sudore
1593 1819 1679 1872 tanto
1694 1815 1744 1888 qui
1760 1831 1809 1872 su·

98 1897 156 1961 est,
169 1893 337 1966 supplebat,
349 1896 400 1953 sed
416 1902 445 1954 et
459 1901 645 1974 precipiebat
660 1902 798 1960 alienam.

99 1998 160 2056 Lll.
176 2032 212 2041 -
225 2000 371 2074 Singulari
393 2009 722 2151 certamifoqufcncredus
748 2021 802 2069 tres
832 2015 928 2070 furcos

451 2094 530 2135 coeo
573 2123 579 2135 .

131 2160 219 2225 Quod
235 2155 308 2219 dum
324 2164 433 2238 sapius
447 2172 557 2240 egeret,
573 2171 697 2244 contigit
710 2175 743 2227 ut
759 2189 817 2228 uno
837 2173 928 2229 corni-

97 2251 180 2304 tatus
195 2249 304 2307 Achate
315 2254 350 2307 ad
363 2255 566 2312 excubandum
581 2261 870 2331 egrederetur,lerice
881 2280 928 2337 ga-

983 1907 1087 1965 davere
1102 1908 1248 1980 accipiant
1272 1907 1453 1964 mercedem:
1471 1923 1539 1962 nam
1555 1905 1586 1961 in
1601 1906 1665 1978 ejus
1680 1903 1808 1962 exercitu

979 1997 1042 2068 jam
1058 1997 1118 2054 fere
1147 1997 1318 2054 octimensis
1339 2012 1422 2052 mora
1444 1994 1529 2052 multi
1551 1999 1670 2051 strenue
1694 1991 1807 2063 multa;

983 2085 1110 2141 maxime
1122 2087 1248 2159 majores
1257 2085 1313 2140 viri
1325 2086 1437 2157 majora
1445 2084 1576 2140 fecerunt
1587 2099 1593 2138 :
1605 2078 1751 2139 socialiter
1758 2098 1809 2138 aa·

982 2178 1042 2230 tem
1058 2175 1179 2243 summi,
1195 2174 1367 2243 mediocres,
1386 2178 1416 2231 et
1430 2173 1482 2229 imi
1498 2172 1599 2247 gravia
1612 2170 1807 2245 pertulerunt,

983 2263 1100 2332 famem,
1117 2267 1326 2331 terremotum,
1338 2279 1482 2336 aquarum
1494 2257 1809 2329 inundationem,aeris

97 2336 205 2411 leaque
232 2341 427 2411 cessantibus,
458 2346 606 2403 accinctus
635 2347 733 2421 gladio
766 2352 927 2424 equitabat,
981 2354 1108 2408 terrores
1123 2352 1229 2421 varios,
1246 2351 1375 2425 impetus
1390 2367 1506 2424 puoque
1518 2345 1670 2405 nunccoeli
1683 2346 1807 2418 ruentis,

97 2438 174 2499 puer
187 2426 303 2484 hastam
321 2428 439 2503 gerebat
454 2437 482 2489 et
498 2434 631 2508 clypeum
650 2455 656 2492 ι
670 2438 739 2494 item
751 2441 856 2496 armati
867 2444 928 2498 tres
983 2439 1138 2496 nuncbelli
1151 2441 1334 2515 ingruentis:
1348 2440 1482 2513 prodigia
1493 2454 1611 2512 quoque
1622 2441 1650 2494 et
1659 2436 1807 2494 visicnssc

97 2515 284 2572 excubabant
297 2519 394 2587 ltrrci,
407 2537 481 2593 quos
496 2524 654 2581 Antiochia
671 2532 754 2600 porta
768 2529 925 2586 omiserat:
982 2528 1025 2583 hae
1041 2527 1143 2586 multis
1158 2526 1243 2598 clam,
1261 2527 1311 2585 illa
1325 2528 1440 2584 cunctis
1450 2526 1547 2602 palam
1563 2520 1676 2584 coelitus
1691 2523 1808 2582 effulse-

97 2604 238 2660 errabant
248 2611 346 2664 autem
357 2607 407 2663 alii
419 2609 545 2667 eliorum
555 2614 648 2686 ignari
662 2633 668 2671 :
682 2634 749 2672 nam
759 2615 927 2691 longiuscu-
981 2622 1050 2672 runt
1067 2635 1073 2673 :
1091 2635 1216 2690 quorum
1232 2619 1350 2693 singura
1364 2617 1389 2675 si
1405 2617 1469 2674 suis
1484 2612 1597 2685 ordine,
1607 2611 1807 2687 medodigni·

96 2690 161 2750 tom
176 2697 274 2750 castra
289 2697 326 2752 ab
352 2699 424 2753 urbe
448 2701 577 2772 spatium
603 2703 761 2762 dirimebat
773 2725 779 2776 ;
795 2707 925 2777 frutices
980 2710 1039 2763 tate
1051 2707 1191 2780 explicem
1204 2725 1210 2763 :
1223 2709 1314 2765 nimis
1325 2708 1443 2763 interim
1454 2705 1540 2763 sileat
1549 2700 1718 2762 'tancredus
1729 2702 1807 2761 sicut

96 2781 287 2852 monticulos,
313 2784 457 2844 convalles
481 2789 673 2862 interjiciens,
699 2798 782 2866 aptas
808 2795 926 2852 insidiis
980 2795 1088 2868 quietis
1099 2795 1233 2869 scriptor,
1247 2797 1287 2852 ita
1297 2795 1415 2853 silentio
1431 2794 1581 2869 indignus.
1596 2792 1686 2850 Porro
1701 2791 1820 2866 cymba,

96 2868 235 2928 latebras.
251 2873 287 2928 At
297 2873 412 2931 duobus
423 2881 482 2933 tres
492 2881 785 2951 compertis,irruunt
797 2885 826 2939 in
837 2901 925 2958 quem
981 2889 1080 2940 nostra
1096 2901 1160 2940 sero
1175 2885 1273 2941 veniat
1286 2886 1315 2941 in
1331 2889 1459 2958 portum,
1476 2884 1500 2940 si
1516 2883 1591 2939 tanti
1603 2878 1746 2955 procellas
1757 2897 1805 2954 pe·

97 2957 275 3016 altemtrnrn
293 2962 406 3019 irruant
422 2966 527 3038 ignari.
538 2968 677 3034 Quinimo
688 2972 801 3041 miseri,
812 2973 904 3046 fugite
916 2991 922 3030 :
979 2971 1037 3046 lagi
1049 2971 1162 3028 sulcare
1174 2973 1327 3048 aggrediar
1344 2991 1350 3029 :
1362 2973 1429 3046 quis
1440 2972 1519 3029 enim
1530 2969 1565 3026 de
1575 2967 1725 3026 Godefridi
1735 2962 1811 3024 viri-⁴

97 3047 203 3122 fugite,
220 3049 352 3123 inquam,
367 3053 506 3123 Castoris,
523 3056 681 3130 Cyllarum‚
698 3060 828 3134 Achyllis
839 3062 925 3118 fraxi—
978 3062 1035 3117 bns
1050 3063 1205 3135 stupendis
1221 3067 1389 3135 presumat,
1405 3062 1490 3133 cujus
1501 3077 1570 3116 ense
1580 3055 1802 3131 traJ'ectus'l’ar·

97 3149 192 3204 num3
209 3137 340 3195 dextram
361 3141 509 3217 Meleagri,
535 3147 651 3204 animos
665 3147 764 3221 Tydei,
790 3149 924 3207 Herculis
939 3126 960 3194 C
980 3162 1032 3206 eus
1047 3150 1105 3205 duo
1121 3150 1384 3206 lhctusestTurci:
1401 3154 1434 3204 ut
1444 3148 1565 3204 inferior
1575 3145 1648 3202 alter
1658 3145 1688 3201 in
1698 3138 1802 3201 urbem

96 3225 257 3295 hidonem,
274 3229 371 3300 ejects
394 3233 613 3307 septemplicem
631 3253 637 3291 :
655 3237 715 3292 hec
731 3239 809 3293 enim
826 3240 925 3294 omnia
979 3238 1133 3310 equitaret,
1150 3238 1222 3294 alter
1238 3239 1402 3295 arcitenens
1419 3235 1586 3292 influmine
1606 3234 1728 3290 nataret.
1745 3229 1804 3290 Aut
1871 3291 1875 3308 ι

97 3328 193 3370 unum
208 3315 286 3371 huuc
298 3316 467 3375 bellatorem
478 3328 595 3379 nunant
607 3342 613 3379 :
626 3324 735 3381 frustra
749 3324 904 3383 lacessitur
916 3346 922 3396 ;

96 3396 176 3458 altre
191 3403 256 3475 ipse
269 3405 381 3462 occurit
395 3408 533 3465 omnibus
547 3410 594 3467 bis
615 3418 757 3482 armatus,
774 3431 861 3488 quem
880 3416 924 3470 fu·

94 3505 166 3565 gera
181 3496 301 3549 cautum
314 3501 368 3564 est,
385 3502 552 3570 exspectare
567 3499 701 3571 stultum,
719 3505 859 3576 impetere
881 3505 924 3560 fu-

95 3580 212 3636 riosum
229 3589 452 3643 :verumtamen
477 3590 618 3660 quoniam
643 3592 768 3648 invitum
792 3595 842 3667 qui
865 3611 924 3650 ser-

93 3671 155 3736 vat,
173 3669 252 3725 idem
268 3670 336 3727 facit
350 3676 503 3745 occidenti,
521 3678 624 3734 irruite
639 3680 730 3748 ocius,
748 3686 780 3736 ut
799 3688 924 3756 quante·

94 3754 162 3812 aius
177 3760 322 3816 corruatis
338 3778 344 3815 :
362 3766 488 3821 corruite
512 3766 619 3835 subito,
646 3773 678 3823 ut
702 3773 831 3842 supersit
851 3772 924 3828 Mar-

94 3843 228 3902 ahtsides
243 3846 273 3902 in
288 3854 405 3906 eterno.
418 3854 470 3917 Oui
482 3872 636 3912 occursum
649 3859 796 3932 accipiens
807 3860 923 3917 demen-

95 3937 168 4001 tem,
194 3934 380 4003 uel'ociorem,
396 3943 428 3994 ut
451 3941 492 4009 tlt,
510 3949 626 4016 arrepta
651 3947 764 4002 fraxino
788 3964 923 4005 occurse-

93 4036 160 4079 rem
175 4025 333 4099 transfigit.
349 4027 429 4084 Pelta
438 4034 466 4085 et
480 4030 583 4088 thorax
593 4034 666 4091 alios
677 4037 752 4093 tueri
765 4036 922 4108 solent,sod

94 4109 148 4166 elii
165 4111 285 4182 abjecte
301 4117 458 4187 perfossori
476 4135 482 4172 :
499 4119 547 4175 hic
562 4123 709 4193 perfossor
725 4125 836 4181 nrillem
852 4127 923 4182 sinit

94 4209 162 4254 sese
172 4198 295 4258 loricam
307 4203 547 4274 fidelem,nullanr
560 4226 616 4266 non
634 4212 766 4268 fallacem
783 4214 850 4270 :hic
861 4233 924 4288 per-

94 4294 202 4342 cussor
213 4289 251 4344 de
263 4288 348 4362 galea
363 4294 434 4350 facit
448 4297 577 4367 mitram,
594 4300 629 4354 de
646 4299 745 4374 clypeo
761 4302 924 4375 pallam,de

95 4375 218 4433 thorace
233 4379 426 4450 subuculam3
444 4387 571 4456 perforat
585 4387 712 4461 denique
728 4396 759 4446 ut
775 4391 867 4447 linum
887 4391 923 4448 li-

978 3327 1046 3400 quis
1062 3327 1133 3383 illud
1150 3327 1307 3384 ltairnnndi
1317 3327 1405 3401 digne
1419 3321 1679 3396 admiretur,quod
1693 3321 1803 3396 sepius

978 3417 1141 3473 occurrenti
1157 3417 1316 3473 Antiochia
1333 3416 1414 3474 solus
1429 3414 1547 3482 restitit,
1559 3414 1636 3489 qued
1652 3408 1803 3470 interdum

978 3505 1233 3574 fossas,interdum
1250 3522 1350 3561 muros
1374 3518 1595 3579 supergressam
1618 3496 1742 3559 uiriliter
1757 3517 1802 3558 re·

978 3593 1053 3666 pulit
1066 3611 1072 3649 :
1083 3595 1141 3650 imo
1152 3594 1229 3667 quod
1240 3593 1321 3651 nullo
1331 3594 1475 3650 exercitus
1484 3592 1590 3649 remoti
1610 3590 1703 3648 fretus
1719 3588 1803 3647 auxl-

977 3683 1148 3756 tio,pontem
1160 3684 1285 3741 obsedit.
1293 3682 1394 3740 Nonne
1402 3681 1464 3740 sola
1472 3681 1672 3756 flandrigene
1683 3674 1801 3736 lloberti

977 3771 1079 3828 lancea
1103 3771 1292 3844 singulariter
1312 3788 1399 3828 suurn
1419 3765 1583 3844 expostulat
1606 3767 1804 3842 scriptorem?

978 3876 1066 3934 quem
1080 3861 1152 3917 dum
1169 3856 1349 3935 quotidianis
1359 3860 1505 3917 mortibus
1515 3857 1701 3916 Antiochiam
1716 3856 1801 3926 ditat,

978 3950 1149 4023 quotidiano
1162 3959 1261 4006 cernes
1275 3967 1349 4022 equo
1366 3952 1554 4023 pauperatur,
1570 3951 1604 4004 ut
1621 3944 1733 4004 scilicet
1747 3943 1801 4029 fal-

976 4039 1054 4096 lente
1069 4039 1211 4095 damnum
1236 4040 1340 4095 ardere
1360 4037 1468 4107 laudis,
1489 4031 1648 4110 aliquando
1674 4031 1801 4107 principi

978 4131 1059 4184 tante
1075 4128 1189 4184 deesset
1204 4145 1308 4200 equus,
1325 4127 1382 4182 nisi
1399 4127 1582 4181 succurreret
1591 4123 1711 4180 vicatim
1722 4138 1802 4180 men·

978 4216 1102 4273 dicatus.
1128 4215 1315 4272 Deferebatnr
1339 4214 1431 4288 pelvis
1452 4213 1555 4286 patula
1579 4229 1630 4285 per
1653 4212 1800 4278 tabernas,

979 4324 1066 4379 qnam
1083 4321 1145 4360 rem
1161 4301 1604 4376 miserantiasupplebantcomi
1620 4315 1803 4373 equum,ma-

979 4394 1085 4451 cellnm
1102 4412 1135 4449 ex
1150 4411 1292 4466 caupona.
1308 4393 1397 4448 Porro
1419 4391 1491 4464 quid
1516 4389 1613 4446 simile
1637 4387 1679 4445 illi
1695 4387 1802 4445 secula

96 4474 203 4537 gnum
219 4469 252 4521 ut
266 4471 426 4527 cannabem
440 4473 585 4547 calybem,
600 4481 632 4531 ut
647 4475 924 4548 lanam,larnnram:
941 4495 964 4559 [J
979 4487 1079 4539 nostra
1088 4481 1315 4554 uiderunt,quod
1324 4480 1441 4537 ducenti
1451 4479 1566 4535 circiter
1573 4477 1745 4535 semiermes
1755 4493 1801 4545 xv,
1814 4534 1817 4539 ,

97 4552 256 4626 sedprimi
279 4559 720 4636 medius,nececonspecta,tlt
743 4569 851 4625 tardior
869 4588 875 4626 :
893 4575 925 4626 ut
980 4570 1074 4628 millia
1098 4576 1227 4627 armatos
1255 4587 1323 4644 pars
1348 4569 1442 4642 major
1465 4567 1587 4625 asinarii
1617 4560 1801 4632 caballarios,

97 4643 925 4731 tardioris,ultitnisnbsidiofulciretur.lnfeliaqnimedo
979 4660 1110 4735 languidi
1128 4661 1263 4734 fugavere
1286 4658 1443 4715 robustos?
1459 4659 1545 4729 cujus
1568 4653 1694 4711 victorie
1710 4652 1803 4709 fertur

97 4730 237 4789 velocteri
253 4748 434 4807 praecursum
450 4739 925 4821 invidebas:nunesegniorisbea-
980 4750 1232 4807 Blesensiscornes
1243 4748 1300 4804 dux
1310 4747 1400 4803 fuisse
1408 4744 1565 4802 Godefrido
1573 4741 1803 4814 boamundoque

97 4824 162 4875 um
176 4825 297 4894 prefers
312 4827 479 4885 tarditatem
493 4848 499 4897 ;
516 4834 545 4886 et
560 4832 589 4887 id
605 4837 703 4890 tamen
720 4837 829 4893 frustra
846 4856 852 4894 :
873 4840 924 4894 uni
980 4839 1118 4907 sociatus,
1135 4838 1211 4893 unde
1224 4837 1475 4910 septingentorum
1492 4838 1521 4890 et
1531 4847 1564 4890 ee
1579 4827 1707 4905 amplius
1722 4829 1803 4904 capi·

99 4909 249 4982 siqutuem
264 4912 409 4972 debentur
430 4918 538 4975 destrae
561 4920 644 4977 celox
668 4928 696 4979 et
720 4926 925 4994 tardesanes
978 4932 1043 4982 turn
1073 4927 1233 4999 asportatio
1260 4924 1441 4981 Antiocheno
1466 4922 1631 4998 spectaculo
1656 4920 1732 4978 facta
1758 4923 1804 4977 est

99 4999 212 5072 quippe
226 5003 329 5084 ambos
347 5007 531 5080 aggrediens,
548 5010 638 5083 hrrjns
660 5012 756 5069 adhuc
779 5015 925 5071 obviantis
980 5015 1136 5072 ostentatio
1165 5014 1309 5089 lugubris,
1342 5015 1417 5069 inter
1445 5031 1509 5087 que
1541 5011 1693 5087 sigillatim
1727 5008 1803 5084 palis

101 5089 229 5146 mutem
244 5090 380 5162 dissecat,
392 5095 473 5152 illius
490 5099 590 5172 fugam
605 5104 685 5173 terge
701 5103 779 5158 sistit
792 5105 923 5175 traJecto.
979 5105 1242 5176 affixa,quantuam
1251 5101 1419 5177 putasillud
1430 5101 1561 5159 Blesensi
1572 5097 1803 5176 gladiogleriam

101 5177 159 5234 Sed
173 5183 221 5235 est
235 5182 314 5252 qued
328 5187 474 5256 stupeam,
490 5205 543 5242 nec
567 5190 640 5244 satis
656 5189 765 5246 valeam
782 5197 899 5263 stupere
917 5212 922 5249 :
979 5192 1113 5259 contulit,
1126 5194 1211 5264 cujus
1231 5191 1382 5247 oculorum
1408 5191 1549 5248 distantia
1572 5191 1700 5264 semipes
1724 5188 1804 5246 fuit?

99 5282 170 5323 cum
185 5267 274 5325 horno
288 5272 349 5326 tam
364 5274 512 5344 pretiosus
526 5275 624 5332 luridis
639 5282 761 5349 emptor.
771 5296 836 5334 inex
853 5298 925 5352 pre-
980 5283 1089 5337 llorere
1107 5286 1138 5335 ut
1152 5281 1210 5335 dixi
1229 5282 1275 5336 ria
1290 5280 1428 5336 centifida
1442 5281 1550 5335 iterum
1567 5298 1613 5338 me
1628 5284 1804 5349 revocatae-

99 5357 195 5413 sentis
210 5373 263 5414 osa
276 5360 415 5434 armigeri
439 5362 556 5419 silentio
576 5366 751 5422 concluserit
766 5368 900 5439 adjurato
917 5388 923 5425 :
980 5373 1050 5428 dnm
1060 5369 1530 5444 singulisragahrrndusinsistam
1541 5389 1547 5438 ;
1557 5373 1673 5443 acoepte
1684 5369 1803 5426 tramite

100 5446 246 5520 pudorne,
262 5463 299 5503 an
316 5448 429 5524 religio,
445 5469 481 5507 an
498 5452 655 5509 adhibendi
674 5455 739 5511 fidei
761 5456 926 5514 diffidentia
981 5461 1082 5515 devius
1097 5460 1240 5515 alierrern.
1257 5458 1408 5516 Celebrent
1428 5476 1497 5516 sues
1511 5459 1701 5528 Nermannia,
1717 5457 1803 5516 flan-

99 5543 199 5593 dsuse
212 5536 334 5608 herirat,
346 5549 467 5612 pret-sus
478 5541 579 5615 ignore
597 5558 683 5599 :nam
695 5543 719 5599 si
731 5545 825 5617 pudor
836 5565 843 5615 ;
853 5548 925 5620 quid
980 5549 1054 5618 dria,
1071 5549 1222 5616 Rohertos,
1239 5547 1368 5621 reliquos
1391 5548 1480 5604 duces
1495 5546 1630 5606 occidens
1643 5547 1778 5622 reliquus
1794 5565 1801 5604 :
