3816 6006
144 218 205 282 939

412 220 465 282 ab
488 218 746 286 GUDUURIDUM
766 213 934 281 aurbun.
957 211 1221 280 11.-Mouuu.
1246 218 1297 280 DE
1318 217 1446 281 Beato
1467 217 1606 282 stoue,

1790 219 1851 280 940

144 358 229 410 terrae
245 367 371 424 quoque,
388 368 476 424 quam
500 352 607 426 polluit
627 359 655 410 ct
678 352 781 410 exurit.
798 350 969 420 Ubicunque
984 346 1010 413 A
1025 350 1070 401 rat
1085 363 1171 413 auno,
1188 349 1383 422 opinabamur
1397 367 1465 406 cum
1483 367 1539 405 non
1562 367 1626 405 esse
1651 348 1727 405 ultra
1749 355 1850 406 vontu-

146 439 340 507 luerit‚lerale
351 440 473 497 sortitur
483 442 712 515 receptaculum,
727 440 852 514 denique
866 437 976 495 exstin-

148 529 215 604 guit
229 528 348 598 herbas,
365 534 450 587 necat
465 531 593 588 arbores.
611 532 692 604 ipsas
705 533 793 588 otiam
815 526 977 600 corrumpit

151 634 250 686 auras,
262 617 302 674 ita
311 622 342 674 ut
353 618 383 674 in
395 636 460 676 aare
470 618 551 676 nulla
561 621 664 676 alitum
677 622 798 694 impune
807 617 975 675 transvolet.

152 706 258 764 inlecto
275 706 381 781 spiritu
396 707 552 782 pestilenti.
564 715 635 767 cum
652 715 794 778 movetur,
806 707 904 764 modia
919 706 978 761 co'r-

152 795 231 869 poris
246 800 329 869 parte
344 797 444 870 serpit,
462 798 557 855 media
581 799 691 856 arduus
716 804 760 855 est
784 801 813 854 et
833 795 975 853 excelsus.

152 883 277 943 Sibilum
288 886 313 959 ej
318 903 351 942 us
362 885 450 943 etiam
460 893 609 960 serpentes
620 887 855 962 perhorrescunt.
863 887 897 941 Et
908 902 975 941 cum

151 973 296 1047 acceperit
306 976 665 1052 lugam,quaequequoquo
673 981 798 1051 possunt
809 977 975 1049 properant.

152 1062 298 1136 Quidquid
310 1081 410 1121 morsu
420 1066 485 1138 ejus
495 1066 638 1136 atteritur,
651 1084 709 1123 non
720 1065 887 1139 depascitur
905 1065 974 1131 tera,

151 1153 575 1213 nonattrectatales.M11stelis
590 1161 687 1213 tamen
698 1155 833 1223 vincitur,
846 1168 919 1226 quas
929 1153 977 1207 in·

1020 453 1109 505 rum,
1121 437 1197 494 sicut
1211 438 1435 496 interminatum
1453 441 1592 508 luerat,et
1606 439 1682 496 sicut
1699 439 1777 495 lama
1792 457 1858 513 pro-

1030 526 1305 601 miserat.Sed,quia
1313 531 1397 601 juxta
1407 529 1553 602 prophete
1564 528 1759 601 eloquium,in
1767 547 1857 586 mauu

1030 614 1159 673 bominis
1173 617 1219 672 via
1235 620 1299 690 ojus
1314 635 1372 674 non
1388 623 1441 685 est,
1455 635 1507 673 nee
1518 619 1554 674 ab
1570 618 1759 687 bomine,sed
1775 620 1857 675 allo·

1031 704 1112 761 mino
1140 721 1261 778 gressus
1285 706 1414 764 hominis
1440 708 1610 780 diriguntur
1624 712 1716 778 (Proo.
1733 725 1779 776 rx,
1797 710 1855 778 24),

1031 810 1113 866 spem
1130 812 1163 851 ex
1178 800 1258 868 parte
1273 813 1381 870 magna
1392 797 1574 853 defraudavit
1588 797 1768 870 opinio.Non
1779 798 1858 853 euim

1031 883 1065 939 fit
1079 885 1155 955 quod
1173 884 1303 941 bumana
1326 886 1450 942 aviditas
1476 886 1599 954 stabilit,
1616 887 1665 942 sed
1688 887 1767 958 quod
1783 887 1860 943 Deus

1031 973 1139 1028 arbiter
1150 974 1261 1030 meritis
1272 974 1410 1030 humanis
1422 979 1585 1047 competere
1592 973 1779 1045 judicaverit.
1790 978 1860 1031 Cum

1031 1065 1129 1117 autem
1144 1079 1195 1134 per
1210 1063 1324 1119 litteras
1340 1081 1410 1120 suas
1425 1081 1475 1119 rex
1490 1064 1655 1119 mandando
1667 1065 1753 1120 noble
1763 1063 1861 1121 Hiero·

1032 1149 1153 1222 solymis
1178 1151 1305 1208 innotuit
1328 1169 1393 1209 eum
1417 1154 1479 1223 jam
1496 1152 1652 1208 Antiochiae
1669 1153 1857 1226 applicatum,

151 1241 249 1299 lerunt
258 1242 393 1300 homines
402 1244 532 1301 cavernis
542 1245 651 1319 quibus
660 1241 978 1314 delitesouutUeniquo
1033 1240 1173 1297 omnibus
1190 1258 1248 1296 non
1266 1242 1450 1298 mediocriter
1474 1241 1592 1314 placuit.
1608 1243 1663 1298 Sed
1692 1247 1793 1310 Deum,
1810 1244 1857 1316 qui

151 1330 281 1388 basilisci
296 1331 437 1406 reliquias
453 1334 551 1407 amplo
560 1333 697 1391 sestercio
714 1333 883 1407 Pergameni
899 1348 979 1407 com·
1033 1346 1100 1385 eum
1116 1329 1237 1385 adduxit
1257 1348 1373 1402 sanum,
1391 1330 1488 1387 cuncti
1513 1329 1708 1387 laudavimus.
1726 1332 1793 1387 Jam
1817 1331 1857 1388 sol

152 1425 338 1494 paraverunt,
350 1426 383 1478 ut
397 1422 489 1480 adem
504 1423 646 1496 Apollinis
662 1441 750 1480 manu
769 1423 915 1495 insignem
927 1438 978 1478 nee
1033 1419 1262 1486 occiderat‚cum
1280 1422 1396 1492 portum
1412 1424 1495 1476 noete
1512 1419 1669 1476 subintrat.
1679 1420 1858 1477 Adventante

152 1523 264 1566 manee
278 1508 448 1581 intexerent,
466 1527 518 1567 nee
533 1511 617 1568 alites
641 1510 813 1568 involarent.
829 1508 977 1583 Amphisi·
1033 1512 1130 1564 autem
1146 1506 1196 1564 illo
1211 1508 1404 1579 Antiochiam,
1421 1509 1457 1564 ab
1470 1509 1609 1565 omnibus
1633 1509 1797 1581 gaudenter
1816 1514 1858 1566 est

152 1598 228 1655 hena
242 1598 336 1673 surgit
351 1600 380 1654 in
397 1604 485 1673 eaput
500 1599 662 1673 geminum,
675 1617 800 1674 quorum
815 1600 977 1656 secundum
1033 1597 1256 1670 susceptus.Cui
1272 1614 1339 1656 eum
1355 1598 1541 1670 processione
1556 1615 1664 1672 magna
1677 1603 1707 1654 et
1719 1598 1856 1654 laudibus

152 1703 188 1743 aa
200 1687 231 1742 in
246 1692 328 1761 parte
339 1697 396 1763 qua
411 1691 567 1746 esteauda.
586 1693 717 1746 cerastes
732 1691 890 1763 preferant
905 1705 976 1761 qua·
992 1721 1016 1787 Β
1033 1686 1133 1759 populi
1153 1686 1342 1742 celeberrime
1365 1704 1413 1742 rex
1437 1687 1553 1742 obviam
1579 1687 1657 1758 exiit,
1673 1691 1702 1744 et
1726 1687 1857 1744 alacriter

153 1775 316 1850 drigemina
343 1777 503 1848 cornicula,
519 1795 644 1852 quorum
670 1779 864 1836 ostentatione
887 1777 977 1834 veluti
1033 1792 1100 1831 eum
1117 1775 1255 1848 suscepit.
1268 1777 1302 1831 Et
1317 1776 1417 1832 habita
1429 1775 1621 1832 collocutione
1637 1776 1672 1831 ad
1685 1775 1809 1832 invicem
1822 1778 1834 1831 l
1847 1807 1856 1819 -

153 1881 220 1922 esca
234 1864 310 1923 illioe
322 1866 539 1925 sollicitasaves
549 1874 702 1941 premunt;
714 1885 782 1924 nam
793 1868 906 1940 reliqua
917 1883 978 1923 cor·
1032 1863 1120 1933 atina,
1137 1865 1274 1921 continuo
1293 1882 1341 1921 rex
1362 1869 1467 1920 terram
1485 1882 1569 1920 suam
1586 1864 1704 1920 trrdidit
1721 1865 1746 1921 ei
1768 1869 1855 1921 totam

153 1954 233 2027 poris
247 1955 283 2012 de
297 1956 443 2013 industria
458 1958 556 2014 arenis
568 1962 681 2032 tegunt.
694 1958 861 2013 Hemorrois
877 1973 977 2013 morsu

154 2043 328 2118 sanguinem
339 2044 457 2112 elicit‚et
467 2046 618 2103 dissolutis
629 2047 709 2103 venis
718 2046 861 2119 quidquid
873 2045 976 2101 animae

154 2136 199 2188 est
212 2137 311 2189 evocat
325 2150 376 2206 per
390 2151 533 2192 cruorem.
551 2135 664 2192 Prester
680 2153 767 2207 quom
790 2135 976 2208 percusserit,

153 2218 515 2296 distenditur,enormique
525 2223 706 2297 corpulentla
716 2227 847 2292 necatur,
859 2225 976 2279 extube-

154 2310 346 2384 ratossaepius
355 2312 477 2385 putredo
486 2313 687 2386 subsequitur.
695 2313 769 2369 Sunt
777 2318 804 2369 et
815 2313 974 2381 himoditae,

152 2402 197 2454 est
210 2403 239 2455 et
248 2399 433 2469 chencheris,
445 2400 609 2475 elephantie
624 2401 979 2468 chelsidricalledracon·

149 2490 204 2543 tes.
221 2487 370 2545 Postremo
385 2494 528 2562 quantum
544 2490 709 2557 bominum,
720 2495 820 2546 tantus
836 2492 974 2546 mortium

149 2592 300 2635 numerus.
324 2579 498 2653 Scorpiones
525 2579 625 2646 etium,
651 2579 752 2648 scinci,
771 2580 895 2645 lacertae,
912 2597 974 2652 qna

148 2666 311 2736 vermibus,
326 2684 384 2725 non
414 2668 600 2742 serpentibus
623 2669 821 2726 ascribuntur.
846 2668 977 2725 Monstra

151 2753 213 2812 haee
228 2755 253 2812 si
265 2754 394 2825 sibilant,
404 2757 578 2815 clementius
590 2758 708 2827 leriunt,
718 2758 828 2815 habent
843 2759 974 2828 allectus,

152 2860 211 2901 non
227 2848 336 2902 temere
351 2846 408 2903 nisi
424 2847 459 2903 ad
476 2847 615 2921 conjuges
630 2851 798 2922 evagantur.
811 2848 886 2904 Sunt
896 2849 976 2919 etja-

149 2932 272 3007 suli,qui
287 2938 440 3008 penetrant
455 2936 565 2992 animal
580 2938 776 3010 quodcunque
792 2936 910 2993 obvium
921 2937 976 2992 lor·

150 3024 223 3080 tuna
238 3023 460 3082 leceritseitale
475 3029 557 3083 tanta
567 3025 719 3099 praefulget
735 3025 810 3099 tergi
825 3026 972 3096 varietate,

1032 1954 1111 2009 etde
1128 1950 1244 2009 filiabus
1259 1954 1322 2008 suis
1338 1954 1368 2008 in
1384 1954 1607 2009 matrimonium
1623 1971 1723 2010 unum.

1031 2088 1071 2137 En
1086 2101 1162 2136 socer
1177 2091 1256 2151 utque
1271 2102 1361 2150 gener,
1377 2092 1453 2151 pater
1467 2088 1510 2137 bic
1529 2091 1555 2138 et
1569 2088 1639 2137 lilius
1653 2088 1727 2139 alter.

1031 2159 1129 2222 Diligat
1142 2159 1214 2207 huuc
1229 2159 1281 2219 ille,
1298 2160 1385 2222 potior
1400 2160 1437 2208 sie
1453 2159 1498 2208 liet
1509 2164 1630 2223 uterque.

1032 2293 1113 2347 Tune
1128 2293 1277 2365 apparatis
1292 2292 1414 2364 nuptiis,
1424 2291 1552 2365 legitime
1569 2292 1777 2364 suntexpletae.
1787 2299 1855 2348 Con·

1031 2379 1144 2436 sidente
1157 2385 1255 2437 autem
1271 2381 1441 2436 Boamundo
1458 2398 1546 2454 super
1570 2381 1745 2437 cliotedrum
1770 2399 1854 2437 suum

1031 2469 1162 2543 principe
1177 2470 1289 2536 elireto,
1305 2469 1493 2542 diploideque
1510 2471 1717 2526 decentissima
1741 2473 1853 2538 vestito,

1030 2560 1197 2614 convocatis
1209 2559 1402 2631 optimatibus
1418 2559 1480 2615 suis
1491 2560 1818 2630 omnibus,juruverunt
1831 2561 1853 2616 ei

1030 2647 1224 2705 humanitatis
1235 2649 1383 2704 subditam
1395 2648 1574 2716 fidelitatem,
1588 2653 1729 2722 prasente
1745 2655 1857 2722 regest

1029 2752 1063 2792 eo
1079 2736 1240 2804 lavente,ab
1257 2753 1290 2792 eo
1303 2737 1349 2792 die
1361 2740 1390 2793 et
1406 2737 1544 2810 deinceps
1559 2755 1589 2794 se
1601 2743 1779 2795 servaturos.
1792 2739 1857 2805 Qui·

1029 2826 1086 2881 bus
1101 2825 1203 2899 gestis,
1219 2827 1307 2882 rediit
1322 2843 1371 2881 rex
1386 2826 1579 2883 Hierusalem.

1030 2958 1139 3023 Scorpio
1155 2959 1269 3010 coelcstis
1284 2975 1343 3009 cum
1359 2960 1460 3010 lulserit
1477 2964 1550 3010 ortus
1565 2960 1593 3009 in
1607 2961 1693 3020 astris,

1028 3030 1164 3094 Excipitur
1177 3044 1259 3095 regno
1274 3029 1446 3080 Boamundus
1460 3031 1488 3080 iu
1505 3031 1669 3081 Antiocheno

150 3116 183 3168 ut
198 3116 334 3170 notarum
349 3114 443 3188 gratia
457 3114 587 3171 videntes
599 3115 859 3188 retardetDeipsis
870 3115 919 3171 siti
933 3115 973 3171 in·
990 3091 1011 3158 G
1029 3102 1117 3152 ⁰⁰⁰⁰
1132 3115 1204 3151 ⁰⁰⁰⁰
1215 3102 1279 3151 ⁰⁰⁰1
1293 3102 1449 3166 ⁰⁰⁰08⁰⁰⁰⁰
1464 3103 1517 3152 ⁸⁰⁰
1531 3103 1661 3152 ⁰⁰⁰⁰⁰⁰i⁰

149 3201 485 3276 terflcit.Sippialequod
498 3220 601 3261 somno
612 3208 787 3273 oecetteste,
797 3205 885 3261 etiam
904 3221 975 3261 oon-

150 3291 279 3348 sumitur
292 3292 328 3348 ad
344 3297 478 3349 mortem.
494 3292 624 3349 Aliarum
640 3293 721 3349 virus
739 3310 829 3365 quam
845 3293 974 3351 medelas

149 3379 277 3437 admittit
286 3381 396 3450 minus,
404 3382 480 3437 lame
496 3381 702 3438 maritandae
712 3382 794 3438 valde
809 3383 889 3438 mina
900 3383 974 3439 nihi-

147 3467 336 3543 lominusque
351 3468 496 3537 miranda,
513 3487 577 3542 qua·
591 3471 716 3543 Magnus
726 3469 888 3527 Alexander
901 3472 974 3528 vidit
998 3465 1001 3469 ’

147 3556 179 3614 iu
189 3557 280 3614 lndla.
294 3556 376 3614 Unde
391 3557 532 3630 magistro
548 3558 801 3628 squristoteli,et
811 3560 897 3616 matri
914 3577 973 3617 suae

147 3644 313 3720 Olympiadi
329 3647 496 3703 mandando
507 3647 547 3702 ita
555 3647 625 3702 dicit
636 3664 642 3701 :
655 3669 669 3698 «
679 3648 741 3704 Non
752 3649 899 3705 crederem
912 3650 973 3705 cui·

148 3752 237 3808 quam
248 3738 291 3792 tot
301 3751 365 3792 esse
375 3733 582 3809 prodigia,nisi
595 3740 713 3809 sumpta
723 3737 785 3810 ipse
796 3738 889 3794 oculis
900 3738 973 3795 meis

147 3823 367 3896 ponderassem.
379 3845 394 3875 a
403 3822 477 3879 Vere
485 3840 534 3880 rex
546 3823 600 3880 isto
609 3823 653 3879 vir
664 3824 718 3881 tuit
728 3826 848 3882 omnino
860 3829 972 3900 magni·

147 3911 233 3982 fleus,
248 3911 320 3968 etin
336 3912 460 3986 negotiis
475 3912 537 3969 suis
550 3928 639 3985 sagax
654 3918 683 3969 et
696 3913 974 3988 circumspectus,et

147 3999 252 4075 ingens
266 4001 368 4076 viguit,
385 4004 413 4057 et
427 4004 530 4074 potens
545 4001 650 4075 potuit,
668 4019 726 4058 non
742 4006 774 4057 ut
789 4003 890 4077 pluma
904 4006 973 4063 voli-

147 4092 224 4159 tans,
241 4105 294 4148 nee
309 4090 418 4165 stipula
428 4091 557 4147 fluitans.

458 4206 574 4263 CAPUT
595 4207 663 4262 LXI.

1336 3298 1450 3354 CAPUT
1470 3298 1552 3353 LXll.

1264 3416 1300 3470 De
1313 3415 1473 3486 pestilente
1486 3417 1620 3469 interium.

1063 3585 1145 3640 Anno
1170 3586 1238 3640 1127
1253 3585 1289 3639 ab
1317 3587 1383 3639 ortu
1408 3582 1533 3652 Domini,
1552 3582 1710 3639 indictione
1734 3600 1801 3639 voro
1828 3601 1856 3650 v,

1028 3673 1142 3728 ebulliit
1157 3672 1314 3728 multitudo
1331 3672 1460 3727 murium
1476 3671 1623 3727 immensa
1637 3671 1666 3726 in
1679 3669 1796 3743 regione
1808 3671 1857 3727 Pe·

1027 3760 1177 3830 lestina,in
1192 3764 1307 3817 tantum
1319 3765 1351 3815 ut
1367 3761 1469 3816 bovem
1480 3777 1572 3816 unum
1583 3778 1600 3815 a
1613 3761 1750 3816 clunibus
1761 3760 1858 3833 oppri-

1029 3854 1141 3907 mentes
1157 3851 1384 3915 comedcrcnt,et
1395 3849 1572 3905 suffocantes
1585 3867 1651 3905 cum
1664 3866 1731 3905 cum
1743 3855 1856 3922 septem

1027 3939 1195 3996 vervecibus
1207 3940 1388 3995 devorarent.
1397 3938 1527 4011 Denique
1543 3955 1609 3994 cum
1622 3938 1694 3996 satis
1706 3939 1815 4011 saepius
1826 3939 1856 3994 in

1028 4028 1174 4086 territorio
1190 4027 1397 4084 Aehonitarum
1413 4032 1589 4096 vastassent,
1606 4031 1739 4100 petentes
1764 4045 1858 4100 aqua·

1026 4118 1136 4174 tionem
1165 4121 1305 4173 montana
1328 4116 1482 4190 Tyriorum
1513 4117 1757 4173 conscenderunt.
1774 4116 1857 4174 Unde

1027 4212 1097 4265 tune
1108 4206 1247 4263 continuo
1258 4206 1503 4276 ingruentevento
1515 4205 1661 4279 pestilenti
1671 4211 1700 4262 et
1708 4205 1858 4262 truculen-

145 4300 186 4354 De
198 4296 316 4354 aduentu
330 4295 484 4354 boamundi
506 4295 693 4364 adolescentis,
708 4306 734 4353 et
755 4297 787 4354 de
805 4301 972 4370 suseeptiorw
1026 4301 1055 4353 to
1066 4295 1234 4352 cataclismo
1247 4295 1274 4349 in
1286 4293 1423 4350 valestria
1434 4294 1561 4351 confinia
1572 4294 1703 4350 millibus
1719 4295 1856 4351 innume·

423 4368 483 4441 ejus
497 4368 528 4424 in
539 4367 692 4425 Antiochia.

1026 4385 1067 4442 ris
1083 4385 1279 4459 repulsantur.
1288 4384 1328 4439 De
1339 4400 1464 4457 quorum
1476 4388 1579 4457 putore
1591 4384 1766 4440 cadaverum
1775 4383 1855 4458 regio

179 4475 322 4544 Quoniam
332 4480 436 4549 prater
445 4491 528 4549 spem
536 4474 724 4532 Boamundus
735 4476 816 4532 tarde
827 4475 971 4533 boevene·
985 4462 1009 4527 D
1025 4475 1076 4531 illa
1090 4473 1231 4531 remansit
1243 4473 1326 4528 valde
1341 4472 1469 4529 infirma.

513 4600 636 4673 Explicit
647 4600 765 4656 historio
778 4601 1027 4673 hierosolymitano
1040 4600 1135 4659 donem
1148 4598 1287 4654 fulchoii
1302 4598 1485 4654 comaclensis.

414 4864 661 4927 GENUALOGIA
683 4864 798 4926 Rudis
820 4863 887 4934 Qul
909 4863 1090 4926 VOGATUS
1112 4864 1186 4924 EST
1207 4859 1389 4922 KAUOLUS
1410 4858 1585 4921 MAGNUS.

354 5009 398 5067 De
413 5005 503 5085 cujus
518 5006 665 5086 prosapia
680 5006 741 5067 orti
756 5009 829 5066 sunt
846 5006 1039 5068 Gobarruous
1055 5008 1086 5065 et
1098 5005 1275 5066 Besourvus
1292 5021 1381 5081 reges
1396 5001 1631 5080 Hierosolyma.

233 5143 275 5196 aa
288 5140 373 5196 veteri
387 5137 482 5195 Codice
495 5154 546 5195 ma
560 5140 683 5198 cenobii
692 5139 720 5196 S.
737 5139 870 5210 Quintiani
883 5137 1022 5266 decllonttee,
1038 5137 1074 5222 ad
1088 5137 1187 5194 eotcem
1202 5138 1328 5195 historiae
1342 5135 1600 5208 Hierosolymitonae
1614 5134 1756 5191 Fatetur-ii

924 5225 992 5266 amo
1018 5226 1088 5266 naas.

872 5332 1125 5351 Μ

177 5425 297 5485 liarolus
312 5444 361 5484 rex
376 5431 484 5486 unctus
499 5428 586 5485 estin
603 5429 808 5504 imperatorem
825 5431 853 5487 iu
870 5431 967 5490 Eccle-
1023 5431 1088 5488 nuit
1103 5429 1280 5487 Ludovieum
1293 5428 1469 5500 Augustum.
1487 5423 1651 5480 Ludovicue
1673 5422 1777 5496 genuit
1797 5423 1850 5478 Lo·

139 5513 184 5576 sla
198 5515 276 5576 besti
291 5516 431 5590 Petram
445 5517 556 5575 Natalis
570 5518 697 5576 Domini.
710 5519 764 5586 Oui
779 5519 899 5578 Carolus
914 5537 967 5596 ge·

1022 5520 1163 5592 thasium,
1180 5517 1326 5592 Pipiuum,
1343 5520 1372 5572 ot
1395 5514 1575 5572 Ludovieum
1591 5531 1625 5570 ex
1639 5511 1850 5586 hirmengarde,
