3816 6006
159 235 238 296 uos
284 233 288 244 “
419 231 472 295 ΑΙ)
495 232 752 299 conuenienti
774 232 942 328 APPBND.
966 233 1222 300 ll.-MONUM.
1246 235 1297 298 Dll
1318 187 1443 300 Bucco
1464 235 1601 301 SAGRO.
1629 221 1639 231 ⁴
1788 237 1862 301 tici

159 382 286 437 sumque
301 370 480 439 permaneat,
489 366 577 440 sigilli
589 367 680 423 nostri
691 367 883 439 impressione
892 371 920 424 et
929 369 984 423 sra-
997 368 1025 436 Α
1039 368 1085 424 sui
1105 369 1194 441 priori
1219 370 1407 443 predictoque
1428 370 1526 427 Sancti
1553 369 1685 442 Sepulcri
1709 371 1863 428 conventui

159 460 239 512 trum
255 456 488 527 subscriptorum
504 457 671 513 testimonio
687 457 907 514 confirmamus.
1042 458 1322 515 communiassensu
1332 465 1539 516 concesserunt
1549 460 1863 532 atquedederunt.Hec

196 545 256 618 Ego
274 545 441 612 llerbertus,
459 545 560 615 abbas,
573 545 734 618 subscripsi
756 546 875 618 signum
891 547 987 602 crucis
1041 545 1131 619 igitur
1143 548 1243 603 omnia
1253 552 1412 620 pretaxate,
1422 549 1648 605 concedentibus
1656 554 1684 605 et
1692 550 1864 607 confirman-

161 633 290 689 satiendo
306 635 349 691 ⁶⁹⁵.
1041 634 1121 691 tibus
1136 636 1276 693 tratribus
1292 637 1375 704 meis,
1392 637 1534 693 Baldu'ino
1548 642 1578 694 et
1593 637 1744 707 Barisanu,
1762 638 1861 696 sorori-

235 724 350 779 Fratres
363 742 369 792 ;
384 725 522 792 Bonetus,
540 724 710 793 Nicholaus,
737 725 891 781 Martinus.
917 727 986 781 llar-
1041 722 1155 796 busque
1172 725 1255 796 meis,
1272 726 1468 799 Ermengarde
1482 727 1517 761 ⁵¹²
1532 730 1561 783 ct
1585 726 1763 799 Stphlanba,
1779 717 1862 785 libere

270 811 711 870 duinusMartinus.ltobcrtus.
721 815 904 870 Lambertus.
915 815 987 870 Lau·
1042 815 1071 867 et
1086 812 1182 884 quiete
1195 813 1251 886 ipsi
1267 814 1371 870 tratres
1386 815 1443 870 mei
1458 814 1590 888 Sepulcri
1601 815 1717 871 Domini
1730 817 1862 873 cannoni-

270 900 384 958 rentius
407 903 452 958 666.
485 904 597 960 Petrus.
632 903 816 960 Guillelmus.
843 903 987 959 ltaimun-
1042 903 1068 958 ci
1083 903 1117 937 ⁶¹⁸
1128 909 1267 984 perpetuo
1283 905 1462 977 possideant,
1478 904 1664 978 habeantque
1687 907 1722 941 ⁶¹⁸
1744 905 1859 962 liberam

270 993 327 1048 dus
350 993 394 1048 ⁵⁹⁷.
412 993 555 1048 elbertus.
577 993 732 1049 Ebroinus.
758 993 925 1048 Umbortus.
944 993 986 1048 lo·
1041 991 1209 1048 facultatem
1224 994 1431 1066 quodcumque
1445 993 1488 1050 eis
1504 993 1645 1066 placuerit
1667 993 1737 1051 indc
1762 993 1859 1051 latien-

272 1080 392 1137 bannes.
410 1082 538 1137 Gariuus
554 1083 597 1138 ⁵⁹⁸.
618 1081 784 1137 Anselmns.
810 1081 985 1137 bernardus.
1042 1081 1072 1135 di
1086 1081 1120 1115 ⁶¹⁵
1136 1081 1246 1154 abspue
1263 1099 1328 1138 mea
1342 1087 1371 1139 et
1385 1083 1526 1139 heredum
1541 1100 1673 1140 meorum
1698 1081 1745 1139 vel
1765 1099 1859 1156 paren·

270 1170 455 1243 Christianus
475 1171 632 1227 Gerardus.
660 1171 814 1227 lohannes.
841 1170 988 1225 Sabarau·
1039 1174 1106 1225 tum
1121 1171 1154 1206 ⁶¹⁸
1170 1172 1410 1228 contradictione.
1428 1171 1464 1228 Ut
1479 1177 1575 1228 autem
1590 1172 1645 1243 hup
1660 1172 1859 1229 ratuininccn·
1904 1180 1907 1195 '

272 1261 327 1316 dus
343 1261 387 1314 666.
402 1258 561 1316 Galandus.
1043 1258 1218 1332 vulsumque
1234 1265 1413 1333 permaneat,
1426 1258 1515 1333 sigilli
1531 1260 1664 1316 Balduini
1675 1260 1720 1317 avi
1737 1260 1807 1330 mei,
1817 1261 1861 1316 lla·

197 1351 241 1405 Ab
258 1348 524 1405 corroborationem
541 1347 685 1420 presentis
698 1347 840 1421 privilegii
857 1345 987 1419 sigillum
1042 1348 1203 1405 matbensis
1228 1350 1399 1406 Latinorum
1423 1348 1534 1406 domiui
1558 1349 1655 1422 primi,
1675 1349 1860 1423 impressione

163 1437 275 1496 domini
291 1437 473 1494 Constantini
498 1438 684 1519 apponimus,
703 1435 908 1493 Ramathensis
925 1435 986 1508 epi·
1043 1438 1208 1493 corroboro.

164 1527 256 1600 scopi,
273 1544 333 1583 una
348 1544 415 1583 cum
432 1526 526 1599 sigillo
541 1533 640 1582 nostro
657 1543 749 1583 coreo.
1079 1527 1160 1593 Quod
1174 1528 1337 1585 factumest
1345 1527 1585 1584 consiliodomini
1595 1527 1721 1601 Philippi
1735 1527 1862 1601 Neapoli·

199 1621 259 1673 Hoc
273 1620 371 1673 autern
383 1616 884 1672 sactumestannoabincarnationu
894 1615 989 1670 Domi·
1043 1616 1116 1683 tuni,
1133 1617 1183 1689 qui
1199 1621 1228 1673 et
1243 1618 1305 1689 ipsc
1319 1617 1403 1674 testis
1418 1619 1483 1689 [eet]
1499 1619 1532 1653 ⁶⁵⁷

167 1706 196 1762 ni
213 1723 298 1775 uccx,
307 1705 466 1761 indictione
476 1722 537 1772 viir,
547 1709 687 1778 regnante
697 1705 849 1774 Balduino,
861 1721 927 1777 rege
937 1709 987 1759 La·
1079 1706 1180 1761 Testes
1196 1706 1283 1762 etiam
1299 1711 1368 1763 sunt
1384 1725 1390 1762 :

167 1795 296 1852 tinorum
312 1799 426 1867 qnarto.
1120 1793 1302 1867 badulphus,
1329 1796 1600 1853 lherosolimitanus
1632 1795 1865 1857 archidiaconns·

508 1901 631 1957 quiou¹
1157 1883 1332 1951 bernardus,
1358 1885 1530 1942 monachus.
1557 1886 1712 1954 lohannes,
1741 1887 1867 1943 decanus

239 2006 423 2047 onivrssciun
443 2006 568 2047 nunonis
589 2009 622 2046 na
641 2007 774 2058 rustico,
797 2009 832 2046 iii:
852 2007 925 2046 norro
1153 1973 1250 2043 5666666
1276 1973 1401 2047 666686,
1434 1974 1604 2042 6666616666,
1634 1975 1865 2031 6666666666666·

494 2078 603 2118 cernei.
616 2064 658 2119 666.
1153 2060 1304 2118 Gisbertus
1315 2063 1358 2134 ⁶¹⁸,
1375 2064 1484 2119 tantur.
1502 2065 1623 2120 Franco.
1639 2063 1784 2137 Magister
1797 2066 1867 2120 Ans·

1153 2149 1293 2208 chitinus.
1309 2153 1376 2221 Aac,
1394 2152 1575 2225 ltadulpbus,
1592 2151 1809 2209 Erchanbertus
1826 2153 1868 2220 ⁶¹⁹,

1154 2239 1306 2311 capellani.
1322 2240 1482 2297 ltuinaldus
1497 2242 1533 2297 dc
1547 2243 1651 2297 Sancto
1672 2240 1816 2298 Gallerico
1837 2243 1869 2276 ‘²⁸

1155 2329 1308 2385 Marsirius
1325 2330 1360 2385 de
1376 2330 1529 2386 Ramatho.
1541 2331 1671 2387 Andreos
1683 2331 1869 2403 audegaven-

1154 2418 1205 2473 sis.
1221 2417 1357 2473 Albertus
1374 2419 1566 2474 lombardus.
1579 2418 1737 2475 Umbcrtus
1753 2419 1790 2475 de
1804 2423 1870 2473 Bar-

1153 2509 1258 2579 Symen
1275 2508 1389 2563 ltuffus.
1408 2508 1564 2563 llerbertus
1587 2508 1703 2564 Tortus.
1728 2507 1871 2564 lohannes

1156 2596 1324 2652 Raimundi.

1083 2687 1221 2742 Testatur
1236 2686 1323 2741 ctiam
1338 2686 1393 2742 hoc
1409 2687 1566 2742 barisanus
1581 2691 1610 2742 et
1621 2687 1786 2743 confirmat.
1799 2688 1869 2743 Con·

1047 2777 1145 2831 firmat
1159 2791 1275 2847 quoque
1287 2775 1468 2832 venditiones
1478 2777 1510 2810 ⁶²¹
1520 2775 1869 2842 casaliumscilicetOdo·

172 2891 326 2946 conventui
341 2892 370 2946 in
387 2892 532 2964 presentia
547 2892 657 2948 domini
672 2891 810 2948 Amalrici
830 2892 993 2965 patriarche
1048 2863 1165 2932 6666666
1185 2865 1318 2964 6666666
1336 2865 1455 2925 6666666·
1468 2864 1608 2964 6666666
1624 2864 1802 2964 6666666666
1815 2881 1870 2937 666

172 2981 200 3034 et
210 2978 321 3035 domini
333 2980 525 3048 Constantini,
537 2981 743 3037 Ramathcnsis
754 2982 894 3055 episcopi,
905 2983 991 3050 dono,
1048 2971 1100 3027 666
1116 2957 1337 3027 666666666666
1356 2954 1435 3026 6636
1446 2954 1481 3008 66
1491 2953 1608 3010 666666
1618 2954 1870 3022 ω’6666666666ω

171 3069 298 3124 concedo
309 3071 343 3108 ⁶⁰⁸
358 3073 386 3127 et
402 3071 484 3126 trado
499 3070 638 3143 quicquid
651 3075 732 3142 pater
742 3087 826 3126 meus
837 3071 993 3127 barisanus
1048 3043 1197 3142 66666666
1209 3043 1352 3142 66666666
1367 3043 1495 3142 6666666
1511 3043 1638 3098 6666666·
1799 3133 1805 3144 ‚
1848 3133 1854 3144 ‚

171 3157 290 3213 dederat
304 3159 423 3216 ecclesie
437 3160 535 3215 Sancti
552 3159 655 3232 loseph
672 3160 701 3213 in
726 3158 938 3216 helemosinam
958 3121 1029 3195 6666
1084 3133 1254 3188 6666666666
1277 3148 1340 3187 6666
1361 3132 1526 3204 6666666666
1541 3133 1575 3167 ⁶²⁸
1588 3136 1616 3187 66
1640 3134 1871 3189 6666666666666

170 3247 248 3318 apud
264 3247 373 3316 Bctbel,
390 3249 487 3321 ipsum
502 3247 635 3305 videlicet
650 3247 748 3304 Bethel
765 3252 793 3304 et
816 3254 898 3315 Bere,
914 3249 989 3320 quod
1046 3219 1146 3276 66666
1162 3220 1218 3278 6666
1234 3225 1322 3277 666666
1339 3226 1410 3322 6666
1424 3222 1477 3275 ⁶¹⁵²

171 3335 302 3391 Bazarim
317 3338 350 3372 666
366 3337 482 3404 dicitur,
500 3354 567 3392 cum
578 3337 692 3392 duabus
703 3337 956 3404 carrucatisterre‚
964 3342 993 3393 et
1118 3309 1237 3366 6666666
1251 3312 1295 3364 ⁵²⁶·
1314 3310 1465 3383 Ph¹l¹PP¹¹⁸
1476 3310 1511 3367 66
1526 3311 1660 3383 6666666
1675 3311 1720 3363 ⁶⁹⁷·
1738 3311 1872 3384 6686666

171 3422 300 3497 quinque
310 3422 439 3481 iornutns
446 3427 481 3461 666
490 3430 574 3494 torre,
585 3441 658 3497 quas
666 3425 769 3480 lintres
779 3425 876 3480 Sancti
889 3425 992 3496 loseph
1154 3400 1189 3498 66
1205 3399 1325 3455 666666·
1342 3399 1484 3471 66666666
1498 3400 1622 3455 6666666
1636 3398 1679 3454 ⁵²⁸·
1696 3400 1792 3500 66666
1807 3400 1871 3456 666

171 3511 211 3565 ibi
228 3512 424 3583 requirebant,
440 3513 544 3569 turrim
562 3517 720 3586 quoquest
741 3529 927 3585 quecumque
950 3513 992 3568 ibi
1154 3487 1222 3587 6666·
1249 3487 1431 3543 6666666666
1458 3492 1594 3594 6686666
1619 3488 1654 3543 66
1679 3489 1815 3562 66668666
1838 3490 1872 3523 ‘²⁹

172 3599 385 3668 edificaverant,
396 3602 520 3674 benigne
529 3601 780 3658 consentientibus
791 3607 819 3658 ot
831 3603 992 3658 conceden-
1154 3578 1289 3632 666666·
1307 3577 1448 3633 66666666
1460 3577 1497 3677 de
1511 3576 1628 3632 666666
1639 3578 1682 3632 ⁶³⁰·
1700 3576 1871 3651 6666666666

171 3687 251 3744 tibus
267 3688 361 3761 ipsius
375 3689 498 3747 ecclesie
513 3690 714 3763 Santiloseph
730 3691 834 3746 abbate
854 3691 991 3747 llcrberto
1153 3670 1182 3721 66
1197 3670 1310 3734 Petrus,
1328 3664 1479 3738 66666666·
1563 3755 1568 3766 Ι
1697 3755 1703 3766 ⁸
1848 3756 1853 3765 ι

171 3778 370 3851 fratribusque
382 3779 603 3846 ciusomnibus;
616 3778 796 3852 quibusdedi
806 3797 992 3853 procommu-
1071 3755 1139 3855 ,666
1154 3759 1253 3855 autum
1264 3755 1340 3852 66666
1353 3758 1507 3810 66666666
1516 3756 1553 3810 66
1562 3761 1762 3855 66666666666
1771 3756 1870 3812 6666·

170 3867 280 3923 papone
296 3867 423 3940 predicte
438 3867 529 3940 patris
545 3869 600 3924 mei
618 3867 866 3941 helemosinefflm
887 3869 992 3925 volun,
1047 3863 1076 3899 ni
1094 3861 1176 3910 nicar,
1193 3843 1353 3898 indictione
1367 3861 1428 3910 viii,
1444 3849 1583 3917 regnante
1598 3844 1755 3915 Balduinc,
1768 3848 1871 3917 quarto

172 3961 232 4013 tate
246 3961 275 4013 et
288 3956 408 4013 arbitrio
434 3974 545 4025 eorum,
563 3957 592 4012 in
617 3957 762 4015 territorio
786 3959 822 4013 de
843 3957 992 4014 blirabello
1048 3930 1305 3988 666666666666666
1317 3948 1383 4004 6636
1400 3930 1580 3988 6666666666·

208 2179 240 2232 ln
257 2176 374 2233 nomine
390 2181 490 2233 sancte
505 2182 533 2233 ct
546 2177 694 2234 individue
710 2178 873 2234 Trinitatis.

206 2265 313 2321 Notum
329 2267 367 2322 sit
382 2266 529 2335 omnibns,
543 2271 602 2322 tam
616 2267 801 2339 presentibus
817 2284 906 2339 quani
918 2268 994 2323 lutu-

171 2352 306 2426 ris‚quod
321 2371 373 2428 ego
384 2357 465 2428 llugo
481 2356 516 2413 de
532 2355 654 2412 lbeliuo
670 2358 713 2423 666,
726 2357 772 2412 liei
784 2357 877 2429 gratia
890 2358 994 2412 Ramn-

170 2441 284 2500 thensis
304 2445 464 2517 [dominus]
480 2446 523 2513 ⁶⁰³,
534 2462 585 2517 pro
602 2445 730 2500 remedio
745 2445 992 2513 animarum,tam

172 2548 235 2588 mee
249 2550 339 2605 quam
354 2539 510 2606 parentum
524 2550 668 2605 meorum,
684 2539 712 2590 et
727 2552 778 2606 pro
791 2552 897 2607 magno
913 2536 994 2590 airn-

171 2620 266 2677 tribus
281 2623 339 2678 mei
353 2623 473 2681 ecclesie
498 2623 597 2680 Sancti
621 2624 751 2696 Sepulcri
775 2624 945 2681 cunnniiicis
960 2627 994 2661 666

171 2710 202 2766 iu
216 2711 361 2784 captionis
377 2727 440 2769 mee
454 2712 625 2769 liberatione
642 2713 713 2769 mihi
725 2712 828 2769 collato
840 2714 991 2783 beneficio,

172 2800 292 2857 domino
316 2801 477 2875 Nlicholao]
498 2804 532 2838 666
557 2802 646 2874 priori
668 2807 696 2858 ct
716 2802 848 2859 eiusdem
872 2803 993 2861 ecclesio

848 4047 956 4114 nlibus'
965 4052 994 4103 et
1084 4019 1125 4075 lld
1142 4018 1393 4076 confirmationem
1409 4025 1437 4075 ct
1452 4020 1716 4077 corroborationem
1729 4021 1871 4095 presentis

1355 4108 1870 4184 antinus‚ltamathensisspiscopus,

1048 4196 1178 4271 sigillum
1194 4213 1293 4252 meum
1310 4213 1434 4268 appono.

1385 4285 1467 4341 LXVI
1480 4287 1524 4341 ⁸⁸¹.

171 4049 282 4118 partem
298 4046 507 4119 turonii,qucd
527 4048 690 4119 superlatet
705 4046 803 4103 surdis
818 4048 845 4102 lo
1084 4109 1118 4119 ..
1172 4108 1189 4118 Η

169 4134 200 4190 in
217 4135 318 4192 eodem
333 4136 477 4192 territorio
489 4137 562 4192 duas
573 4141 740 4192 carrucatas
755 4140 831 4191 terre
846 4136 993 4210 quelonge
1048 4107 1189 4182 6666686
1203 4124 1255 4180 666
1267 4110 1353 4164 66666

170 4222 291 4281 meliora
305 4228 333 4281 et
348 4225 547 4282 commodoria
561 4225 603 4282 eis
618 4243 682 4282 esse
698 4231 878 4294 noscuntur;
895 4225 992 4282 Bethel

170 4313 335 4387 enim,quia
351 4314 469 4369 termini
485 4331 586 4370 eorum
602 4315 641 4369 ibi
653 4314 768 4370 dilatari
781 4332 837 4370 non
849 4318 991 4387 poterant,
1048 4373 1232 4414 mmm
1252 4375 1288 4412 DE
1307 4374 1480 4413 REDELHONE
1499 4377 1517 4413 Α
1537 4375 1643 4413 mom:
1663 4376 1695 4414 m
1724 4374 1870 4415 mom

169 4404 246 4461 66666
260 4404 296 4459 66
312 4403 355 4459 666
371 4420 438 4477 6666
453 4404 622 4469 66666666
637 4404 725 4460 66666
738 4404 940 4475 6666666666
951 4405 993 4460 666
1084 4446 1188 4485 nioriris
1207 4446 1314 4484 curvari
1332 4443 1419 4486 nterii
1438 4445 1582 4485 nnvensus
1604 4447 1755 4487 saxonicos
1769 4446 1869 4489 macri

170 4493 309 4566 prodesse
324 4497 446 4565 poterat.
464 4493 622 4549 Ecclesiam
638 4497 745 4559 autem,
759 4510 847 4565 quam
859 4492 899 4548 ibi
910 4492 1030 4558 edili-D
1080 4505 1227 4569 sapuerim)
1248 4518 1281 4554 er
1300 4517 1510 4556 emisi-*acriore
1542 4519 1575 4556 ar
1608 4518 1643 4556 ua
1675 4504 1783 4558 rubim
1802 4502 1869 4555 ⁶⁸⁹1

169 4585 381 4648 caverant‚tam
393 4598 445 4654 pro
457 4581 566 4637 domini
584 4580 748 4653 patriarche
759 4582 990 4654 mandataquam
1081 4588 1216 4628 PERSOMS
1236 4589 1302 4626 INDE
1321 4589 1414 4628 FAGTO·

170 4686 222 4742 pro
237 4686 302 4726 mea
317 4668 456 4742 petitione
471 4669 503 4704 ⁶¹¹
519 4671 548 4725 et
560 4667 706 4740 precibus,
723 4667 815 4724 obbas
830 4666 991 4740 fratresque
1082 4668 1229 4741 Scriptum
1252 4671 1296 4723 est
1317 4685 1323 4723 :
1351 4669 1418 4724 Coro
1441 4669 1629 4742 corruptibilis
1652 4679 1786 4739 approbat
1809 4671 1870 4725 out-

205 4824 238 4858 ru
264 4827 294 4891 Β,
322 4822 457 4894 [ociando.
492 4822 526 4857 666
546 4822 735 4877 Louricncius.
770 4820 802 4854 ⁶⁰⁷
826 4823 858 4883 Β,
884 4820 1066 4876 ltotrnuodus.
1105 4821 1138 4855 666
1164 4825 1195 4887 Β,
1221 4819 1367 4875 Guarinus.
1408 4821 1441 4855 ⁵⁹⁹
1463 4825 1495 4886 B,
1521 4820 1698 4877 Siberiiudoa.
1733 4821 1815 4875 ⁶⁰⁰n
1850 4819 1871 4875 l⁰

169 4895 214 4961 63,
236 4907 283 4961 v⁰;
310 4898 341 4959 B,
367 4894 388 4947 l⁰
411 4896 455 4959 70,
479 4905 518 4964 νο,
556 4894 589 4928 666
609 4896 661 4947 Ces
682 4892 757 4947 doux
785 4891 941 4962 rubriques
966 4896 1128 4964 manquciit
1154 4892 1227 4947 dans
1253 4896 1283 4944 Β.
1323 4893 1358 4926 ⁶⁰²
1378 4896 1408 4956 Β,
1430 4892 1572 4964 Hybettos,
1611 4890 1789 4964 ⁸⁶²Supplee
1813 4891 1871 4947 d'a·

169 4971 236 5038 pres
252 4970 282 5018 B.
321 4966 355 4999 666
374 4969 405 5030 Β,
429 4966 578 5019 canonisis.
617 4964 650 4997 ’66
670 4962 795 5034 Suppled
819 4956 977 5033 d'aprestl.
1015 4965 1048 4998 666
1068 4968 1099 5017 B.
1115 4962 1238 5045 concedo,
1252 4963 1334 5018 dotto.
1372 4964 1405 4998 ⁶⁰⁷
1426 4967 1457 5016 B.
1475 4964 1650 5019 teternosiua.
1688 4964 1723 4998 666
1738 4968 1769 5029 B,
1787 4965 1871 5046 Base-

169 5039 233 5093 ri'ru.
269 5036 303 5070 666
318 5039 350 5100 Β,
366 5037 489 5090 tornutia.
528 5037 562 5070 ⁰¹⁹
579 5039 609 5097 Β,
625 5044 672 5090 cut
693 5051 803 5105 porum,
831 5036 991 5099 anteibit,
1028 5035 1061 5070 ⁶¹¹
1074 5040 1104 5101 Β,
1119 5036 1260 5106 petitione.
1300 5036 1334 5069 ⁶¹²
1349 5039 1380 5101 Β,
1397 5035 1593 5104 Erueenqordo.
1631 5035 1665 5069 ⁸¹³
1680 5039 1713 5099 Β,
1724 5050 1871 5091 canonici·

169 5108 204 5142 ⁶¹⁴
219 5112 250 5173 Β,
267 5113 294 5160 et
317 5106 441 5160 truderat.
480 5108 514 5141 ⁶¹³
539 5111 569 5172 B,
583 5105 714 5177 chr'eiidt.
752 5107 785 5139 ⁸¹⁶
805 5109 836 5172 B,
852 5106 987 5161 heredum
1006 5107 1047 5161 ccl
1058 5114 1205 5176 pareutum
1220 5122 1351 5161 umorum.
1390 5105 1690 5178 ⁶¹³Supple'ed‘upres
1710 5110 1742 5161 B.
1780 5106 1815 5141 ⁶¹⁸
1840 5111 1871 5175 B,

170 5179 341 5234 Gittetertus.
381 5177 415 5210 ⁰¹⁸
440 5181 471 5241 Β,
497 5178 724 5232 Erciiemtiutdus.
762 5178 795 5211 ⁶²⁰
820 5180 850 5245 B,
872 5177 1005 5234 valerico.
1042 5179 1073 5212 ⁸²¹
1102 5183 1180 5232 Cctto
1202 5177 1308 5248 phrase
1333 5181 1378 5231 est
1402 5177 1561 5232 construite
1586 5174 1871 5232 dansBdelama·

168 5249 250 5304 aiere
265 5248 397 5303 suivante
415 5264 421 5301 :
440 5249 561 5303 Testatur
576 5265 679 5320 quoquc
693 5251 783 5319 freter
797 5264 872 5302 rurus
887 5252 917 5303 Β.
935 5256 960 5304 ct
974 5249 1119 5319 confirmat
1132 5265 1187 5303 ucri
1202 5249 1291 5304 solum
1306 5250 1365 5318 troc,
1382 5265 1481 5304 oerum
1496 5257 1584 5304 etcum
1598 5248 1781 5317 venditiones,
1795 5258 1868 5304 etc...

168 5321 203 5356 ⁶¹²
217 5323 249 5384 B,
273 5319 416 5390 Hybettos.
454 5320 488 5354 ⁶²³
503 5320 555 5375 Ces
579 5321 655 5374 deux
680 5325 756 5374 mota
776 5324 937 5391 manquent
957 5320 1031 5376 dans
1056 5325 1087 5374 Β.
1105 5319 1138 5354 ⁸¹⁸
1154 5325 1184 5384 Β,
1198 5320 1359 5392 supradicte
1385 5321 1474 5392 icitur
1496 5320 1653 5375 donationis
1667 5336 1728 5375 oiee
1743 5328 1779 5388 et,
1795 5329 1869 5376 etc...

169 5390 204 5427 ⁰²⁸
240 5389 319 5446 Dans
342 5390 366 5444 A
387 5389 429 5446 les
453 5395 529 5446 muts
552 5399 629 5447 testes
651 5399 716 5446 coiit
737 5407 768 5445 se
791 5395 926 5446 trouvent
959 5391 1063 5447 re'atts
1097 5395 1181 5463 aprts
1210 5390 1252 5447 les
1288 5392 1464 5464 signatures.
1502 5392 1536 5426 ⁶¹⁶
1557 5395 1587 5458 Β,
1614 5390 1748 5447 Ordeteta.
1789 5391 1821 5426 ¹²⁷
1841 5391 1870 5455 B,

171 5462 324 5592 duplisona.
362 5462 395 5498 ⁶¹⁸
418 5467 450 5519 B.
475 5463 607 5520 ilrratta.
645 5463 679 5498 ⁶¹⁹
698 5466 729 5531 Β,
754 5463 926 5536 Htseuprr'no.
964 5461 987 5499 ⁶⁸
1018 5466 1049 5532 ll,
1069 5463 1218 5536 Hptcltno.
1256 5463 1288 5498 ⁶³¹
1308 5464 1340 5530 A,
1367 5462 1389 5518 p
1413 5463 1460 5531 ol,
1481 5465 1575 5533 r⁰;A.
1601 5461 1743 5530 s⁰92,r⁰.
1781 5463 1817 5499 ⁸³¹
1841 5466 1870 5531 Β,

171 5550 201 5600 ut
221 5548 284 5593 ww.
