3816 6006
94 230 171 293 1099
351 224 404 288 Aa
426 217 684 288 consumebat
707 213 875 282 APPIlNll.
899 216 939 279 ll.
956 250 995 261 -—
1012 214 1167 280 llONUM.
1190 212 1240 276 llll
1262 214 1387 275 ssuto
1409 212 1534 277 SACRO
1714 210 1796 273 1100

93 362 192 421 crevit.
212 357 401 415 volventibus
429 357 533 414 deinde
561 356 656 423 annis,
684 370 751 410 cum
779 350 915 425 religiosa
930 360 956 425 Α
970 353 1087 421 gerent;
1103 347 1224 421 proinde
1239 348 1388 403 decretam
1403 349 1457 414 est,
1469 348 1502 401 ut
1512 349 1541 401 et
1551 343 1607 417 ipsi
1619 342 1728 400 milites
1738 343 1796 399 llo·

94 449 251 508 clarissimi
266 446 415 504 Machabei
437 445 581 502 institutio
605 444 866 513 levaretur,usque
881 439 917 495 ad
972 437 1087 511 spitalis
1111 437 1267 510 participes
1291 437 1444 503 decentet
1458 434 1654 490 Christianam
1679 430 1795 505 religio·

95 538 233 597 salutaris
257 535 349 593 nostri
365 541 497 607 tempora
522 549 691 607 processum
713 537 772 599 cst;
798 531 918 602 ipseque
972 544 1039 582 nem
1058 527 1258 594 defenderent3
1276 527 1353 582 unde
1368 530 1397 581 et
1411 524 1477 596 ipsi,
1489 540 1540 596 pro
1556 523 1674 578 nomine
1689 520 1796 577 Christi

94 630 202 686 ihesus
213 626 347 683 Christus
359 625 471 681 humile
483 642 539 681 non
552 623 727 694 dedignatus
742 619 917 692 hospicium,
973 620 1221 689 pugnantes‚ante
1232 619 1335 688 pectus
1344 630 1459 669 crucem
1470 618 1584 686 gestare
1593 611 1796 668 instituerunt.

96 718 223 775 multum
238 715 353 789 pietatis
368 731 456 786 opera
475 713 657 769 monstravit.
676 714 707 766 tn
734 710 834 765 eodem
850 725 919 780 prc—
974 705 1124 761 Crescente
1139 705 1242 760 deindo
1257 704 1333 777 apud
1350 702 1496 759 Orientem
1513 701 1643 774 perfidia,
1658 700 1716 755 lide
1730 699 1798 755 desi·

95 808 180 875 lecto,
192 822 259 863 cum
275 803 386 860 nullius
407 803 448 859 rei
474 819 625 875 possessor
646 801 791 863 existeret,
808 797 920 853 dicente
974 793 1078 861 ciente,
1093 794 1200 849 lartum
1217 798 1262 849 est
1277 796 1309 848 ut
1323 789 1660 865 HospitaleaSaracenis
1676 805 1799 862 occupa-

96 894 147 953 illo
163 914 169 952 :
184 917 198 946 a
211 893 351 950 Volucres
376 892 440 949 coeli
466 892 560 958 nidos,
577 896 605 947 et
620 890 721 962 vulpes
746 888 854 943 babent
878 886 919 941 lo·
974 888 1013 951 tc,
1026 882 1134 939 Christi
1149 882 1256 938 milites
1268 881 1397 953 undique
1409 879 1651 953 dispergerentur.
1665 877 1798 949 Cumque

96 1002 173 1052 veae,
191 982 391 1039 Filiusautem
417 980 617 1037 hominisnon
642 979 730 1034 habet
755 994 812 1050 quo
839 974 921 1030 recli·
975 971 1254 1044 inAcraetSarrya
1282 969 1397 1055 npllum
1426 968 1670 1042 ampliusrelugii
1700 967 1796 1024 locum

98 1077 148 1129 net
162 1076 251 1146 caput
270 1087 368 1139 suum,
383 1095 396 1123 η
411 1088 468 1127 non
485 1070 631 1126 immerito
656 1069 735 1124 hunc
758 1067 854 1122 locum
880 1064 922 1134 ip·
974 1063 1126 1129 haberent,
1142 1060 1171 1115 in
1192 1061 1284 1115 altum
1310 1060 1466 1115 ascendere
1481 1058 1572 1114 coacti
1596 1060 1666 1113 sunt
1681 1073 1688 1112 ε
1706 1055 1799 1129 prima

98 1179 164 1220 sum
180 1160 338 1218 incoluisse
361 1160 527 1218 existimare
546 1160 696 1232 possimus
713 1174 719 1213 :
736 1157 760 1213 si
784 1155 862 1211 enim
878 1154 921 1208 di·
976 1152 1018 1209 eis
1035 1150 1178 1223 navigatio
1193 1149 1223 1204 in
1239 1149 1364 1222 Cyprum
1382 1149 1446 1219 luit,
1459 1147 1587 1203 insulam
1603 1144 1799 1202 iherosolimis

98 1250 227 1325 scipulos
251 1251 389 1307 monebat
403 1251 503 1306 omnia
516 1248 547 1304 in
563 1247 712 1306 communi
738 1246 853 1311 habere,
871 1259 923 1299 nec
977 1240 1182 1314 propinquam.
1200 1238 1241 1294 lbi
1258 1237 1464 1293 aChristianis
1485 1235 1667 1309 principibus
1682 1233 1799 1308 recepti,

98 1342 134 1398 de
154 1341 282 1398 crastino
310 1357 373 1397 esse
403 1338 593 1407 sollicitos,si
624 1338 734 1409 absque
763 1333 867 1391 calceis
896 1337 924 1388 et
978 1336 1079 1387 contra
1099 1327 1266 1400 prophanas
1288 1332 1399 1399 gentes,
1416 1343 1468 1398 pre
1482 1324 1587 1381 Christi
1604 1325 1734 1396 nomine,
1748 1341 1801 1396 pu·

85 1445 169 1503 pera
188 1427 348 1501 discipulos
373 1444 437 1484 esse
459 1426 584 1494 volebat,
603 1425 669 1498 quis
695 1424 808 1481 dubitet
832 1421 923 1494 blagi-
979 1436 1067 1493 gnare
1084 1435 1140 1473 non
1154 1417 1340 1473 destiterunt.
1353 1413 1666 1472 Multisdeindeannis
1678 1412 1802 1469 Rhodie

99 1521 194 1575 strum
209 1517 280 1573 talia
294 1522 472 1585 monentem,
486 1516 584 1572 omnia
595 1515 734 1571 habuisse
746 1510 924 1577 communia,
979 1525 1043 1563 rum
1061 1507 1159 1563 insula
1173 1505 1502 1579 Constantinopolitanis
1520 1503 1637 1561 rebele
1652 1505 1730 1559 lacta
1744 1506 1800 1570 est;

99 1605 302 1678 humilemque
317 1606 413 1662 locum
429 1605 630 1662 inhabitasse?
980 1614 1037 1652 non
1048 1596 1212 1652 valentibus
1222 1596 1305 1668 ipsis,
1313 1596 1348 1651 ob
1359 1597 1492 1668 ingentes
1504 1594 1681 1650 lthodiorum
1692 1592 1800 1664 copias,

136 1695 198 1752 iliis
226 1695 315 1769 igitur
344 1695 507 1751 rationibus
535 1694 716 1762 conllrmati,
747 1693 927 1749 confidenter
980 1687 1009 1741 in
1025 1686 1165 1742 ditionem
1177 1685 1330 1741 vendicare
1344 1685 1483 1764 insulam,
1496 1680 1802 1757 ipsam-iherosolimi-

101 1784 196 1840 dieere
211 1800 370 1856 possamus
395 1785 473 1840 hunc
497 1783 593 1839 locum
609 1799 795 1839 communem
820 1789 846 1836 et
870 1779 925 1834 hu·
980 1775 1056 1832 tanis
1072 1774 1215 1830 militibus
1239 1775 1439 1847 occupandam
1462 1776 1677 1829 concesserunt.
1697 1770 1803 1827 Milites

101 1872 201 1929 milam
227 1872 352 1929 coelestis
378 1873 563 1944 Imperatoris
592 1870 792 1928 habitaculam
823 1869 923 1923 luisse.
979 1865 1183 1936 vcro,paratis
1209 1864 1356 1928 manibus,
1372 1862 1524 1919 instructis
1548 1863 1649 1935 copiis,
1666 1861 1801 1918 Rhodum

101 1962 154 2018 Hic
169 1961 381 2034 discipulorum
398 1962 486 2034 pedes
503 1961 641 2034 Magister
656 1960 735 2025 lavit,
749 1959 925 2029 eosdemque
980 1954 1160 2027 navigantes,
1177 1953 1255 2009 brevi
1279 1953 1391 2009 dierum
1408 1953 1505 2025 spacio
1520 1953 1549 2007 in
1566 1969 1650 2008 suam
1675 1956 1802 2025 potesta·

1 2120 3 2126 ,
102 2139 227 2195 moriam
242 2131 370 2211 reliquit.
388 2139 439 2194 ilic
456 2140 539 2194 Petro
556 2138 687 2194 Ecclesia
709 2141 882 2211 potestatem
898 2141 926 2190 ct
980 2132 1072 2206 Cypro
1084 2137 1112 2188 ct
1123 2131 1224 2188 Rhodo
1235 2133 1374 2188 adversus
1386 2135 1490 2188 nostre
1502 2132 1568 2187 fidei
1582 2132 1719 2188 inimicos
1729 2131 1802 2188 bella

103 2226 198 2284 claves
225 2227 355 2283 tradidit.
381 2228 432 2283 llic
456 2227 568 2283 Veteris
597 2225 776 2283 Testamenti
804 2225 880 2292 finis,
898 2229 926 2280 ct
980 2226 1135 2294 gesserunt
1150 2227 1178 2276 ot
1192 2225 1307 2294 gerunt.

103 2315 173 2371 Novi
187 2315 304 2371 initium
321 2316 385 2370 luit.
398 2317 438 2372 De
453 2316 580 2373 hocloco
592 2317 683 2373 acenti
695 2315 812 2385 (eistad
824 2314 928 2387 glorio-
983 2329 1107 2396 Qualiter
1138 2328 1233 2384 domu,
1263 2330 1409 2401 gyypyay,
1437 2329 1466 2385 s,
1494 2331 1626 2403 ‚iohannis
1654 2331 1804 2388 ‚imm

104 2403 255 2465 sissimam
279 2405 456 2477 passionem,
474 2410 506 2460 ut
530 2409 635 2461 nostras
659 2405 756 2460 carnis
780 2405 862 2460 fieret
885 2421 928 2458 re·
1016 2402 1071 2472 suit
1093 2402 1183 2472 priene
1208 2403 1318 2457 invento
1341 2402 1479 2457 columae
1501 2403 1611 2457 hoiniot
1634 2405 1724 2458 nostri
1744 2403 1805 2459 lesu

104 2492 384 2565 demptio,Christus
399 2495 546 2565 prefectus
567 2499 621 2551 est.
633 2494 684 2549 Hic
702 2497 767 2566 post
781 2494 845 2565 ejus
861 2510 926 2565 pas·
1018 2473 1128 2527 Cluili-

104 2581 216 2639 sionem
241 2581 377 2655 discipuli
400 2599 467 2638 cum
493 2583 584 2639 illaria
613 2588 706 2639 matre
735 2584 809 2653 ejus,
826 2581 928 2637 contu·
1017 2580 1161 2636 Omnibus
1178 2581 1371 2652 presentibus
1385 2585 1414 2636 et
1429 2580 1535 2637 saturis
1550 2585 1653 2638 notum
1670 2581 1803 2650 iacimus,

104 2669 230 2744 gientes,
259 2671 436 2727 admirande
462 2672 693 2745 Resurrectionis
723 2670 927 2728 revelationem
982 2672 1060 2744 quod
1071 2671 1177 2724 domus
1188 2669 1539 2742 llospitalisS.lohannis
1551 2671 1687 2743 Baptista
1698 2677 1806 2745 etpau·

104 2758 212 2815 habere
227 2764 407 2828 meruerunt,
419 2764 448 2815 et
468 2766 533 2833 post
559 2761 752 2834 quadraginta
775 2761 837 2815 dies
862 2776 927 2832 pro·
983 2775 1084 2833 perum
1099 2758 1402 2815 ierosolimitancrum
1418 2758 1473 2814 luit
1487 2758 1602 2832 inceptu
1617 2777 1634 2814 a
1650 2759 1804 2834 principio,

105 2848 230 2904 missum
256 2848 395 2920 Spiritum
421 2852 555 2906 sanctum
580 2853 763 2923 acceperunt.
780 2849 841 2917 llic,
863 2853 929 2921 post
982 2853 1112 2921 tempore
1131 2848 1217 2920 primi
1241 2847 1310 2903 Julii
1327 2847 1654 2919 Cesaris,imperatoris
1671 2850 1804 2916 chiani,

106 2935 262 3009 gloriosam
271 2936 623 3004 ascensionem,sanctum
634 2937 928 3010 primumconcilium
983 2943 1012 2995 ot
1026 2941 1157 3009 tempore
1171 2937 1304 2992 Antiochi
1327 2937 1468 3009 principis
1491 2937 1664 3005 Antiochia,
1681 2937 1732 2994 ille
1757 2939 1804 3012 qui

106 3025 241 3082 habitum
261 3029 314 3096 est,
328 3025 453 3099 fideique
473 3027 630 3084 simbolum
656 3028 693 3083 ad
716 3027 870 3083 duodecim
887 3027 929 3080 ln·
984 3027 1050 3083 lecit
1065 3027 1173 3095 omniu,
1186 3031 1214 3082 et
1229 3043 1301 3081 suus
1317 3025 1407 3082 Filius
1423 3026 1593 3082 benedictus
1608 3026 1695 3084 nobis
1711 3029 1806 3084 mittat

107 3118 197 3169 ctum.
210 3113 341 3186 Cumque
362 3113 480 3187 gloriosi
505 3117 651 3189 principes
666 3115 835 3172 Christiana
852 3113 928 3181 fidei,
945 3103 966 3169 G
986 3115 1126 3189 Spiritum
1142 3119 1287 3181 sanctum,
1300 3113 1349 3186 qui
1374 3132 1475 3171 omnes
1500 3120 1558 3171 tres
1573 3133 1666 3171 unum
1693 3123 1763 3172 sunt
1776 3117 1805 3173 in

107 3201 184 3258 inter
199 3219 230 3258 sc
244 3204 280 3258 ad
296 3202 525 3275 predicandum,
539 3205 702 3277 provincias
715 3204 810 3261 sortiti
822 3208 929 3267 essent,
985 3205 1162 3275 adjutorium
1180 3204 1229 3270 sit,
1242 3204 1319 3276 quod
1336 3221 1389 3259 nos
1404 3203 1553 3276 possimus
1568 3204 1663 3260 diccrc
1677 3210 1706 3260 et
1721 3212 1806 3261 retra·

107 3294 218 3362 septem
229 3291 306 3348 vires
316 3293 534 3365 elegerunt,qui
551 3311 712 3367 pauperum
729 3300 757 3350 et
772 3291 930 3366 Hospitalis
984 3293 1054 3350 here
1065 3295 1100 3350 de
1111 3294 1213 3349 Latino
1229 3293 1259 3347 in
1275 3293 1509 3364 grammaticam,
1522 3293 1563 3347 ita
1578 3298 1606 3348 et
1620 3293 1719 3350 taliter
1730 3295 1805 3368 quod

106 3395 207 3435 curam
218 3380 346 3436 habituri
358 3385 470 3449 essent;
488 3381 595 3454 quibus
608 3383 790 3456 Stephanum
801 3381 928 3455 primum
986 3381 1024 3438 sit
1040 3383 1104 3438 laus
1119 3381 1256 3455 predicto
1272 3386 1372 3437 sancto
1387 3381 1512 3437 Johanni
1530 3382 1678 3454 Baptista.

107 3471 265 3540 martyrem
273 3468 461 3541 praepositum
473 3468 696 3524 constituerunt.
707 3471 741 3524 st
749 3469 818 3541 quia
827 3468 929 3541 glorio·
1021 3468 1194 3542 Suprudicto
1209 3468 1286 3524 enim
1299 3473 1429 3541 tempore
1445 3469 1499 3524 fuit
1514 3469 1634 3541 quidam
1647 3472 1805 3546 presbyter,

107 3571 158 3612 sus
168 3572 247 3612 nova
258 3556 330 3630 legis
341 3573 505 3630 praecursor
513 3558 578 3614 Jch.
590 3559 730 3631 Baptista,
740 3558 847 3614 Christi
859 3559 930 3627 bap·
985 3564 1014 3614 et
1028 3557 1164 3613 dominus
1180 3556 1304 3613 aliorum
1329 3557 1565 3631 presbyterorum
1579 3557 1609 3613 in
1632 3559 1805 3627 ierusalem,

106 3645 227 3702 tisinum
253 3645 424 3717 predicans,
450 3646 485 3702 ab
514 3646 625 3702 Herode
654 3664 747 3720 nuper
771 3646 930 3704 decollatus
985 3648 1034 3720 qui
1050 3647 1209 3703 vocabatur
1224 3645 1377 3714 Melchisr;
1395 3646 1445 3718 qai
1457 3646 1541 3720 lregit
1552 3647 1742 3719 sepulchrum
1759 3651 1808 3705 Da·

106 3738 177 3800 erat,
189 3735 274 3806 cujus
288 3733 352 3789 vitae
363 3734 565 3789 testimonium
576 3735 672 3791 cuncti
684 3736 905 3791 admirabantur
921 3753 927 3792 :
984 3735 1042 3803 vid,
1054 3740 1081 3791 et
1092 3752 1125 3791 cx
1136 3752 1168 3791 eo
1186 3736 1309 3791 extraxit
1324 3752 1464 3808 magnum
1480 3735 1665 3802 thesaurum,
1676 3738 1808 3794 videlicet

106 3825 135 3877 et
150 3822 219 3894 quia
232 3821 291 3878 hiis
305 3821 377 3877 locis
393 3826 481 3877 natus
491 3828 520 3878 et
533 3840 626 3895 usque
642 3825 677 3879 ad
693 3823 822 3880 infantia
837 3841 930 3880 annos
985 3842 1090 3882 aarum
1104 3830 1132 3881 et
1147 3824 1319 3880 vestimenta
1339 3825 1553 3896 preciosaque
1567 3824 1677 3881 ibidem
1693 3827 1808 3883 lucrant

106 3909 249 3965 educatus
265 3914 336 3976 erat,
349 3910 385 3965 ob
400 3911 594 3966 venerandam
611 3913 674 3982 ejus
690 3914 861 3969 memoriam
878 3913 931 3968 ilo·
984 3915 1080 3987 posita
1097 3914 1133 3969 ab
1159 3913 1224 3969 aliis
1250 3914 1369 3986 regibus
1394 3918 1461 3986 post
1485 3913 1622 3969 Davidem
1647 3933 1757 3989 regem,
1774 3916 1807 3972 de

106 3997 222 4069 spitalis
232 3999 604 4071 patronumappellaverat;
616 4000 843 4057 subsedentibus
855 4006 931 4073 post·
985 4022 1042 4078 qao
1058 4003 1177 4075 quidem
1193 4003 1277 4070 lacte,
1290 4002 1387 4057 dictus
1402 4001 1541 4058 bleichiar
1563 4003 1619 4059 luit
1641 4009 1805 4072 accusatus,

107 4086 228 4141 modum
243 4086 434 4159 temporibus,
446 4104 512 4143 cum
528 4105 635 4162 magna
656 4089 733 4146 inter
745 4090 880 4147 homines
896 4091 930 4146 de
985 4110 1082 4149 coram
1108 4091 1237 4165 principe
1259 4090 1428 4159 Antiochia,
1441 4091 1491 4164 qui
1507 4094 1578 4147 tunc
1593 4094 1736 4165 temporis
1750 4098 1808 4151 erat

108 4176 164 4232 fide
179 4176 277 4249 opinio
288 4182 375 4246 essct,
388 4177 506 4250 plurimi
520 4179 548 4233 in
561 4180 697 4237 socictate
708 4197 870 4253 pauperum
886 4181 930 4235 di·
984 4182 1122 4238 dominus
1138 4187 1166 4237 et
1181 4182 1240 4238 dux
1268 4180 1297 4235 in
1321 4179 1495 4248 Jerusalem,
1511 4197 1544 4236 en
1570 4188 1712 4254 praerepto
1737 4180 1804 4239 tulii

108 4263 287 4337 scipulorum
303 4266 418 4322 Domini
444 4268 648 4338 conserebant;
665 4274 693 4325 ct
718 4274 750 4324 ut
773 4269 930 4341 participes
984 4271 1294 4328 Cesaris2Antiochus
1313 4286 1379 4324 vero
1394 4269 1429 4325 de
1452 4269 1507 4324 hoc
1532 4269 1587 4324 luit
1600 4270 1685 4327 valde
1708 4271 1804 4327 turba·

107 4353 272 4411 orationum
296 4356 407 4425 tierent,
418 4356 544 4413 venditis
561 4358 647 4414 rebus
669 4357 741 4426 suis,
752 4362 818 4414 ente
842 4359 930 4431 pedes
984 4365 1042 4429 tus,
1055 4365 1083 4416 et
1098 4361 1244 4434 cogitabat
1258 4359 1335 4414 intra
1357 4375 1387 4414 se
1402 4357 1528 4431 qualiter
1542 4363 1641 4431 posset
1656 4358 1806 4416 honestius

106 4444 306 4516 apostolorum
321 4445 417 4518 precia
427 4447 584 4518 ponebant,
595 4464 780 4504 communem
793 4465 859 4503 cum
871 4446 929 4502 illis
946 4471 968 4537 D
980 4449 1131 4522 justiciam
1142 4448 1352 4504 ministraredo
1363 4447 1438 4503 furto
1450 4447 1670 4519 supradictollt
1680 4447 1807 4504 secunda

106 4532 194 4589 vitam
211 4534 358 4591 ducentes.
984 4542 1067 4595 nocte
1083 4538 1226 4610 sequenti,
1234 4537 1359 4608 jacendo
1375 4535 1405 4591 in
1421 4535 1506 4605 lecto,
1518 4536 1665 4608 cogitabat
1681 4536 1805 4593 multum

141 4620 334 4691 Verum,cum
341 4622 511 4679 Christianae
526 4623 592 4680 fidei
604 4624 755 4681 devotione
770 4631 927 4692 crescente,
983 4629 1053 4701 quid
1070 4628 1176 4684 laceret
1189 4628 1224 4682 de
1240 4625 1291 4681 tali
1306 4642 1336 4681 re
1348 4642 1353 4680 :
1367 4629 1395 4680 et
1410 4628 1566 4698 postquam
1578 4626 1649 4681 satis
1660 4626 1806 4699 cogitavit,

106 4709 196 4782 hujus
217 4727 305 4767 sacrae
320 4712 427 4767 domus
441 4712 595 4769 facilitates
620 4713 705 4787 longe
730 4714 928 4789 multiplicata
984 4719 1122 4791 obreptus
1151 4716 1205 4771 luit
1233 4733 1249 4770 a
1277 4731 1410 4787 sompno,
1427 4719 1454 4769 et
1483 4719 1552 4769 irinc
1580 4713 1703 4788 angelus
1733 4714 1807 4788 cepit

105 4801 214 4866 essent,
222 4799 271 4870 qui
284 4815 333 4855 eas
345 4803 505 4868 tuerentur,
513 4801 766 4858 conductimilites
778 4803 928 4859 constituti
984 4808 1048 4879 ejus
1064 4806 1252 4878 spiritumet
1267 4804 1392 4860 eundem
1417 4804 1542 4876 portavit
1565 4820 1653 4876 super
1678 4808 1806 4859 montem

107 4890 186 4952 sunt,
206 4893 237 4941 ut
252 4893 280 4942 et
293 4887 447 4944 facultates
462 4888 621 4961 Hospitalis
640 4890 755 4958 domus,
771 4892 825 4947 sub
842 4892 929 4948 tratre
984 4896 1116 4952 Calvarii.
1133 4895 1184 4950 Cui
1200 4898 1257 4949 hen
1280 4910 1401 4966 regnum
1418 4892 1563 4965 apparuit,
1579 4897 1608 4948 et
1623 4890 1704 4948 dixit.
1718 4916 1732 4942 ι(
1749 4894 1806 4949 An-

108 4975 290 5048 Raymundo‚
303 4993 319 5030 a
330 4993 387 5046 quo
399 4975 509 5049 Regula
523 4979 788 5048 potteaconstituta
800 4984 853 5047 est,
867 4986 929 5037 tue·
984 4985 1089 5053 tioche,
1106 5000 1163 5039 non
1189 5000 1279 5055 ponas
1299 4998 1420 5037 manum
1444 4998 1532 5055 super
1556 4981 1647 5037 istum
1673 4986 1807 5037 sanctum

107 5069 217 5131 rentur,
229 5069 316 5136 atque
330 5079 460 5136 paganos
476 5065 665 5138 repellerent:
678 5067 734 5139 ipsi
750 5086 876 5142 namque
886 5087 930 5125 sc·
983 5075 1236 5147 presbyterumet
1249 5088 1306 5126 non
1318 5071 1451 5126 ellandus
1462 5071 1525 5142 ejus
1538 5069 1728 5142 sanguinem
1742 5087 1808 5143 quo·

106 5153 336 5208 cerdotessacris
348 5153 494 5223 mysteriis
504 5157 533 5208 et
543 5153 797 5225 predicationibus
810 5174 930 5232 occupa·
984 5163 1063 5218 niam
1080 5163 1108 5217 in
1125 5162 1180 5217 ista
1192 5160 1358 5231 loco.quem
1370 5159 1422 5214 tibi
1434 5164 1643 5226 monstravero,
1655 5163 1687 5213 tu
1703 5163 1733 5215 et
1748 5159 1808 5232 ipse

104 5241 255 5312 tiaeque
266 5238 375 5295 milites
385 5241 557 5297 factitabant
567 5259 698 5299 exercere
709 5261 767 5300 non
780 5250 927 5318 poterant3
984 5251 1095 5308 debetis
1110 5250 1204 5306 lacere
1224 5266 1312 5304 unam
1329 5249 1449 5304 domum
1467 5246 1584 5319 pietatis
1599 5250 1627 5302 et
1643 5247 1808 5304 misericor·

104 5344 205 5386 verum
222 5345 289 5384 cum
305 5328 335 5384 in
351 5332 462 5385 tantam
476 5331 636 5397 vesaniam,
652 5331 818 5405 impellente
834 5336 928 5392 avari·
984 5339 1048 5404 dits,
1065 5355 1250 5395 communem
1268 5336 1405 5393 omnibus
1428 5335 1606 5409 pauperibus
1630 5334 1740 5392 ibidem
1757 5336 1809 5393 ad-

106 5417 162 5485 cia,
174 5416 282 5474 milites
296 5416 364 5475 elati
379 5423 487 5490 essent,
499 5423 533 5475 ut
553 5436 584 5477 sc
606 5420 778 5478 facultatum
793 5423 928 5496 Hospita·
983 5428 1177 5485 venientibus.
1194 5428 1229 5483 st
1253 5443 1305 5498 ego
1330 5425 1465 5498 praecipio
1490 5425 1553 5494 tibi,
1568 5421 1715 5492 Melchiar,
1732 5423 1809 5499 quod

104 5505 142 5570 tis
156 5506 334 5585 professores
356 5508 576 5583 constituerent,
588 5510 811 5588 sacerdotesque
837 5515 929 5592 negli-
983 5523 1079 5577 totum
1095 5516 1178 5573 illum
1193 5515 1376 5588 thesauram,
1393 5514 1443 5592 qui
1469 5513 1523 5573 tuit
1547 5515 1695 5574 extractus
1711 5512 1748 5572 αθ
1764 5530 1811 5574 20.
