3816 6006
158 252 235 324 suat
669 248 869 313 aunuum.
885 278 926 296 -·
941 245 1141 325 muntem
1163 244 1370 312 secururs.
1806 242 1870 319 ldll

159 388 305 442 nutumm.
322 381 529 438 Verumtamen
545 380 723 437 voluntatem
747 379 868 453 spiritus
883 379 985 437 volun·
1000 380 1028 448 Α
1042 380 1164 446 ruerint,
1178 377 1292 448 lapides
1305 376 1478 434 clamabunt
1493 381 1572 447 (Luc.
1589 379 1666 446 arn).
1685 374 1760 443 Sed,
1779 374 1869 432 iratres

159 474 212 528 tati
241 471 349 540 caruis,
384 468 564 527 voluntatem
592 469 721 526 divinam
749 469 885 525 humanm
915 487 986 542 prae-
1042 469 1110 537 moi,
1132 465 1269 524 exultatio
1295 465 1401 523 Christi
1425 465 1566 539 quoniam
1590 464 1805 523 humilitatem
1826 464 1869 520 ha·

159 561 280 618 ferebat.
297 560 380 616 Unde
406 576 474 615 cum
490 559 652 615 secundum
669 557 881 615 humanitatem
898 558 986 615 dixis·
1040 553 1869 626 huit,lundamontumstabitlneternquuaesivitenin

157 656 221 711 set:
251 653 396 707 tramea:
411 666 431 705 a
446 663 492 703 me
507 647 589 703 calix
605 649 660 704 iste
683 647 802 715 (llattlr.
816 637 903 714 aava)
920 664 987 703 mox
1040 645 1164 719 gloriam
1180 661 1236 701 non
1254 661 1350 713 suam,
1362 645 1413 701 sed
1429 643 1533 702 Patris.
1547 643 1696 700 Ascendit
1712 659 1777 699 non
1793 660 1870 716 super

159 740 288 797 divinam
304 737 482 794 voluntatem
504 736 529 794 ei
546 737 770 810 preponendarn
787 754 850 793 esse
865 737 986 793 demon·
1040 753 1150 809 equum
1171 733 1325 807 superbiae,
1351 735 1403 790 sed
1428 750 1516 806 super
1538 732 1660 789 asinam
1686 731 1867 789 humilitatis

50 836 53 842 '
158 833 243 896 strat,
261 845 328 884 cum
352 825 470 882 subdit:
488 830 552 882 ll'on
573 832 670 882 tameo
685 827 763 900 quod
776 843 830 900 epo
845 826 920 896 volo,
934 825 986 881 sed
1040 825 1200 897 Susceptus
1215 823 1271 879 l'uit
1285 839 1351 879 cum
1367 822 1515 892 laudibus,
1531 839 1590 878 uon
1602 823 1642 878 ab
1655 821 1867 889 adulatoribus,

158 919 237 993 quaed
260 924 293 973 tu
317 917 429 984 tibia).
448 916 506 972 Nos
531 933 657 989 quoque,
683 917 797 982 fratrae,
823 916 936 988 quoties
952 931 986 970 ex
1040 915 1090 970 sed
1104 931 1121 969 a
1135 911 1318 986 simplicibus
1332 911 1382 985 qui
1397 911 1532 968 nesciunt
1547 910 1680 968 adulari.
1693 911 1727 967 In
1744 928 1867 984 quocon-

159 1006 330 1071 infirmitato
354 1004 451 1063 carnis
479 1004 591 1078 aliquid
615 1005 761 1073 volumus,
786 1021 852 1060 mox
869 1022 923 1061 nos
938 1021 984 1060 re·
1039 1004 1205 1059 funduntur
1220 1001 1262 1057 illi
1274 1001 1324 1074 qui
1339 1006 1495 1074 antequam
1507 999 1602 1058 sciant
1615 999 1792 1065 humiliari,
1806 999 1866 1056 exal

159 1095 377 1171 prehendamus
401 1094 533 1168 exemplo
558 1094 675 1158 Christi,
702 1099 832 1151 nostram
852 1092 984 1150 volunta·
1039 1093 1093 1148 tari
1109 1092 1220 1161 volunt,
1236 1108 1304 1148 cum
1328 1090 1470 1163 scriptum
1486 1089 1541 1146 sit:
1566 1090 1710 1147 Gloriam
1733 1090 1864 1164 praecedit

158 1192 218 1243 tem
249 1184 351 1241 divina
378 1183 521 1239 uoluntati
551 1183 724 1250 subdamus
755 1183 902 1240 diceutes:
930 1183 985 1238 l'e-
1039 1180 1195 1238 ltmm‘litas
1210 1185 1307 1250 (Prou.
1323 1183 1384 1249 xx.)
1399 1180 1626 1236 Conlunduntur
1643 1182 1675 1236 et
1691 1177 1737 1234 illi
1753 1179 1805 1251 qui
1818 1178 1864 1252 glo
1900 1194 1903 1245 ξ

158 1280 325 1333 rumtameu
353 1273 485 1341 Domino,
510 1272 843 1336 nonnostruvoluntas,
867 1274 985 1329 sedtua
1039 1271 1113 1327 riam
1136 1288 1230 1341 suam,
1256 1287 1314 1326 non
1337 1269 1389 1326 Dei
1414 1272 1557 1342 quarunt,
1586 1267 1641 1340 qui
1670 1285 1768 1341 super
1786 1285 1863 1340 equos
1899 1254 1903 1293 ²

158 1366 219 1421 fiat.
236 1317 369 1421 Secundo
394 1363 640 1419 considerandum
666 1366 720 1432 est,
737 1380 827 1435 quaro
842 1362 984 1418 Dominus
1038 1358 1205 1434 phaleratos
1219 1363 1336 1416 ventose
1349 1357 1498 1423 incedunt,
1514 1356 1565 1430 qui
1580 1355 1709 1417 laudem
1726 1358 1765 1414 ab
1780 1357 1864 1414 adula-
1900 1345 1903 1405 l

158 1454 233 1509 duos
261 1451 421 1524 discipulos
447 1451 551 1507 solitus
566 1456 627 1508 erat
642 1451 756 1508 mittere
772 1452 808 1508 ad
825 1452 983 1524 pradican-
1036 1451 1151 1506 toribus
1172 1447 1283 1506 volunt.
1311 1447 1416 1512 Quinto
1441 1446 1662 1504 consideranda
1689 1453 1746 1517 est,
1772 1448 1863 1503 iratres

158 1542 241 1609 dum,
256 1540 301 1597 rel
317 1541 352 1596 ad
381 1541 570 1613 quarendum
595 1539 765 1613 hospitium,
781 1540 824 1596 vel
840 1542 875 1597 ad
891 1541 983 1596 addu-
1037 1539 1106 1605 mci,
1120 1538 1226 1594 veteris
1241 1541 1269 1594 et
1288 1554 1367 1592 nore
1389 1535 1462 1610 legis
1486 1534 1699 1601 consonantia,
1724 1535 1831 1609 pariter
1842 1542 1862 1590 ct

159 1631 285 1688 cendum
301 1630 426 1698 asinam,
439 1626 482 1685 vel
499 1630 533 1685 ad
551 1628 662 1702 aliquid
678 1629 757 1685 aliud
769 1630 925 1703 agendum.
942 1630 983 1684 Ob
1037 1623 1863 1702 adimpletiohssumptioonimagnipaschalisindeciura

156 1718 304 1792 duplicem
316 1735 434 1775 eausam
448 1718 559 1791 utique,
573 1719 711 1790 quoniam
722 1718 751 1774 in
763 1719 878 1775 duobus
890 1723 984 1775 osten·
1037 1717 1117 1787 luna,
1127 1716 1325 1773 stimmolutio
1334 1716 1363 1771 in
1373 1713 1610 1789 quartadecima,
1615 1714 1711 1785 juxta
1719 1715 1798 1788 quod
1806 1714 1862 1770 scri·

157 1809 238 1865 ditur
249 1808 381 1864 veritatis
392 1806 594 1863 testimonium
605 1812 633 1863 et
644 1807 793 1864 charitatis
805 1808 980 1881 exemplum.
1036 1810 1118 1879 ptum
1130 1810 1188 1862 cst:
1205 1807 1321 1861 Decima
1329 1806 1378 1860 die
1392 1805 1495 1861 neemia
1509 1804 1599 1877 lrrrjus
1610 1801 1710 1859 tollat
1725 1804 1862 1878 numquis

155 1897 295 1954 Veritatis
308 1897 522 1969 testimouium,
537 1897 676 1968 quoniam
692 1898 720 1952 in
737 1914 785 1952 ore
801 1898 925 1953 duorum
938 1896 982 1952 rol
1035 1895 1425 1970 queaprrom,etserroditur
1433 1893 1568 1966 usquead
1573 1899 1723 1966 martam
1730 1894 1862 1950 deciam

156 1987 245 2043 bium
273 1985 475 2043 testimonium
498 1990 557 2042 stat
572 2003 658 2042 omne
673 1986 793 2042 verbum
811 1991 898 2054 (Dect
913 1990 982 2055 xix.)
1036 1985 1126 2056 diem,
1136 1983 1497 2041 ettuucz'mmotabitmad
1504 1983 1776 2055 vesperumtliaod.
1788 1982 1862 2052 vulin

157 2075 312 2133 Charitutis
336 2074 513 2149 exemplum,
540 2075 678 2147 quoniam
701 2092 757 2131 non
775 2076 873 2130 minus
893 2092 981 2147 quum
1036 2074 1101 2147 ipso
1117 2074 1275 2147 adimpleta
1286 2079 1341 2131 ost.
1354 2072 1577 2129 Christusenim
1589 2071 1638 2129 die
1649 2073 1782 2142 decima,
1794 2074 1863 2129 idest

156 2165 232 2222 inter
242 2165 317 2220 duos
329 2163 572 2220 amarcharitatis
583 2164 811 2220 demonstratur.
824 2164 905 2220 Unde
917 2164 981 2235 hoc,
1037 2162 1123 2220 hodie
1149 2164 1227 2220 venit
1241 2161 1415 2228 Jerusalem,
1441 2168 1470 2218 et
1494 2165 1602 2234 quarta
1617 2162 1743 2218 decima
1767 2161 1821 2227 die,
1835 2161 1862 2216 ad

157 2254 263 2326 inquit,
279 2255 387 2309 maudo
403 2252 530 2308 vobisut
545 2252 676 2326 diligatis
691 2253 823 2310 invicem.
840 2254 902 2310 Duo
915 2272 983 2327 ergo
1037 2270 1190 2326 vesperum
1202 2256 1315 2326 captus,
1328 2253 1364 2309 ad
1373 2250 1520 2307 victimam
1530 2252 1640 2308 duc-tus
1650 2255 1710 2308 esi.
1725 2250 1864 2324 Prophetis

156 2343 325 2410 mittuntur,
343 2346 376 2397 ut
390 2359 517 2398 consono
534 2341 620 2398 verbo
631 2346 659 2396 et
673 2341 814 2415 exemplo,
832 2343 982 2398 raritatem
1037 2338 1864 2415 Zachariae,hecscilicet2NolitimerefiliaSioa,quiarrx

155 2431 312 2505 pradicant
325 2433 354 2486 ct
367 2429 549 2485 charitatem.
566 2429 624 2486 Nos
636 2446 716 2503 ergo,
734 2430 848 2498 iratres,
866 2432 983 2503 quaudo
1037 2437 1105 2487 taos
1116 2433 1192 2488 vonit
1203 2431 1443 2497 rrraosuetustibi,
1453 2430 1779 2504 sedenssuperpultma
1790 2430 1863 2485 arias

154 2519 184 2577 in
200 2519 318 2576 veritate
332 2522 361 2574 et
372 2517 513 2575 charitato
523 2519 559 2574 ad
576 2518 698 2575 invicem
711 2536 918 2590 consonamus,
930 2538 984 2576 uos
1038 2521 1140 2594 (Zaclr.
1154 2520 1204 2594 rx,)
1216 2521 1245 2576 in
1260 2519 1324 2593 ipso
1336 2519 1494 2593 adimpleta
1505 2523 1559 2575 cst.
1577 2519 1659 2575 Laus
1671 2519 1765 2576 etiam
1775 2534 1862 2592 puero

153 2624 218 2665 esse
229 2607 390 2681 discipulos
406 2607 511 2663 Christi
523 2608 773 2664 demonstramus.
786 2609 906 2672 Quando
916 2627 983 2666 vero
1037 2627 1114 2682 rum,
1127 2611 1211 2681 Juxta
1226 2610 1304 2682 quod
1320 2608 1529 2682 scriptumest:
1548 2612 1593 2665 Ec
1604 2625 1657 2664 ore
1669 2610 1830 2687 infantium
1840 2617 1860 2662 et

151 2698 245 2772 (quod
269 2696 347 2754 absit
359 2696 378 2769 l)
395 2696 546 2753 averitate
562 2702 590 2753 et
605 2696 745 2753 charitate
768 2698 982 2767 discordamus,
1039 2699 1208 2756 lactentia-m
1227 2699 1374 2770 perfecisti
1386 2699 1501 2754 laudem
1513 2696 1607 2769 (Paul.
1624 2702 1705 2767 vur,)
1717 2699 1749 2755 in
1762 2698 1860 2753 Christo

155 2804 212 2843 non
233 2785 352 2856 Christi,
369 2786 420 2842 sed
436 2785 531 2859 magis
553 2784 661 2842 diaboli
678 2804 732 2843 nos
745 2787 905 2860 discipulos
919 2804 983 2844 esse
1037 2788 1196 2862 adimpleta
1210 2792 1264 2845 est.
1280 2788 1347 2861 lpsa
1369 2787 1457 2845 etiam
1480 2786 1545 2844 laus
1560 2788 1598 2843 de
1618 2786 1742 2860 psalmo
1757 2792 1859 2859 sumpts

155 2877 403 2935 demonstramus.
419 2874 516 2932 'lertio
526 2892 592 2931 vero
603 2875 847 2934 considerandum
857 2881 900 2932 est
911 2893 982 2950 quo·
1037 2882 1090 2935 est.
1101 2878 1154 2934 Ubi
1165 2877 1243 2934 enim
1254 2894 1307 2934 nos
1318 2875 1456 2944 dicimus,
1468 2877 1632 2948 ODomr'ne,
1644 2879 1749 2934 salum
1761 2878 1858 2948 aretae,

154 2966 240 3022 modo
256 2965 333 3022 Deus
348 2963 476 3022 ostendit
486 2981 516 3020 se
527 2981 624 3021 voram
636 2964 743 3022 hahere
760 2964 941 3022 divinitatem
952 2967 982 3021 in
1038 2967 1182 3023 llaebraeus
1198 2966 1295 3032 hahet,
1318 2971 1471 3034 Hosarma,
1496 2967 1564 3021 hece
1577 2983 1777 3038 prosperare,
1792 2968 1858 3022 ime·

154 3072 187 3111 eo
203 3056 280 3128 quod
297 3056 396 3111 lutura
408 3057 548 3127 tanquam
563 3054 719 3127 prasentia
733 3059 843 3122 narrat,
857 3060 885 3111 ot
904 3056 980 3128 quod
1036 3057 1375 3130 dictamqoiceaturusest
1385 3055 1859 3128 iuoauriaeDominilPsal.caru.)

153 3144 243 3201 corda
257 3142 409 3200 hominum
421 3158 452 3199 se
462 3143 595 3215 prescire
606 3143 799 3200 demonstrat.
813 3143 891 3200 Scire
902 3143 981 3200 enim
996 3133 1017 3201 C
1037 3145 1257 3202 Condensitates
1273 3144 1439 3218 palmarum
1451 3149 1479 3199 et
1494 3160 1660 3210 ramorum,
1675 3145 1714 3200 de
1726 3143 1859 3219 quihusin

154 3233 253 3290 futura
280 3238 421 3306 tanquam
444 3233 611 3304 prasentia,
629 3236 658 3288 et
676 3232 811 3305 prescire
826 3232 980 3289 hominum
1035 3234 1149 3308 psalmo
1161 3234 1287 3290 dicitur:
1305 3235 1479 3292 constituite
1493 3232 1569 3288 diem
1582 3231 1755 3290 salciasco:
1771 3236 1860 3291 iscor-

155 3323 242 3378 corda
257 3321 349 3378 solius
365 3320 527 3377 divinitatis
551 3324 605 3377 est.
623 3321 710 3378 Porro
726 3322 824 3378 lutura
839 3326 981 3395 tanquam
1035 3325 1134 3380 demis
1148 3324 1255 3393 (ibid),
1272 3322 1357 3379 hodie
1373 3322 1402 3377 in
1418 3321 1532 3378 Christo
1547 3320 1725 3395 adimpletae
1741 3328 1817 3381 sunt.

155 3411 309 3484 prasentia
323 3428 354 3466 se
370 3410 444 3466 seire
459 3410 652 3479 demonstrat,
668 3427 735 3466 cum
753 3410 809 3466 ait:
827 3411 983 3469 tmcuietis
1072 3413 1193 3487 Mystice
1218 3429 1296 3479 vero,
1311 3413 1417 3468 fratres
1433 3411 1501 3480 mei,
1521 3410 1669 3468 Dominus
1686 3414 1725 3469 ad
1743 3416 1858 3469 monum

154 3498 980 3573 asinamatiipatametpultamcumeaCordahominum
1036 3500 1148 3570 Oliveti,
1165 3502 1194 3557 id
1210 3506 1255 3558 est
1271 3502 1307 3557 ad
1331 3501 1519 3557 altitudinem
1544 3498 1763 3558 misericordia
1785 3500 1857 3563 venit,

154 3604 186 3644 se
201 3587 335 3659 praescire
350 3587 543 3654 domonstrat,
557 3605 624 3643 cum
637 3588 752 3644 subdit:
764 3593 802 3643 lit
816 3589 842 3643 si
852 3589 915 3662 quis·
925 3588 982 3645 ali·
1035 3593 1153 3664 quando
1167 3608 1218 3664 per
1230 3608 1348 3647 carnem
1365 3591 1400 3646 ud
1416 3590 1623 3647 redimendum
1638 3589 1810 3648 Jerusalem
1823 3606 1859 3661 ap

153 3677 981 3751 quidoabisdiaerit,dicitequiaDomiumliisopostabet
1035 3680 1253 3754 propinquavit.
1279 3680 1349 3736 lude
1373 3678 1455 3735 misit
1476 3677 1624 3751 duplicem
1639 3680 1858 3752 praedicatorum

152 3771 183 3822 et
197 3765 350 3840 confestim
374 3767 503 3822 dimittet
517 3783 575 3823 cos.
592 3767 649 3821 Nec
665 3765 760 3822 solum
777 3767 885 3840 qnippe
901 3769 982 3824 novit
1035 3768 1528 3837 ordinem,unurnadaddueondum
1537 3767 1686 3840 perfidem
1695 3768 1857 3842 plebcmlu·

153 3856 243 3911 corda
267 3853 433 3926 hominum,
459 3856 509 3912 sed
535 3855 622 3911 etiam
639 3872 673 3911 ea
693 3872 750 3927 quo
773 3854 836 3910 rult
849 3855 980 3914 inclinat.
1035 3856 1856 3932 deorum,alterumsdadducendumpopulumgentium.

153 3944 227 4002 Nam
242 3944 279 4000 dc
293 3961 326 4000 eo
343 3942 485 4017 scriptum
502 3949 565 4000 est:
585 3946 646 4017 Qui
660 3949 756 4000 cristae
771 3946 865 4002 corda
880 3962 982 4016 repam
1033 3945 1310 4004 Asinusestauimal
1320 3944 1856 4014 mansuetum,brutum,laboriosum,

153 4034 250 4108 (Prou.
270 4037 338 4103 xxi).
368 4032 491 4090 Oramus
519 4050 587 4108 ergo
614 4049 693 4101 eum,
723 4033 837 4102 tratres,
865 4039 897 4090 ut
919 4035 981 4107 ipse
1035 4040 1063 4092 et
1078 4035 1196 4092 utilitati
1213 4035 1355 4091 deditum.
1372 4036 1406 4092 Et
1417 4033 1610 4108 Deusquarit
1621 4043 1859 4110 mansuetasse

154 4123 243 4179 corda
258 4127 357 4178 nostra
368 4121 397 4176 in
411 4121 516 4178 melius
527 4126 697 4191 commutet,
712 4127 741 4178 et
753 4123 789 4179 ad
800 4124 980 4196 sequendam
1035 4124 1100 4182 culo
1117 4124 1234 4193 stultos,
1252 4124 1423 4184 laboriosos.
1437 4129 1465 4181 et
1476 4123 1593 4180 utilitati
1604 4125 1813 4197 proximorum
1824 4126 1859 4180 de

154 4211 433 4269 suamvoluntatem
448 4210 577 4268 inclinet.
604 4211 711 4276 Quarto
734 4211 980 4269 considerandum
1035 4215 1124 4271 ditos.
1141 4213 1323 4270 Perusinum
1340 4213 1440 4287 igitur,
1457 4231 1520 4286 qua
1546 4213 1721 4287 subjugalis
1737 4222 1767 4274 et
1781 4221 1860 4273 maer

154 4304 209 4368 est,
226 4317 292 4357 cum
308 4299 451 4357 Dominus
462 4317 579 4373 semper
595 4301 636 4357 ire
647 4302 735 4374 pedes
754 4300 869 4370 soleret,
891 4319 980 4375 quare
1033 4300 1859 4379 erat,significaturplehsludaeorum,quaesubiugoleqis

151 4389 208 4447 hae
222 4388 284 4446 vice
300 4387 466 4445 vehiculum
482 4388 624 4462 quesivit.
646 4391 726 4456 Quod
738 4390 802 4447 ideo
818 4391 894 4460 lecit,
911 4391 981 4464 quia
1035 4396 1106 4455 erat,
1125 4396 1154 4448 et
1175 4390 1275 4464 populi
1293 4391 1426 4465 gentium
1446 4408 1497 4464 per
1511 4391 1599 4447 fidem
1616 4397 1719 4449 mater
1731 4399 1804 4452 erat.
1818 4393 1859 4449 Per

154 4478 439 4553 appropinquaverat
450 4483 566 4552 tempus
581 4496 638 4551 quo
650 4479 712 4552 ipse
724 4483 785 4535 erat
795 4479 978 4537 exaltandus.
994 4506 1018 4571 D
1036 4480 1151 4554 pullum
1175 4497 1241 4537 vero
1265 4480 1391 4537 liberum
1406 4485 1435 4538 et
1448 4479 1598 4547 lascivum,
1623 4481 1807 4554 exprimitur
1817 4499 1858 4556 pu·

154 4567 236 4625 Unde
251 4568 324 4641 ipso,
340 4566 513 4624 imminente
529 4569 674 4640 passione,
692 4567 732 4623 ait
748 4585 755 4623 :
771 4573 869 4637 Pater,
891 4569 981 4626 elari-
1034 4569 1123 4643 pulus
1137 4569 1281 4644 gentium,
1295 4570 1345 4641 qui
1360 4570 1423 4626 sine
1433 4568 1495 4644 lege
1506 4574 1576 4638 erut,
1592 4571 1672 4626 etad
1683 4574 1857 4645 peccandum

152 4656 213 4731 fica
226 4673 330 4713 aarum
344 4663 438 4712 tuum
454 4659 541 4713 Venit
550 4656 625 4713 liora
639 4663 672 4711 ut
682 4656 871 4730 clarificetur
881 4660 981 4716 Filias
1034 4658 1197 4715 dissolutus
1212 4662 1284 4714 erat.
1296 4659 1391 4730 Super
1400 4659 1502 4715 ambos
1512 4662 1627 4731 ponunt
1642 4660 1778 4733 apostoli
1788 4659 1859 4718 resti·

153 4752 221 4804 taus
236 4748 329 4820 (ioca.
347 4747 428 4817 xvir.)
444 4747 480 4801 Et
499 4746 602 4802 Pater:
628 4745 809 4819 Clarisrcaui,
831 4749 936 4822 inquit,
951 4757 980 4806 et
1033 4753 1134 4805 menta
1145 4765 1208 4815 sua,
1224 4747 1857 4822 quandoeosdoctriniserangeliaisonerant

153 4835 259 4893 iterum
274 4835 451 4909 clarificabo
471 4835 578 4908 (idid).
596 4835 855 4910 Appropinqunnte
871 4839 980 4911 quippe
1034 4842 1063 4896 et
1074 4837 1230 4904 honorant,
1242 4836 1310 4894 utin
1321 4837 1511 4894 eisDominus
1520 4838 1630 4906 sedeat,
1642 4839 1857 4914 eteosmgendo

153 4926 300 4998 passione,
317 4927 429 4999 maJ‘ora
440 4924 528 4997 capit
539 4941 634 4999 agere,
648 4930 677 4980 et
688 4927 816 4998 apertius
831 4926 980 5000 altiusque
1034 4929 1065 4984 in
1081 4926 1226 4983 caelestem
1242 4926 1405 4983 ierusalem
1421 4928 1517 4983 ducat.
1532 4925 1722 4984 Vestimenta
1733 4935 1857 4989 suasus
1888 4972 1892 4979 .

149 5013 321 5086 predicare,
342 5014 439 5071 acrius
453 5015 570 5071 iudaeos
585 5013 808 5087 reprehendere,
823 5016 921 5088 plures
935 5034 980 5074 se·
1034 5021 1109 5072 uuut
1132 5016 1224 5071 invia
1249 5015 1345 5084 activi,
1361 5014 1412 5088 qui
1431 5016 1467 5072 de
1486 5015 1572 5071 rebus
1594 5018 1816 5090 temporalibus
1833 5032 1856 5073 se

152 5118 220 5158 cum
237 5102 352 5158 ducere.
377 5103 551 5160 lmminente
574 5103 682 5177 quippe
702 5104 847 5177 passione,
865 5107 979 5179 quatri·
1033 5102 1856 5180 exuentes,casinobsaquiumChristisuorumquemem·

153 5190 285 5247 duanam
301 5192 485 5248 resuscitavit
509 5194 600 5263 (ioum
618 5193 680 5265 xa),
696 5194 877 5252 divinitatem
893 5213 978 5253 suam
1034 5196 1154 5253 brorum
1169 5194 1346 5268 expendunt.
1362 5193 1469 5251 Remos
1484 5193 1519 5249 dc
1530 5193 1690 5251 arboribus
1699 5197 1829 5265 cadunt,
1836 5198 1856 5250 ct

153 5282 253 5350 aperte
268 5279 442 5351 predicavit.
453 5299 542 5355 super
552 5281 666 5339 asinam
678 5284 782 5340 sedens
797 5283 979 5342 Hierusalem
1031 5285 1064 5341 iu
1078 5285 1125 5340 via
1139 5287 1275 5340 sternunt
1289 5281 1502 5356 predicatores,
1519 5281 1570 5354 qui
1593 5281 1631 5337 de
1644 5280 1734 5341 libris
1749 5292 1856 5345 muten-

152 5367 241 5435 venit,
258 5369 430 5442 etapopulo
441 5387 508 5427 cum
518 5371 628 5429 bonore
640 5376 796 5445 susceptus
809 5378 853 5430 est
862 5374 977 5445 (Dalii.
1034 5374 1142 5431 tiaram
1157 5371 1314 5430 moralium
1334 5371 1471 5428 flosculos
1484 5375 1655 5444 excerpunt,
1671 5377 1767 5432 etam
1781 5375 1811 5431 in
1821 5373 1857 5429 m

152 5455 224 5525 aar).
240 5456 272 5512 Et
288 5456 390 5515 laudes
404 5459 514 5532 populi,
531 5478 618 5534 quern
634 5465 702 5518 ante
718 5466 812 5519 tacere
830 5463 978 5538 precipie-
1034 5461 1234 5519 membrorum
1242 5457 1347 5514 Christi
1354 5459 1548 5530 pretendunt.
1556 5457 1857 5521 flomnnaiuexoelris

146 5542 215 5616 ¹liat,
232 5547 318 5609 modo
333 5565 391 5609 nou
402 5549 549 5621 salutavit,
564 5550 616 5610 sed
631 5550 729 5628 potius
744 5551 833 5611 dixit:
848 5554 880 5612 St
894 5556 982 5617 trita·
1034 5552 1164 5614 clamant
1175 5544 1469 5626 coummplatiri,.qoi
1484 5545 1747 5623 divinislaudibus
1761 5555 1857 5625 stora-
