3816 6006
99 242 179 312 tuot
663 240 964 308 uomitu-11.
986 243 1038 308 ult
1059 245 1234 311 sancus.
1706 243 1800 313 litt

99 379 194 438 venda
209 377 401 448 demonstrat,
411 393 479 437 cum
487 376 601 438 subdit:
612 378 697 437 Nihil
704 383 835 453 opertum
844 379 922 453 qnod
933 379 962 446 A
977 396 1078 438 secum
1092 380 1200 439 habere
1215 381 1320 455 potest,
1330 377 1800 458 nihiltimerepotest.llndehpo·

99 488 157 527 non
172 472 326 540 reueletur,
340 475 367 526 et
379 471 582 527 ‹absconditnm
592 470 736 544 puerinon
747 471 871 525 sciatur.
883 470 923 525 Ac
979 471 1088 541 stolus;
1117 470 1178 528 «Si
1202 472 1279 528 Deus
1307 488 1359 545 pro
1388 473 1484 541 nobis,
1507 473 1573 545 quis
1599 476 1700 530 contra
1727 475 1800 531 nos?

101 560 126 617 si
142 564 240 634 aperte
265 559 358 616 dicat:
384 561 451 616 Ideo
473 560 586 617 debetis
609 558 788 632 hypocrisim
813 575 921 625 cavere,
979 563 1070 635 (horn.
1087 560 1166 634 vrul‘l
1183 583 1197 611 »
1211 564 1251 617 Ac
1266 561 1290 618 si
1306 566 1404 634 aperte
1417 562 1509 618 dicat:
1522 561 1553 618 Si
1564 563 1641 619 Deus
1652 579 1703 636 pro
1714 562 1800 619 nobis

101 650 171 725 quia
185 650 314 723 profecto
330 650 377 705 hic
392 649 436 705 vel
452 649 481 705 in
493 650 538 705 die
548 649 653 721 judicii
663 647 781 705 illorum
794 648 924 722 hypocri·
978 656 1032 718 est,
1048 655 1077 706 et
1092 650 1116 706 si
1131 652 1198 723 quis
1212 651 1345 707 videatur
1359 667 1423 707 esse
1438 655 1538 706 contra
1552 668 1616 722 nos,
1632 656 1730 707 tamen
1747 668 1800 726 pro

101 741 152 807 sis,
169 743 197 795 et
212 738 328 796 bonitas
342 743 447 806 vestra,
466 756 529 812 qua
537 740 676 795 modoest
687 738 867 806 abscondita,
879 741 924 793 est
979 740 1063 796 nobis
1072 744 1126 809 est,
1138 741 1209 795 dum
1219 758 1251 796 ea
1264 741 1431 814 quaeinlcrt,
1442 757 1499 796 non
1508 740 1668 797 solumnon
1679 741 1798 811 obsunt,

101 828 256 887 revelanda
271 832 299 885 et
320 829 544 893 remuneranda,
571 827 697 900 quando,
709 828 795 899 juxta
815 827 923 882 Danis-
978 829 1133 886 sedetiam
1157 834 1282 902 prosunt
1303 829 1397 885 nobis.
1423 830 1503 886 Unde
1518 835 1547 886 et
1570 830 1712 903 scriptum
1739 835 1797 888 est:

99 919 169 988 lum,
187 942 201 968 ι(
214 918 326 974 sedebit
336 922 468 974 vetustus
477 917 602 983 dierum,
612 920 640 972 et
647 915 713 971 libri
725 915 816 989 aperti
826 919 921 985 erunt,
980 939 994 970 a
1010 916 1063 985 Qui
1081 917 1165 972 timet
1180 917 1283 985 Deum,
1302 916 1374 972 nihil
1389 917 1545 989 trepidabit
1560 917 1663 990 (dccli.
1675 919 1797 992 simvl.»

100 1013 128 1066 et
143 1006 242 1065 omnia
265 1007 402 1062 omnibus
424 1006 696 1062 manifestabuntur
720 1006 804 1077 (Dan.
828 1005 890 1078 vn).
907 1026 922 1057 a
977 1009 1012 1063 Et
1028 1006 1237 1084 Philosophus:
1260 1005 1313 1073 Qui
1339 1006 1423 1063 timot
1437 1006 1538 1076 Deum,
1557 1007 1630 1063 nihil
1654 1008 1748 1064 timet.
1764 1010 1799 1064 Et

99 1097 178 1156 Nihil
196 1096 286 1172 igitur
301 1096 381 1168 mali,
397 1096 564 1152 adcomodo
580 1099 624 1152 est
635 1092 922 1168 opertumvelamine
977 1097 1027 1170 qui
1044 1097 1128 1153 timet
1142 1096 1245 1163 Deum,
1261 1096 1359 1151 omnia
1374 1095 1477 1152 timent
1491 1113 1569 1152 eum.
1586 1095 1639 1163 Qui
1654 1112 1720 1152 vero
1740 1113 1798 1154 non

100 1186 309 1256 simulationis,
326 1187 404 1259 quod
420 1204 478 1243 non
495 1186 647 1253 reveletur,
663 1184 707 1241 vel
721 1184 768 1240 bic
779 1184 922 1241 sacerdoti
976 1187 1061 1243 timet
1089 1186 1192 1250 Deum,
1216 1184 1300 1240 timet
1323 1185 1431 1242 omnia.
1458 1186 1568 1257 ltaque,
1598 1184 1703 1241 iratres
1729 1185 1797 1255 mci,

98 1294 151 1351 per
165 1276 377 1335 confessionem
393 1275 564 1344 adveniam,
576 1272 620 1330 vel
636 1274 666 1329 in
677 1273 923 1330 suturoomnibus
978 1276 1069 1332 Deum
1086 1274 1288 1347 superomnia
1303 1274 1447 1330 offendere
1468 1275 1636 1342 timeamus,
1657 1274 1797 1347 quoniam

98 1384 151 1442 per
157 1364 404 1424 conscientiarum
414 1363 618 1421 revelationem
628 1363 663 1419 ad
673 1365 841 1436 perpetuam
853 1379 922 1419 con·
978 1366 1002 1421 si
1013 1366 1104 1421 Deum
1112 1363 1264 1420 nobiscum
1274 1361 1426 1429 habemus,
1437 1362 1510 1418 nibil
1518 1363 1795 1437 timerepossumus:

98 1457 254 1514 lusionem.
272 1452 409 1526 Nihilque
424 1453 493 1509 boni
506 1451 920 1520 sicmodoestabsconditum,
977 1455 1113 1522 scientes,
1130 1453 1154 1509 si
1170 1453 1247 1508 Deus
1262 1451 1434 1507 timentibus
1450 1469 1481 1508 se
1496 1452 1619 1526 flagella,
1633 1453 1797 1513 tribulatio·

99 1563 151 1620 per
165 1544 262 1619 glories
276 1542 374 1599 inanis
385 1542 582 1615 evitationem,
591 1542 667 1614 quod
678 1558 736 1596 non
748 1540 867 1609 sciatur,
876 1538 921 1596 vel
977 1561 1087 1616 nesque
1101 1542 1244 1615 permittit
1259 1541 1383 1608 evenire,
1408 1545 1507 1597 lamen
1521 1558 1571 1598 eas
1585 1541 1614 1597 in
1629 1542 1739 1599 bonum
1754 1544 1768 1601 i
1785 1573 1797 1586 ·

98 1634 157 1703 hic,
173 1633 217 1690 vel
233 1633 263 1690 iu
280 1633 388 1701 futuro,
400 1632 436 1687 ad
447 1631 724 1688 remunerationem.
734 1634 822 1686 Borro
833 1645 921 1702 opera
976 1633 1032 1690 ciet
1047 1632 1088 1690 eis
1102 1630 1263 1706 provenire.

97 1722 282 1791 intenebris,
310 1721 355 1777 vel
369 1719 502 1777 latibulis
528 1721 614 1789 iacta,
631 1724 701 1776 sunt
724 1718 847 1776 occulta.
863 1717 959 1821 Vo·B
1012 1722 1150 1795 Sequitur
1169 1738 1237 1793 pars
1261 1720 1478 1792 tertiamque
1500 1720 1681 1779 demonstrat
1702 1723 1795 1780 Deum

97 1809 760 1886 luntatesquoquecordiumsuntoccultiores,
780 1808 919 1864 intentio·
974 1813 1065 1869 etiam
1081 1828 1149 1868 cum
1164 1810 1269 1866 timore
1289 1809 1481 1883 diligendum,
1503 1827 1570 1867 cum
1590 1811 1794 1886 subjungitur:

96 1921 150 1961 uss
164 1907 193 1960 et
207 1903 280 1957 fines
294 1900 478 1957 voluntatum
490 1904 561 1955 sunt
576 1897 781 1955 occultissima
791 1915 797 1953 ε
808 1903 922 1970 quata—
973 1904 1071 1959 Nonne
1079 1901 1336 1976 quinquepnsseres
1344 1905 1464 1955 teneant
1471 1900 1621 1971 dipondio,
1631 1900 1661 1958 id
1671 1904 1716 1959 est
1726 1902 1796 1958 duo-

97 2009 165 2050 men
180 1990 280 2048 omnia
302 1987 510 2045 revelabuntur
524 2004 541 2043 a
556 1987 690 2055 Domino,
707 2011 721 2039 a
739 1986 789 2059 qui
809 1984 920 2042 illumi·
974 1987 1796 2058 busassibus,etnnnsenitlianonestinottiuionecoram

97 2082 181 2139 nabit
195 2077 367 2136 abscondita
381 2076 580 2144 tenebrarum,
597 2081 625 2134 et
641 2075 840 2133 manifestabit
853 2092 920 2131 con·
973 2085 1050 2138 Deo?
1062 2081 1156 2138 Nolite
1171 2094 1239 2151 erqo
1255 2079 1367 2145 timere,
1387 2077 1491 2135 multis
1508 2080 1669 2148 passeribus
1685 2079 1795 2153 pteris,

97 2170 165 2229 silia
183 2167 316 2226 cordium
343 2169 367 2240 (l
380 2167 444 2223 Cor.
460 2167 509 2239 tv).
528 2189 539 2216 ι
557 2166 639 2222 Unde
654 2170 682 2221 et
706 2165 821 2223 subdit:
847 2169 921 2236 Ouo·
973 2170 1099 2227 subaudi
1115 2168 1210 2241 pretii,
1228 2169 1425 2224 saltitantis
1441 2167 1607 2224 sidicatur:
1624 2168 1717 2225 Deum
1736 2185 1795 2226 non

95 2260 179 2317 niam
192 2274 253 2333 qne
267 2257 437 2314 intenebris
448 2256 580 2326 diuinis,
590 2254 638 2310 oet
648 2255 770 2329 sectatos,
782 2255 921 2311 dicentur
972 2259 1069 2315 solum
1084 2258 1197 2325 timere,
1213 2257 1263 2313 sad
1280 2256 1367 2313 etiam
1378 2255 1498 2330 diligere
1511 2255 1632 2327 debetis,
1646 2256 1696 2330 qui
1708 2261 1796 2315 tanta

96 2350 130 2407 in
146 2347 265 2406 turnino.
281 2349 320 2403 Et
334 2346 411 2420 qnod
425 2346 455 2401 in
466 2361 550 2411 anre,
565 2344 594 2400 id
606 2349 651 2400 est
665 2342 695 2400 in
708 2347 819 2400 secreto
829 2343 918 2399 locuti
972 2345 1162 2421 benignitatis
1176 2350 1231 2413 est,
1246 2345 1323 2417 quod
1339 2344 1447 2401 vilibus
1463 2345 1640 2413 volatilibus,
1656 2350 1694 2414 et,
1715 2347 1793 2419 quod

95 2436 167 2496 estis
181 2436 224 2493 vel
241 2434 350 2492 lecistis
360 2433 775 2505 inconsultans-uuachun
785 2433 917 2499 intectis,
972 2439 1069 2510 majus
1085 2439 1138 2504 est,
1155 2435 1217 2491 suis
1229 2435 1479 2507 contemptoribus
1490 2435 1640 2508 providere
1650 2452 1709 2491 non
1719 2435 1793 2493 obli-

96 2527 126 2585 id
140 2530 185 2584 est
195 2523 482 2600 patam.Juxtaenim
491 2539 601 2580 morem
611 2522 769 2579 Palestiaae
777 2521 918 2593 loquitur,
970 2526 1102 2583 viscitur.
1119 2526 1154 2580 Et
1169 2528 1278 2597 quanto
1294 2525 1389 2595 magis
1404 2523 1489 2580 nobis
1514 2523 1707 2582 rationalibus
1730 2525 1793 2584 suis

96 2610 917 2690 ubipraeconesdesupertecta,quedesuperplanasunt,
971 2613 1794 2687 dilcctoribusprovidebit,delensionemsuampraebabitt

95 2706 132 2763 ad
148 2703 289 2778 populum
305 2703 475 2776 loquuntur.
492 2703 618 2758 Possunt
627 2701 706 2757 enirn
717 2702 778 2757 haec
791 2717 826 2757 ex
836 2703 919 2774 porte
972 2704 1091 2778 Mystico
1105 2720 1172 2758 voro
1186 2703 1317 2775 quinque
1332 2697 1465 2775 passeres
1481 2708 1549 2759 sunt
1564 2703 1699 2762 homines
1709 2721 1794 2762 mun-

95 2795 131 2853 ad
148 2810 277 2868 praesens
290 2797 407 2865 tempus
420 2791 532 2857 referri,
549 2791 689 2863 quoniam
702 2792 765 2863 qu'ce
781 2788 917 2861 discipuli
972 2793 1051 2859 dani,
1066 2793 1195 2866 quinquo
1206 2792 1343 2848 sensibus
1355 2792 1485 2865 corporis
1495 2793 1597 2861 dediti,
1614 2792 1664 2866 qui
1674 2810 1794 2851 sursum

94 2883 200 2942 Christi
218 2882 301 2956 prius
316 2881 346 2936 in
357 2880 497 2947 tenebris,
511 2878 540 2935 id
554 2883 598 2936 est
611 2879 641 2934 in
653 2880 758 2935 umbra
768 2894 917 2935 carcerum
972 2882 1070 2939 volant
1084 2897 1136 2954 per
1150 2881 1267 2936 inanem
1282 2879 1416 2954 gloriam,
1440 2881 1627 2952 deponuntur
1641 2881 1671 2939 in
1685 2886 1794 2940 terram

94 2978 125 3032 et
139 2986 357 3048 pressurarum,
374 2973 403 3025 et
416 2969 446 3024 in
463 2971 573 3025 secreto
589 2966 678 3024 locuti
694 2971 773 3032 suni,
794 2983 871 3022 1111110
888 2966 918 3021 in
972 2988 1025 3046 per
1038 2975 1221 3027 terrenorum
1246 2969 1442 3037 dilectionem,
1467 2970 1567 3025 vivunt
1581 2971 1617 3026 de
1632 2970 1728 3028 alieno
1742 2988 1795 3044 per

94 3062 225 3120 Ecclesia
241 3077 291 3134 per
303 3058 404 3116 orhcm
420 3056 535 3131 publice
550 3056 753 3130 predicantur·
973 3060 1175 3134 rapacitatem,
1193 3058 1349 3132 capiuntur
1363 3057 1506 3115 adinbolo
1518 3075 1570 3132 per
1579 3059 1792 3133 deceptionem,

131 3150 270 3224 Sequitur
282 3165 349 3221 pars
374 3146 503 3203 secunda
516 3144 547 3200 in
569 3162 628 3218 qua
652 3143 793 3200 Dominus
816 3142 916 3216 proeci-
931 3127 953 3195 (ἶ
971 3153 1098 3205 veneunt
1112 3147 1260 3220 dipondio,
1277 3148 1305 3203 id
1320 3152 1374 3216 est,
1389 3145 1437 3203 vili
1458 3147 1549 3219 pretio
1573 3152 1693 3204 terrenae
1708 3148 1794 3221 cupi-

96 3240 141 3314 pit
164 3256 222 3295 non
245 3236 406 3305 hominem,
434 3235 484 3291 sed
507 3233 602 3290 solum
626 3234 718 3290 Deum
741 3233 916 3300 timendum,
972 3238 1073 3295 ditatis
1088 3242 1116 3294 et
1130 3234 1298 3309 voluptatis,
1316 3235 1610 3292 inaeteruamanimae
1626 3235 1794 3311 etcorporis

95 3345 164 3387 cum
180 3328 294 3385 subdit:
311 3327 380 3382 Dico
395 3324 475 3380 uobis
488 3319 920 3380 anticismeis:deterreamini
972 3326 1200 3382 damnationem.
1213 3325 1269 3381 Sed
1280 3325 1304 3381 si
1321 3325 1518 3381 Deusmcmor
1532 3326 1672 3382 estetinm
1687 3325 1792 3384 talium

93 3419 133 3477 ab
148 3418 202 3485 liis,
219 3415 573 3490 quioccidnntcorpnes,et
590 3410 918 3486 poctnonlaabentqnid
971 3416 1014 3472 vel
1039 3414 1082 3471 eis
1105 3413 1268 3487 corporalia
1289 3412 1421 3470 subsibia
1445 3415 1611 3486 praebendo,
1634 3415 1679 3472 vel
1702 3414 1793 3473 etiam

94 3509 223 3585 saciant.
241 3504 400 3563 Ostendam
414 3509 513 3560 uatem
527 3503 603 3560 uotis
617 3517 698 3576 quem
715 3501 854 3557 timeatis.
874 3501 919 3556 Ti·
972 3503 1121 3560 multoties
1144 3503 1196 3576 peh
1219 3502 1420 3576 poenitcntiam
1441 3504 1477 3559 ad
1502 3503 1627 3583 salutern
1651 3507 1792 3575 vocando,

95 3605 168 3653 mete
182 3603 282 3651 entem
294 3609 360 3649 eum
369 3593 418 3666 qui
424 3590 917 3666 postquamoccideritdtatetpele·
972 3596 1081 3666 quanto
1092 3592 1187 3664 magis
1200 3591 1330 3648 tidelium
1341 3592 1531 3666 suorum,qui
1541 3593 1690 3668 eissmper
1700 3596 1794 3653 adhu-

93 3690 199 3743 statsm
211 3685 328 3739 mittere
339 3681 549 3757 inpellentium.
562 3679 592 3736 Si
603 3680 686 3747 bene,
699 3681 811 3750 fratres,
824 3679 918 3736 consi·
972 3685 1046 3748 rent,
1063 3698 1129 3739 eum
1144 3686 1204 3737 toto
1219 3681 1304 3737 eorde
1319 3680 1456 3754 diligunt,
1468 3687 1497 3739 et
1510 3682 1536 3739 ei
1544 3682 1574 3738 in
1589 3683 1726 3742 omnibus
1741 3687 1793 3743 ob·

94 3775 242 3841 daremus,
262 3773 335 3828 Deus
351 3769 431 3828 solus
442 3773 486 3826 est
498 3769 656 3826 timendus.
669 3769 768 3841 Neque
780 3768 859 3826 enim
869 3767 919 3824 ho·
971 3769 1155 3843 temperant?
1177 3771 1235 3827 Sed
1263 3772 1293 3827 ei
1317 3769 1427 3843 capitii,
1448 3770 1554 3844 inquit,
1579 3775 1668 3830 vestri
1688 3775 1795 3846 cupitis

94 3865 200 3930 mines,
214 3877 309 3934 neque
323 3861 479 3926 demones,
495 3875 590 3931 neque
606 3858 681 3927 lcrae,
694 3875 788 3932 neque
803 3874 917 3931 serpen·
971 3878 1070 3917 omnes
1082 3862 1235 3916 enumerati
1247 3866 1324 3915 sunt.
1340 3863 1380 3915 Ac
1394 3861 1418 3916 si
1438 3861 1529 3917 dicat:
1547 3861 1609 3918 Non
1630 3863 1792 3935 hominem,

93 3958 138 4011 tes
154 3967 248 4023 neque
268 3949 326 4006 alia
349 3953 482 4005 creatura
503 3951 601 4020 potest
616 3946 701 4003 nobis
721 3963 834 4015 nocere,
860 3945 916 4002 nisi
972 3951 1021 4008 aed
1038 3950 1134 4007 solum
1150 3950 1242 4005 Deum
1258 3949 1361 4005 timere
1376 3953 1405 4004 et
1425 3948 1544 4022 diligere
1564 3950 1687 4020 dehetis,
1704 3969 1793 4026 aquo

94 4040 218 4099 Domino
234 4037 421 4111 permittente
438 4079 444 4092 .
461 4035 543 4091 Unde
559 4051 612 4091 nco
627 4033 762 4092 diabolus
773 4051 862 4091 unam
875 4052 919 4091 so·
972 4037 1514 4110 nonsolumanimaveslraeetcorpora
1525 4041 1631 4106 vestra,
1643 4040 1792 4100 sedetiam

95 4130 154 4187 lam
171 4127 314 4186 oviculam
328 4126 383 4183 Job
399 4130 520 4198 tangere
529 4125 684 4196 potuisset,
697 4124 753 4181 nisi
768 4124 851 4197 prius
867 4142 917 4198 po·
972 4123 1792 4198 qualibetvestriminimeparticulaetqumabcissoenon

96 4222 230 4276 testatem
247 4215 399 4272 aDomino
425 4211 584 4285 accepisset
605 4211 669 4284 (iot
680 4216 711 4282 ι).
728 4213 791 4268 Νοιι
808 4214 837 4268 in
853 4229 918 4286 gre·
972 4213 1149 4280 sentiuntur,
1167 4229 1289 4268 numero
1304 4229 1357 4268 suo
1372 4218 1590 4270 conservantur.
1603 4215 1665 4272 Non
1681 4218 1793 4279 debetis

95 4323 161 4382 gem
177 4322 332 4380 porcorum
349 4302 444 4376 potuit
459 4301 577 4369 intrare,
595 4301 652 4357 nisi
663 4300 787 4357 Domino
797 4302 918 4374 permit·
972 4301 1793 4376 ergotimerequodcrateramqjorainvobispereant,cum

95 4400 174 4453 teuto
188 4399 294 4461 (Marc.
312 4396 351 4461 v).
371 4413 385 4441 ι(
398 4391 460 4448 Νοιι
475 4388 553 4444 enim
569 4392 753 4462 estpotestas
764 4389 820 4445 uisi
833 4407 849 4446 a
860 4390 918 4446 Deo
973 4408 1026 4451 nec
1039 4389 1127 4447 etiam
1143 4389 1200 4445 ista
1210 4389 1343 4457 minima,
1357 4389 1479 4445 Domino
1489 4398 1690 4461 conservante,
1706 4396 1736 4452 in
1747 4414 1795 4455 vo·

96 4485 188 4559 (Rern.
204 4486 277 4551 xui).
296 4503 310 4530 ιι
327 4480 409 4536 Unde
431 4477 573 4534 Dominus
598 4477 689 4534 Pilato
714 4478 801 4533 dixit:
825 4501 839 4528 «
856 4480 916 4535 Non
934 4498 958 4564 D
973 4480 1018 4536 bis
1030 4479 1123 4553 perire
1135 4482 1254 4550 queant,
1267 4477 1387 4551 Mystico
1396 4495 1463 4535 vero
1474 4480 1571 4551 capilli
1583 4480 1793 4556 capitisvestri,

95 4573 220 4630 haberes
233 4573 408 4643 potestatem
430 4567 584 4624 adversum
609 4584 655 4623 me
671 4566 773 4631 ullam,
795 4568 851 4624 nisi
866 4569 920 4625 tibi
975 4570 1004 4626 id
1017 4573 1062 4625 est
1076 4567 1199 4623 subtiles
1206 4566 1602 4640 cogitationescordisvestri,
1614 4570 1692 4642 apud
1703 4576 1795 4631 Deum

96 4656 617 4731 datumossetdesupcr(leonnato
626 4656 920 4730 -«Nonest,inquit,
976 4659 1178 4723 numerantur,
1191 4655 1389 4728 quoniamneo
1400 4655 1560 4723 subtilitas,
1573 4673 1625 4713 nec
1636 4659 1795 4720 multitudo

97 4749 208 4809 malum
220 4749 249 4805 in
258 4748 385 4816 civitate,
394 4746 471 4819 quod
480 4744 714 4802 nonfacintlleus
725 4747 830 4817 (tritos.
842 4747 893 4819 ιιι).
906 4769 920 4797 ιι
974 4762 1087 4812 earum,
1105 4760 1256 4800 summum
1268 4744 1400 4815 judicem
1416 4742 1515 4801 fallare
1530 4750 1664 4816 possunt,
1681 4749 1731 4820 qui
1743 4767 1796 4823 pro

97 4839 237 4898 Omnium
253 4838 344 4912 igitur
355 4852 505 4910 poenarum
513 4838 587 4890 Deus
594 4839 695 4889 auctor
704 4839 763 4902 est;
774 4836 921 4891 doemones
975 4833 1100 4908 singulis
1116 4837 1144 4889 et
1158 4849 1210 4905 pro
1226 4833 1364 4888 omnibus
1380 4833 1600 4890 retributionem
1611 4839 1657 4891 est
1668 4837 1797 4897 redditu·

96 4945 165 4986 vero
179 4927 224 4984 vel
239 4926 385 4993 homines,
409 4921 546 4980 ministri.
564 4922 646 4978 Unde
670 4923 813 4979 Dominus
828 4924 920 4998 pessi·
975 4940 1036 4979 rus.
1053 4922 1083 4979 Si
1107 4938 1175 4994 ergo
1199 4926 1275 4978 Deus
1299 4938 1357 4977 non
1373 4922 1468 4978 solum
1495 4923 1613 4980 iactast
1637 4924 1725 4996 dicta,
1745 4931 1796 4987 sed

98 5033 180 5074 mum
211 5032 309 5090 regem
338 5013 535 5086 Assyriorum,
560 5028 611 5084 per
636 5028 723 5084 quem
751 5011 921 5069 idololatras
974 5013 1062 5070 stiam
1078 5011 1216 5067 minimas
1231 5011 1422 5083 cogitationes
1438 5012 1632 5083 adjudicium
1657 5022 1795 5088 reservat,

96 5104 248 5163 israelitas
267 5103 444 5177 flagellabat,
466 5101 578 5174 virgam
599 5117 683 5156 suam
703 5105 785 5157 vocat
805 5102 919 5158 dicans:
976 5099 1589 5175 quantadiligentiadebemus‚iratresmci,
1603 5112 1797 5166 cornostrum

98 5217 114 5247 a
130 5195 219 5268 Virga
234 5193 343 5248 luroris
359 5190 415 5247 mei
429 5192 522 5247 Assur
537 5191 606 5262 (lca.
622 5188 661 5261 x).
678 5210 692 5238 ιι
708 5188 771 5244 Νοιι
782 5205 850 5262 ergo
863 5190 923 5246 dia·
976 5190 1131 5258 custodiro,
1146 5205 1181 5243 no
1198 5186 1280 5244 mala
1295 5188 1339 5243 vel
1354 5206 1434 5244 vanae
1446 5191 1635 5264 cogitationes
1647 5193 1677 5250 iu
1689 5211 1723 5253 eo
1734 5213 1798 5254 sur·

97 5283 196 5353 bolus,
211 5300 269 5339 non
282 5282 381 5347 homo,
398 5297 456 5337 non
468 5281 603 5347 sera,non
616 5294 811 5350 serpens‚non
823 5278 923 5354 aliqua
977 5282 1056 5353 gant,
1072 5276 1116 5334 vel
1133 5293 1169 5332 ne
1184 5281 1337 5348 surgentes
1353 5283 1495 5348 crescant,
1510 5281 1559 5336 scd
1574 5282 1674 5338 statim
1684 5285 1798 5358 parvuli

98 5373 157 5430 alia
171 5375 305 5428 creatura
319 5370 450 5427 timenda
464 5373 518 5438 est,
536 5369 586 5425 sed
602 5367 699 5441 potius
710 5367 788 5424 Deus
801 5367 881 5426 solus
892 5369 922 5425 in
976 5365 1302 5440 Rabylonistcneantur,
1311 5367 1381 5422 etad
1388 5367 1799 5439 pertramChristumallidau·

97 5461 146 5518 his
160 5459 299 5519 omnibus
310 5459 460 5515 timendus
471 5457 641 5530 est,quiper
656 5456 794 5529 istaquos
805 5456 923 5514 vultlla-
976 5462 1034 5512 tur.

96 5550 195 5626 gollat,
211 5555 356 5622 tanquam
373 5565 424 5622 per
439 5548 647 5607 instrumenta.
674 5546 727 5614 Qui
743 5563 811 5620 crgo
831 5545 923 5604 Deum
1013 5544 1152 5618 Sequitur
1166 5561 1234 5619 pars
1254 5550 1359 5618 quarta
1374 5547 1404 5604 iu
1419 5564 1479 5621 qua
1503 5548 1645 5607 Dominus
1670 5552 1800 5610 ostendit
