3816 6006
113 245 167 306 iit
591 245 625 306 S.
644 244 859 307 LAUBENTll
882 244 1057 313 ELOGIUM
1080 245 1332 311 discorticans.
1757 243 1817 307 ll8

144 380 170 435 3.
184 378 352 435 Laurentius
363 378 506 450 presbyter
519 377 713 434 etmeaacbas.
731 408 765 418 -
789 375 931 433 Bubitaut
944 375 973 444 Α
988 376 1095 434 Christi
1102 379 1231 436 Ecclesia
1241 380 1446 453 tenere30ujus
1456 377 1576 437 videlice
1600 378 1729 452 epistole
1739 379 1818 452 prin·

112 467 236 526 nonnulli
254 485 294 523 an
308 467 485 524 Laurentius
495 484 530 523 cx
540 467 700 523 ltaliacum
709 467 883 539 Augustino,
896 483 933 521 an
988 467 1097 540 eipium
1113 469 1167 525 boc
1183 474 1228 525 est
1244 488 1250 526 :
1270 493 1284 520 a
1300 471 1431 526 Dominis
1452 469 1635 526 charissimis
1662 472 1814 543 iratribus,

110 576 141 615 ex
154 557 248 614 Gallia
261 559 292 613 in
309 557 491 615 Britanniam
508 559 545 613 ab
560 558 623 630 ipso
639 561 775 614 evocatus
786 557 932 630 proiectus
989 579 1003 607 α
1018 559 1163 630 episcopis
1178 559 1222 615 vel
1238 558 1394 616 abbatibus
1409 577 1460 632 per
1480 559 1648 616 universam
1674 561 1813 630 Scotiam,

108 647 152 704 sit.
169 647 315 703 Dubitant
327 648 418 703 etiam
434 647 559 703 tueritne
575 646 748 714 monachus,
765 662 850 718 quein
863 647 931 703 Gra·
988 668 1002 697 a
1019 647 1204 716 Laurentius,
1221 648 1348 705 Mellitus
1365 650 1506 705 etJustus
1521 649 1740 722 episcopi,scrvi
1755 668 1814 707 ser·

106 736 204 810 gorius
219 735 333 808 passini
350 736 464 804 (Gneo,
480 735 530 791 lib.
546 753 586 805 ix,
604 735 689 808 epist.
706 738 752 807 52,
768 737 814 800 55,
830 737 874 807 56)
904 738 933 790 et
989 759 1003 787 a
1018 754 1120 792 vorum
1136 738 1196 794 Dei.
1213 739 1288 794 Dum
1302 740 1453 795 possedes
1470 739 1629 812 apostoliea
1645 757 1725 796 more
1746 757 1813 810 suo,

105 826 180 882 Beda
202 826 395 898 presbyteram
418 824 577 897 appellant.
603 825 643 881 De
668 825 763 898 primo
783 823 932 897 explorata
987 849 1000 877 a
1018 827 1095 882 sicut
1110 827 1140 882 in
1156 828 1290 884 universo
1311 830 1380 884 orbe
1402 833 1556 895 terrarum,
1573 828 1666 889 inhis
1681 828 1812 886 occiduis

104 915 219 970 videtur
241 931 307 971 esse
332 930 389 981 res,
415 918 478 970 turn
502 931 536 970 ex
550 913 698 970 Gotselino
714 932 804 987 supra
818 917 881 969 tum
898 930 932 969 ex
986 938 1000 965 α
1015 917 1149 987 partibus
1165 917 1200 972 ad
1218 918 1435 990 predicandum
1452 917 1588 990 gentibus
1604 919 1726 991 paganis
1743 919 1810 974 diri·

103 1005 165 1076 ipso
181 1004 262 1059 iacto
276 1003 434 1076 Augustini
448 1003 499 1075 qui
510 1026 524 1054 a
537 1003 774 1076 archiepiscopus
784 1003 864 1075 genti
877 1007 932 1058 bn·
987 1027 1001 1056 a
1014 1011 1105 1078 geret,
1122 1010 1209 1078 atque
1224 1006 1254 1061 iu
1270 1007 1345 1061 hane
1362 1007 1489 1062 insulam
1502 1024 1565 1079 quaa
1576 1007 1727 1063 Britannia
1738 1025 1812 1062 nun-

103 1092 219 1166 glorum
237 1093 401 1160 ordinatus,
420 1115 434 1140 »
450 1093 546 1165 inquit
561 1094 637 1149 Beda
651 1093 681 1148 iu
696 1093 770 1149 Hist.
788 1093 839 1148 lib.
857 1108 877 1159 1,
903 1108 930 1148 c.
986 1117 999 1144 n
1016 1098 1141 1166 cupatur
1156 1096 1278 1169 contigit
1289 1094 1424 1151 introisse
1435 1113 1441 1162 ;
1454 1101 1612 1167 antequam
1624 1113 1810 1169 cognoscere·

102 1184 146 1250 26,
164 1182 280 1238 «misit
291 1181 429 1238 continuo
444 1182 566 1238 Romam
581 1182 771 1238 Laurentium
784 1181 932 1254 presbyte-
985 1205 1000 1233 «
1016 1200 1093 1250 mus,
1111 1185 1260 1240 credentes
1288 1185 1365 1256 quod
1388 1186 1474 1256 juxta
1497 1201 1609 1252 morem
1634 1185 1809 1243 universalis

103 1290 167 1329 rom
181 1275 214 1328 et
230 1271 349 1328 Petrum
363 1271 552 1338 monachum,
569 1271 620 1343 qui
636 1272 665 1327 B.
683 1271 812 1343 pontifici
826 1272 930 1343 Grego-
985 1295 999 1322 «
1016 1271 1150 1328 Ecclesia
1160 1271 1424 1345 ingrederentur,in
1440 1290 1548 1346 magua
1564 1275 1725 1330 reverentia
1740 1292 1807 1331 san-

103 1362 143 1419 rio
157 1364 281 1435 gentem
296 1360 456 1435 Anglorum
471 1361 559 1416 fidem
573 1360 682 1416 Christi
698 1361 844 1433 accepisse
855 1378 888 1416 ao
899 1378 930 1417 se
986 1385 1000 1412 α
1012 1362 1121 1418 ctitatis
1135 1367 1196 1417 tam
1213 1362 1357 1419 Brittones
1382 1347 1471 1434 qua'm
1491 1364 1592 1419 Scotos
1616 1363 1744 1419 venerati
1757 1380 1807 1419 su·

101 1451 276 1524 episcopum
294 1449 403 1506 lactum
418 1465 484 1506 esse
499 1449 655 1518 reterreut;
674 1472 688 1499 a
704 1467 762 1505 nou
782 1448 929 1505 missurus
984 1473 998 1501 «
1016 1468 1092 1506 mus.
1111 1451 1166 1507 Sed
1181 1456 1389 1524 cognoscentes
1404 1450 1558 1518 Brittones,
1575 1453 1689 1508 Scottos
1705 1451 1806 1509 melio-

102 1540 232 1614 proiecto
247 1538 306 1595 nisi
320 1556 395 1612 quos
410 1539 503 1595 Roma
517 1555 616 1594 secum
628 1539 782 1608 adductos,
792 1538 928 1610 Gregorio
983 1561 998 1590 «
1015 1555 1060 1595 res
1076 1539 1373 1612 putavimusScottos
1387 1559 1452 1596 vero
1469 1559 1520 1612 per
1535 1542 1687 1615 Baganum
1698 1541 1807 1614 episco-

103 1634 185 1687 notos
200 1628 342 1686 hahebat.
358 1618 473 1700 Exque
489 1631 609 1701 apparet
624 1628 711 1684 etiam
736 1627 927 1683 Laurentium
984 1651 998 1680 «
1015 1646 1096 1702 pum,
1113 1629 1143 1684 in
1159 1630 1234 1685 hauc
1250 1647 1339 1702 quam
1358 1631 1495 1703 superius
1520 1631 1748 1687 memoravimus
1760 1633 1805 1686 in·

100 1718 282 1776 monachum
299 1718 401 1785 luisse,
417 1735 485 1774 oum
500 1716 617 1773 nonnisi
629 1740 643 1767 (ι
655 1716 929 1772 monachastimen-
943 1754 967 1819 B
983 1741 997 1768 a
1015 1718 1122 1789 sulam,
1138 1724 1167 1774 et
1182 1718 1395 1774 columbanum
1421 1720 1557 1775 abbatem
1581 1720 1610 1774 in
1634 1719 1735 1777 Galliis
1758 1738 1805 1776 vc·

100 1813 143 1866 tes
157 1809 256 1864 Deum
272 1808 355 1880 (Bam
369 1807 422 1864 lib.
438 1826 458 1876 1,
470 1825 496 1864 c.
507 1809 553 1876 25)
565 1829 579 1856 a
590 1824 625 1863 ex
637 1806 721 1862 ltalia
731 1807 888 1878 Gregorius
898 1806 928 1861 in
988 1828 1000 1860 u
1016 1808 1154 1876 aientem,
1165 1807 1239 1862 nihil
1254 1808 1419 1879 discrepare
1431 1825 1448 1863 a
1463 1808 1643 1865 Brittonihus
1658 1809 1688 1865 in
1703 1826 1805 1866 eorum

101 1898 238 1972 Angliam
254 1896 377 1952 miserit.
395 1896 537 1964 Quoniam
552 1913 620 1952 vero
635 1896 760 1952 rariores
771 1899 835 1951 tum
846 1899 930 1950 erant
985 1917 998 1946 a
1012 1897 1230 1953 conversatione
1244 1897 1488 1954 didicimusNam
1497 1898 1635 1970 Daganus
1650 1899 1805 1971 episeopus

102 1989 131 2044 in
141 1986 335 2044 monasteriis
346 1987 516 2059 presbyteri,
528 1987 583 2043 hos
593 1987 789 2059 presbyteros,
800 2001 858 2040 noa
869 2000 929 2039 mo·
984 2007 999 2036 a
1014 1987 1050 2041 ad
1067 2003 1119 2043 nos
1135 1987 1264 2055 veniens,
1281 2004 1339 2042 non
1355 1987 1450 2042 solum
1465 1987 1564 2043 eibum
1580 1987 1803 2054 nobiscum,sed

103 2078 215 2134 nachos
231 2075 380 2148 appellare
396 2075 538 2142 solebant,
556 2093 613 2148 quo
629 2075 748 2131 nomine
763 2074 838 2131 Beda
850 2090 927 2147 pres·
984 2096 997 2125 a
1014 2092 1066 2131 nec
1080 2075 1110 2143 in
1126 2077 1226 2132 eodem
1244 2075 1370 2147 hospitio
1391 2093 1448 2149 quo
1472 2076 1672 2145 vescebamur,
1688 2093 1803 2135 sumere

104 2169 178 2240 byter
193 2164 338 2222 celebrari
353 2165 511 2221 consuevit.
528 2165 608 2221 Adde
623 2163 653 2220 in
664 2163 794 2220 Ecclesia
803 2166 926 2219 centua·
982 2186 996 2214 a
1012 2162 1112 2220 voluit.
1131 2187 1145 2214 n

103 2256 192 2313 densi
209 2256 247 2310 ab
261 2252 425 2328 Augustino
442 2255 476 2310 ad
492 2253 580 2327 longa
594 2271 688 2325 usque
702 2259 845 2326 tempora,
860 2252 927 2308 nul·

103 2346 145 2402 los
169 2342 322 2400 antistites
346 2341 403 2398 nisi
417 2343 575 2399 monachos
591 2343 753 2415 prefuisse.
771 2343 876 2399 Bodam
892 2343 927 2397 da

104 2433 261 2492 Laurentio
276 2433 420 2488 dicentem
433 2431 599 2489 audiamus.

136 2526 164 2579 l.
180 2524 347 2579 Laurentiae
371 2538 505 2578 sucessor
527 2524 561 2578 ab
585 2523 735 2591 decanatiae
759 2521 924 2593 66696666,

103 2622 212 2669 strenae
235 2613 361 2683 officiam
381 2613 545 2684 exsequitur.
563 2644 596 2653 —
614 2612 791 2668 «Successit
811 2613 925 2683 Augus-

104 2703 173 2766 tino,
192 2725 207 2751 »
225 2701 323 2773 inquit
338 2699 387 2756 lib.
405 2719 423 2769 r,
441 2718 504 2773 cap.
521 2703 548 2769 4,
564 2724 578 2751 a
593 2701 623 2755 in
638 2700 839 2772 episcopatum
855 2700 927 2754 Lau·

1017 2321 1030 2348 «
1048 2297 1128 2354 Misit
1143 2297 1219 2353 onim
1234 2299 1409 2354 Laurentius
1434 2315 1501 2354 cum
1526 2299 1705 2373 coepiscopis
1728 2301 1801 2368 suis,

981 2386 1069 2442 etiam
1086 2389 1249 2443 Brittonum
1273 2387 1472 2443 sacerddtihns
1495 2388 1607 2444 litteras
1632 2406 1684 2445 suo
1708 2391 1802 2462 gradu

981 2477 1152 2550 condignas,
1170 2477 1278 2549 quihus
1293 2493 1341 2532 eos
1357 2476 1387 2530 in
1404 2477 1515 2533 unitate
1530 2479 1673 2535 catholica
1697 2480 1802 2535 confir-

981 2583 1061 2622 mare
1077 2565 1191 2639 sategit.
1209 2567 1262 2622 Sed
1287 2571 1429 2638 quantum
1446 2567 1507 2622 bec
1522 2570 1633 2641 agendo
1649 2569 1804 2641 proieoerit

981 2655 1076 2711 adbuc
1105 2657 1261 2728 presentia
1285 2661 1417 2728 tempora
1441 2656 1597 2713 declarent.
1614 2681 1628 2708 »
1646 2657 1802 2731 Reliquum

980 2743 1110 2816 epistolae
1125 2745 1383 2801 desideratur.Non
1398 2746 1493 2801 caruit
1504 2748 1598 2803 lructu
1608 2747 1801 2822 illaepistola,

104 2791 215 2847 centius
230 2807 237 2846 :
253 2804 342 2862 quem
354 2789 418 2860 ipse
432 2788 541 2846 ideirco
556 2790 651 2846 adhuc
665 2789 764 2845 vivens
779 2788 928 2844 ordinave·
1016 2833 1021 2845 .

105 2885 156 2947 rat,
173 2896 210 2934 ne
228 2895 258 2934 se
273 2877 410 2933 defuncto
421 2882 516 2934 status
526 2877 659 2933 Ecclesia
671 2882 732 2933 tam
744 2876 825 2933 rudis
835 2877 878 2933 vel
890 2877 925 2933 ad
980 2852 999 2889 u

1001 2838 1152 2890 haonstat
1176 2851 1210 2889 ex
1232 2834 1304 2889 Vitae
1329 2836 1358 2890 S.
1377 2835 1523 2890 Laurentii
1547 2853 1599 2907 per
1621 2837 1803 2894 Gotsclinum

981 2923 1094 2994 scripta
1108 2923 1362 2998 fragmento,quod
1376 2923 1509 2980 Usserius
1524 2925 1553 2978 in
1571 2925 1647 2980 notis
1664 2928 1699 2981 ad
1715 2926 1802 2998 epist,

978 3013 996 3064 7
1011 3011 1129 3066 Hihern.
1146 3012 1187 3067 sic
1203 3013 1320 3067 reddit:
1340 3035 1353 3063 a
1370 3013 1398 3067 S.
1412 3014 1580 3068 Tere-nanus
1591 3014 1803 3086 archipontifex

942 3125 964 3193 C
981 3099 1124 3155 Hiberniae
1147 3101 1182 3154 ad
1205 3118 1272 3155 eum
1288 3100 1415 3165 transiit,
1432 3100 1474 3155 vir
1489 3105 1575 3155 mutae
1591 3103 1754 3158 sanctitatis
1769 3107 1802 3159 ut

979 3191 1039 3242 tres
1054 3191 1185 3243 mortuos
1201 3187 1358 3243 suscitasse
1368 3189 1624 3260 perhibeatur.0ui
1636 3192 1757 3246 audiens
1767 3193 1799 3248 B.

977 3273 1206 3334 Laurentiumde
1217 3276 1331 3332 Pascha
1345 3277 1544 3334 observatione
1555 3277 1678 3351 aliisque
1689 3285 1802 3352 aposto-

978 3363 1043 3420 licis
1059 3365 1294 3421 institutionibus
1310 3371 1412 3421 mutuo
1429 3371 1571 3423 conventu
1588 3369 1798 3441 disputantem,

978 3453 1437 3527 deditmanusveritati,suosque
1446 3456 1605 3529 discipulos
1614 3456 1801 3531 indignantes

979 3545 1055 3616 quod
1070 3549 1130 3599 tam
1146 3543 1261 3599 divinus
1275 3543 1319 3598 vir
1334 3543 1384 3599 tali
1400 3546 1514 3600 advenas
1530 3547 1743 3618 subjaceret,ad
1757 3565 1801 3604 ve

941 3660 942 3664 ¹
977 3632 1073 3689 citatis
1082 3632 1190 3689 lineam
1202 3650 1255 3688 suo
1266 3632 1398 3704 exemplo
1411 3650 1477 3688 cum
1488 3651 1541 3689 sua
1552 3636 1637 3708 gente
1649 3636 1801 3702 correxit»

978 3722 1006 3777 id
1022 3727 1067 3778 ost
1081 3723 1256 3795 arguitllacc
1272 3723 1350 3777 euim
1365 3722 1485 3793 quaestio
1502 3729 1605 3796 agento
1620 3724 1649 3780 S.
1667 3724 1801 3781 Wilirido

977 3829 1053 3866 anno
1070 3811 1174 3866 Christi
1190 3812 1242 3866 cat
1259 3810 1379 3866 definita
1394 3829 1426 3866 ac
1442 3829 1514 3883 pene
1537 3813 1632 3885 sopita
1657 3819 1711 3870 est.
1728 3821 1801 3889 bega

978 3901 1057 3957 Beda
1073 3900 1145 3955 Hist.
1161 3899 1211 3956 lih.
1230 3918 1271 3963 m,
1289 3917 1352 3971 cap.
1368 3902 1403 3955 25
1419 3905 1447 3955 st
1461 3902 1505 3955 26.

105 2968 204 3024 boram
223 2973 339 3039 pastore
349 2967 507 3023 destitutus
516 2967 649 3022 vacillare
661 2966 812 3037 inciperet.
824 2967 857 3021 ln
868 2983 926 3037 quo

105 3062 131 3114 et
145 3056 312 3129 exemplum
326 3056 504 3127 sequebatur
518 3055 604 3127 primi
629 3055 756 3128 pastoris
780 3053 923 3122 Ecclesia,

105 3145 156 3201 hoc
170 3150 216 3202 est
229 3143 393 3201 beatissimi
403 3143 601 3216 apostolorum
612 3142 752 3216 principis
762 3143 848 3210 Petri,
862 3143 923 3215 qui,

107 3234 224 3289 tundata
239 3234 338 3298 Roma
350 3231 480 3287 Ecclesia
489 3230 607 3300 Christi,
619 3232 798 3288 Clementem
810 3231 866 3287 sibi
877 3232 925 3288 ad·

101 3324 229 3394 juberem
244 3318 462 3392 evangelizandi
478 3320 565 3376 simul
577 3325 605 3377 ot
617 3337 815 3377 successorem
827 3337 926 3375 consc-

106 3428 200 3467 trasse
214 3410 392 3484 perhibetur.
411 3432 425 3459 »
439 3410 497 3465 Hoc
509 3409 693 3466 etl'alerium
707 3409 923 3482 Hipponenscm

104 3505 234 3556 «contra
249 3515 360 3554 morem
376 3498 511 3554 Ecclesia
528 3520 542 3547 »
557 3498 712 3571 prestitisse
727 3499 756 3552 in
782 3514 922 3570 magnum

104 3586 923 3662 AugustitiuumPossidiusindtvgustiniVita,eap.B,au-

104 3683 162 3734 ctor
176 3682 230 3734 ost.
247 3700 262 3727 u
281 3676 457 3732 Laurentius
471 3675 738 3748 archiepiscopatus
749 3676 842 3749 gradu
852 3675 924 3748 poti-

104 3772 158 3836 tus,
175 3766 381 3824 strenuissime
395 3765 587 3820 fundamenta
601 3763 735 3820 Ecclesia
746 3783 809 3837 quac
821 3765 924 3820 nohili-

104 3858 144 3909 ter
155 3856 237 3926 jacta
250 3852 336 3919 vidit,
351 3856 542 3926 augmentare
556 3855 643 3924 atque
658 3853 694 3907 ad
706 3853 866 3924 perfectum
877 3854 923 3909 do·

103 3942 151 3998 biti
166 3941 308 3999 culminis
323 3945 352 3996 et
365 3941 467 3997 crebra
478 3958 546 3996 voce
558 3945 664 3997 sanctae
676 3941 883 3998 exhortationis
895 3946 923 4000 et

104 4032 247 4087 coutinuis
263 4032 317 4103 piae
330 4028 547 4102 operationibus
559 4030 698 4103 exemplis
709 4032 865 4103 provehere
876 4050 923 4089 cu·
1011 4036 1038 4088 6.
1057 4033 1168 4101 Creqem
1195 4034 1341 4087 retiatores
1368 4050 1385 4087 a
1412 4034 1443 4087 B.
1474 4036 1553 4089 Petro
1578 4036 1735 4107 corripitur.
1764 4069 1799 4078 -

104 4120 182 4176 ravit.
199 4119 333 4191 Denique
348 4136 406 4175 uon
422 4118 518 4174 solum
529 4136 607 4175 nova
619 4136 682 4190 qua
695 4120 730 4173 de
740 4120 851 4192 angelis
862 4126 923 4178 erat
977 4145 991 4172 α
1008 4122 1081 4176 Cum
1094 4139 1160 4176 vero
1176 4122 1361 4187 Laurentius,
1379 4144 1392 4171 a
1410 4122 1450 4177 ait
1464 4123 1542 4177 Beda
1557 4140 1620 4197 cap.
1634 4127 1662 4191 6,
1679 4149 1692 4175 n
1710 4126 1799 4182 Melli-

104 4207 221 4264 collecta
231 4206 365 4264 Ecclesiae
377 4224 478 4264 euram
489 4207 616 4281 gerebat,
629 4208 680 4262 scd
691 4211 718 4262 et
726 4211 855 4263 velerum
866 4210 923 4264 Bri·
976 4213 1041 4266 tum
1053 4211 1067 4266 J
1073 4215 1230 4283 astumque
1245 4214 1411 4279 secuturus,
1428 4229 1461 4266 uc
1477 4213 1657 4268 Britanniam
1670 4218 1746 4270 esset
1757 4232 1799 4271 re-

102 4297 205 4352 tanuiae
220 4296 395 4363 incolarum,
410 4313 463 4352 nee
478 4313 536 4351 nou
548 4300 577 4352 et
587 4297 750 4363 Scotorum,
763 4297 814 4368 qui
824 4297 913 4353 Hiber
975 4298 1109 4366 licturus
1115 4300 1207 4370 jussit
1219 4300 1284 4371 ipsa
1296 4299 1351 4354 sibi
1365 4305 1449 4355 noete
1463 4301 1493 4355 in
1508 4302 1630 4357 ecelesia
1645 4304 1797 4359 beatorum

102 4382 177 4440 mam
195 4382 326 4448 insulam
344 4381 822 4455 Britanniaeproaimamincolunt,
833 4402 923 4459 popu·
977 4387 1173 4460 apostolorum
1191 4389 1267 4443 Petri
1282 4393 1311 4443 et
1325 4387 1417 4455 Pauli,
1433 4390 1469 4445 de
1484 4407 1542 4461 qua
1558 4391 1722 4463 frequentor
1734 4393 1797 4463 jam

100 4469 134 4528 lis
147 4470 328 4545 pastoralem
342 4470 510 4543 impendere
524 4472 645 4528 curabat
655 4469 893 4528 sollicitudinem.
907 4497 921 4523 »
937 4496 961 4560 D
977 4476 1115 4542 diximus,
1132 4480 1257 4532 stratum
1278 4478 1390 4549 parari;
1407 4477 1435 4532 iu
1453 4496 1509 4550 quo
1525 4496 1593 4534 cum
1608 4484 1675 4552 post
1690 4479 1798 4535 multus

130 4562 158 4616 5.
174 4560 272 4616 Scotoe
300 4559 335 4615 ud
362 4562 434 4615 ritas
462 4560 606 4617 camelotos
634 4561 767 4638 adituum
794 4569 919 4618 conatur.
976 4583 1075 4638 preces
1089 4583 1122 4621 ac
1136 4565 1280 4635 lacrymas
1296 4568 1331 4621 ad
1347 4566 1439 4621 Deum
1456 4584 1507 4638 pro
1520 4572 1597 4623 statu
1609 4566 1769 4624 Ecclesiaei
1789 4599 1798 4610 ·

97 4649 248 4722 Ephtotom
262 4648 297 4703 od
311 4665 355 4705 eoa
368 4650 474 4705 scribit.
490 4681 525 4690 —
539 4672 554 4701 «
572 4649 722 4722 Siquidem
738 4650 788 4705 ubi
804 4653 919 4708 Scotto·
975 4672 1023 4710 sas
1036 4655 1071 4709 ad
1084 4655 1294 4726 quiescendum
1305 4656 1435 4710 membra
1443 4656 1590 4726 posuisset
1598 4659 1685 4727 atque
1695 4657 1799 4713 obdor-

97 4755 161 4794 rum
177 4737 301 4811 prelata
314 4736 919 4811 ipsorumpatria,quomodoetBrittonum
975 4743 1086 4812 misset,
1104 4745 1239 4816 apparuit
1254 4745 1279 4798 oi
1296 4743 1484 4799 beatissimus
1503 4745 1699 4816 apostolorum
1716 4744 1797 4818 prin-

96 4823 125 4883 in
139 4818 209 4900 ipsa
223 4825 383 4895 Britannia,
398 4826 487 4882 vitam
503 4844 535 4882 aa
546 4828 757 4900 professionem
768 4828 867 4886 minus
878 4847 920 4886 ec·
974 4833 1185 4906 ceps,etu1ulto
1201 4832 1284 4888 illum
1301 4836 1430 4905 temporo
1441 4838 1558 4889 secretae
1570 4833 1663 4890 noctis
1674 4834 1797 4909 ilagcllis

96 4914 294 4972 alesiastienm
309 4914 340 4971 in
355 4915 458 4972 multis
473 4932 537 4973 esse
549 4916 692 4990 cognovit,
704 4918 831 4975 maxime
841 4921 919 4992 quod
973 4923 1135 4979 acrioribus
1149 4922 1290 4988 afficiens,
1306 4923 1511 4979 sciscitabatur
1529 4923 1796 4995 apostolicadistri-

96 5003 215 5061 Paeehae
229 5002 445 5060 solemnitatem
457 5020 514 5059 uon
524 5020 577 5059 suo
588 5008 717 5076 tempore
728 5005 919 5076 celebrarent,
973 5013 1069 5066 ctione
1084 5027 1174 5082 aquare
1188 5027 1306 5083 gregem
1322 5028 1408 5083 quem
1425 5013 1479 5069 sibi
1495 5013 1558 5087 ipse
1569 5015 1740 5084 crediderat,
1754 5031 1796 5071 ro-

95 5095 157 5163 sed,
174 5097 209 5149 ut
223 5108 316 5165 snpra
330 5093 485 5149 docuimus
500 5095 569 5165 (cop.
584 5095 624 5163 2),
641 5110 658 5148 a
673 5099 778 5167 quarta
806 5097 921 5152 decima
974 5098 1128 5171 linqueret,
1144 5098 1186 5152 vel
1203 5098 1249 5153 cui
1265 5104 1414 5170 pastorum
1433 5111 1499 5158 oves
1525 5103 1642 5172 Christi,
1655 5104 1684 5159 in
1700 5104 1795 5160 medio

95 5180 167 5238 luna
181 5198 278 5254 nsque
293 5183 330 5238 ad
340 5181 511 5239 vicesimam
522 5181 678 5239 Dominicae
691 5184 922 5242 Resurrectionis
975 5187 1112 5259 luporum
1129 5186 1239 5258 positas
1255 5187 1371 5261 lugiens
1392 5191 1454 5262 ipsc
1477 5191 1647 5248 dimitteret.
1670 5193 1710 5248 ilo
1732 5194 1796 5259 arei,

95 5271 173 5328 diem
190 5272 409 5328 observandum
423 5289 488 5328 esse
503 5277 649 5345 putarent,
665 5273 769 5344 scipsit
783 5290 851 5329 cum
874 5293 921 5330 eo·
978 5276 1084 5348 inquit,
1102 5275 1200 5330 oblitas
1215 5293 1241 5332 aa
1255 5281 1383 5350 centupli,
1400 5282 1448 5351 qai
1465 5298 1514 5352 pro
1538 5284 1663 5353 parcatis
1687 5281 1800 5349 diuini,

94 5361 241 5435 episcopis
257 5361 320 5417 suis
335 5359 561 5418 exhortatoriam
577 5364 613 5418 ad
628 5379 677 5418 eos
694 5362 857 5433 epistolam,
871 5365 919 5420 ob·
978 5383 1044 5437 quos
1059 5366 1130 5418 talibi
1146 5367 1174 5418 ia
1190 5366 1399 5438 iaatiriaaacaca
1424 5370 1577 5428 dileetioais
1600 5373 1802 5429 emtamendaae·

95 5467 214 5507 seems
228 5467 279 5507 eos
294 5455 323 5508 et
338 5454 519 5519 contestans,
535 5451 677 5507 unitatem
694 5453 775 5525 pacis
785 5458 813 5509 et
823 5455 919 5509 catbo-
978 5463 1031 5519 rat,
1062 5454 1183 5518 uincula,
1209 5456 1330 5524 acerbare,
1353 5475 1483 5526 carceres,
1502 5462 1687 5533 ,palpitationes
1719 5464 1807 5534 ipsam

95 5535 155 5594 lices
170 5537 387 5598 observationis
400 5555 469 5596 cum
485 5554 519 5596 ea
533 5555 597 5611 qua
607 5542 668 5596 toto
679 5539 864 5597 orhedill'usa
879 5549 924 5599 est
979 5550 1119 5617 postremo
1130 5550 1253 5612 inertem,
1269 5553 1382 5602 mortem
1396 5556 1489 5605 cotem
1512 5552 1612 5618 enach,
1629 5550 1663 5607 ab
1688 5551 1810 5622 infideli·
