3816 6006
159 244 199 333 a
634 270 1387 338 ooscnnmcnuruaarmsrsnonaum.

160 402 237 463 claro
249 400 363 464 lamiae
377 405 523 464 civitatem
548 407 723 482 quandoque
739 422 853 463 merear
866 405 981 478 conspi-
996 406 1024 473 A
1039 420 1136 462 comes
1146 405 1224 462 idem
1236 405 1375 479 diligebat
1386 402 1666 479 plusoateris,ruina
1675 418 1771 478 proper

160 509 224 551 cere
234 493 982 570 gaudens!OglorioseconiessorGhristiSwithune,
1039 495 1154 551 caderet
1168 494 1204 551 de
1220 494 1368 567 sonipede,
1385 494 1435 567 qui
1450 509 1528 564 mon,
1539 497 1572 548 ut
1585 491 1701 559 cecidit,
1710 508 1771 548 caut

159 590 278 656 utapro
292 599 340 640 me
355 582 520 640 miserrimo
535 589 740 657 peccatoram
756 584 795 640 sit
809 582 882 639 mihi
897 599 984 656 grave
1038 580 1196 656 chiumque
1212 583 1306 656 fregit,
1314 580 1393 638 etita
1407 582 1545 638 omnibus
1561 580 1701 637 membris
1711 583 1771 638 est<

159 662 311 738 delictam,
323 673 397 742 quod
415 677 481 729 ante
496 661 599 729 ho‘ram
615 673 717 746 frango
729 672 887 744 jejunium.
899 671 984 728 Cuin·
1038 670 1119 727 lutus
1135 675 1166 726 ut
1182 687 1285 727 omnes
1308 669 1359 742 qui
1387 672 1510 726 aderant
1534 669 1684 726 crederent
1700 682 1769 726 eum

160 773 217 831 que
233 775 327 817 cecus
339 759 390 818 ille
404 762 493 818 talem
517 779 585 819 cum
611 762 720 836 gemitu
744 761 868 818 fudisset
882 760 985 817 oratio·
1039 763 1199 815 mortuum.

160 863 237 912 nem,
249 847 434 906 illuminatus
444 854 489 908 est
498 850 606 908 ibidem
618 867 670 924 per
680 850 755 907 sacri
770 848 929 907 sacerdotis
943 849 986 905 in·
1075 851 1119 906 ll.
1137 849 1348 907 Paterfamilias
1377 852 1476 906 autem
1504 864 1572 904 cum
1601 848 1712 905 videret
1738 860 1771 921 pa

160 936 390 1007 terrentianem3
406 954 532 1012 moxque
559 933 592 995 at'
619 938 774 1012 glaucoma
788 938 844 1011 (ret
859 938 896 995 ab
920 939 985 1010 ejus
1040 937 1096 994 sibi
1112 937 1251 994 dilectum
1267 937 1451 1004 morientem,
1463 936 1550 993 amici
1565 936 1692 993 nimium
1706 947 1771 994 nont

161 1022 254 1082 oculis
268 1025 383 1097 cecidit,
399 1026 563 1100 suscipiens
577 1027 657 1084 haud
672 1027 758 1102 longe
780 1026 984 1084 winthoniam
1040 1026 1289 1096 oasamauhnixis
1299 1024 1771 1083 orationibusexoravitllominuu

161 1112 322 1185 conspexit,
335 1130 423 1187 quam
439 1119 499 1172 toto
514 1117 621 1172 mentis
637 1116 739 1173 ardore
753 1114 906 1188 paululum
919 1120 985 1171 ante
1039 1119 1127 1172 tenus
1138 1115 1219 1188 pueri
1231 1112 1771 1188 illiusmoribundimiserereturpergl

163 1197 349 1258 desiderabat
366 1201 472 1270 videre,
499 1207 528 1259 et
542 1203 722 1277 impransus,
737 1207 771 1259 ut
785 1202 931 1275 cupiebat,
948 1202 984 1258 ad
1039 1205 1234 1261 venerabilem
1249 1203 1397 1278 pontificis
1411 1204 1650 1260 interoessionem
1663 1218 1670 1258 ε
1683 1203 1771 1259 Senot

163 1288 346 1347 sanctitatis
361 1306 522 1364 properans
537 1290 662 1348 accessit
686 1290 837 1363 reliquias,
853 1291 986 1365 magnifi·
1040 1294 1155 1366 quiens,
1165 1291 1330 1361 swithune,
1340 1291 1771 1365 flagitamundiRedemptorcn

163 1392 234 1435 cans
249 1376 407 1436 Salvatoris
430 1378 682 1453 omnipotentiam.
700 1381 761 1446 Quo
776 1395 845 1436 cum
860 1378 987 1436 venisset
1041 1380 1108 1454 plici
1126 1398 1208 1454 prece
1223 1381 1301 1453 quod
1322 1384 1440 1452 praestet
1454 1397 1544 1453 puero
1558 1380 1648 1436 vitam
1663 1383 1693 1436 at
1706 1378 1771 1437 saal

163 1465 308 1524 intimavit
320 1466 460 1525 iratribus
474 1466 529 1524 loci
544 1467 625 1524 illius
640 1468 765 1542 qualiter
778 1472 898 1524 curatus
913 1468 988 1523 ioret
1040 1469 1099 1538 isti,
1117 1469 1178 1543 qui,
1194 1469 1219 1525 si
1235 1467 1412 1525 concesserit
1439 1466 1582 1540 petitioni,
1599 1468 1738 1525 omnibus
1753 1467 1771 1525 d

162 1573 215 1630 per
226 1556 390 1614 conditoris
413 1557 515 1613 mundi
536 1556 692 1613 famulum.
709 1556 774 1625 Qui,
791 1557 826 1612 ad
842 1555 986 1629 templum
1039 1558 1104 1615 vita
1115 1574 1185 1614 mea
1197 1574 1244 1614 me
1255 1556 1375 1614 habebit
1385 1552 1555 1613 fideliorem.
1563 1555 1636 1622 Quia
1646 1555 1771 1626 etiamsi

163 1644 377 1713 convenientes
391 1643 568 1719 hymnidicis
583 1644 703 1703 vocibus
718 1646 988 1702 laudaveruntduc·
1042 1648 1187 1715 sacerdos,
1205 1645 1351 1702 insontem
1368 1645 1512 1701 deducam
1528 1644 1668 1702 infantem
1686 1645 1721 1701 ad
1734 1656 1771 1702 u·

160 1735 255 1791 torem
269 1733 423 1791 virtutum.
1042 1751 1107 1791 rum
1123 1735 1166 1790 tui
1195 1732 1317 1790 somatis
1341 1733 1535 1801 mausoleum,
1550 1737 1584 1789 ut
1597 1750 1650 1807 per
1664 1731 1771 1791 medica

199 1823 243 1879 42.
259 1821 346 1879 Venit
361 1822 487 1896 denique
502 1823 530 1879 iu
547 1823 652 1880 diebus
666 1821 725 1880 illis
736 1823 772 1879 ad
786 1826 921 1879 sanctum
937 1820 988 1879 Dei
1042 1828 1124 1880 tuam
1140 1823 1379 1880 intercessionem
1394 1821 1503 1878 Christi
1518 1820 1626 1878 sentiat
1640 1820 1771 1880 beneilcir

163 1910 285 1982 quidam
299 1909 545 1977 debilis,claudus
560 1916 684 1985 utroque
699 1911 819 1984 pede,et
833 1909 876 1967 sic
890 1927 989 1967 curva·
1079 1913 1123 1968 45.
1140 1913 1270 1984 Cumque
1285 1911 1329 1967 vir
1339 1909 1608 1967 illetalibusDeum
1619 1915 1771 1969 exorcista

164 2003 213 2055 tus
227 1999 400 2072 egritudine
416 2003 449 2055 ut
463 1999 579 2072 penitas
599 2017 657 2055 non
684 2004 784 2072 posset
799 2014 862 2055 sese
875 1999 911 2055 de
926 1999 989 2055 loeo
1046 2000 1143 2068 nibus,
1160 2005 1277 2072 repente
1307 2015 1379 2072 puer
1403 2015 1521 2055 sursum
1537 1997 1675 2072 prosiluit
1688 2014 1771 2057 sanni

159 2087 387 2155 ‘removerenisi
403 2087 482 2143 binis
497 2091 713 2143 sustentaretur
728 2086 874 2144 scabellis.
888 2087 915 2144 ls
926 2104 991 2143 con·
1044 2087 1132 2162 paulo
1156 2093 1223 2144 ante
1243 2089 1361 2160 jacebat
1390 2087 1476 2143 ruina
1503 2086 1607 2144 mortis
1636 2104 1771 2160 praeooouj

160 2176 263 2232 'testim
276 2175 353 2233 utad
365 2176 459 2233 sancti
471 2177 604 2233 tumbam
615 2177 738 2232 accessit
748 2175 898 2244 antistitis,
912 2193 989 2232 raee-
1046 2177 1137 2245 Quod,
1154 2194 1221 2233 cum
1248 2176 1349 2232 consul
1380 2177 1568 2249 prospiceret,
1585 2175 1661 2232 ultra
1676 2193 1766 2250 quam

166 2265 210 2340 pit
220 2265 390 2338 sospitatem
402 2265 587 2335 somatis,sed
595 2269 692 2322 mente
703 2264 865 2338 permansit
874 2265 990 2335 debilis,
1045 2270 1155 2339 posset,
1171 2264 1254 2320 lectus
1269 2266 1389 2320 effeetus
1404 2270 1458 2333 est,
1475 2269 1583 2320 etcum
1607 2264 1686 2320 omni
1714 2265 1771 2322 den

171 2354 310 2428 quoniam
329 2353 472 2411 conditori
489 2359 543 2410 Deo
568 2354 677 2426 gratias
704 2370 762 2409 non
792 2353 899 2422 ret-ulit,
915 2354 993 2410 sicut
1047 2354 1165 2420 mantis,
1181 2354 1272 2409 Deum
1290 2352 1452 2424 glorificare
1467 2353 1563 2426 caepit,
1579 2353 1630 2426 qui
1644 2368 1694 2411 cor
1708 2357 1771 2411 aunt

153 2441 407 2500 'cateri'iecerunt
417 2442 495 2516 agri.
507 2441 652 2498 Nimirum
665 2441 760 2516 primo
775 2459 864 2516 quam
879 2447 994 2498 erectus
1047 2448 1075 2499 et
1089 2441 1277 2499 humiliatum
1293 2459 1351 2498 non
1366 2441 1488 2515 spernit.

170 2537 215 2589 est
228 2520 379 2599 dividitus,
396 2536 531 2587 sanctum
547 2530 725 2603 relinquens,
742 2531 876 2604 protinus
891 2531 991 2606 sugam
1084 2533 1127 2588 lo.
1141 2531 1198 2588 Nec
1214 2531 1309 2588 solum
1320 2533 1350 2587 in
1367 2532 1475 2588 linibus
1489 2531 1659 2605 Anglorum,
1672 2530 1771 2590 sedati

171 2620 294 2693 arripuit
308 2619 442 2686 celerius,
458 2624 487 2676 et
502 2636 519 2675 a
533 2621 649 2676 nemine
673 2625 774 2693 postea
788 2620 818 2676 in
833 2621 898 2693 ipso
911 2621 993 2676 visus
1048 2621 1195 2694 provincia
1221 2622 1397 2676 Francorum
1426 2620 1569 2677 miracula
1592 2626 1663 2678 suat
1684 2638 1771 2695 perae

170 2709 992 2782 estcoenobio.Scahellatamen‚quibussustentabatur,
1037 2709 1138 2781 ⁸hujus
1165 2709 1258 2764 sancti
1288 2708 1401 2764 merita.
1419 2709 1450 2765 ln
1474 2711 1586 2777 eadem,
1603 2715 1636 2766 ut
1650 2709 1771 2782 perhibe

163 2799 373 2873 ‘aegritudinem
388 2798 589 2872 prodiderunt,
602 2799 679 2870 quod
692 2802 810 2855 curatus
822 2798 889 2854 inde
901 2815 993 2855 reces-
1048 2797 1103 2852 hoc
1112 2797 1254 2863 viderant,
1266 2797 1383 2869 regione
1393 2795 1502 2869 cleptes
1511 2799 1566 2870 (80)
1582 2799 1702 2870 quidam
1717 2798 1771 2856 imr

170 2889 210 2944 sit
223 2902 275 2961 per
289 2886 383 2943 sancti
396 2886 546 2943 Switbuni
562 2885 835 2943 meritum'l'urma
844 2886 932 2944 etiam
942 2887 995 2943 cir·
1048 2885 1123 2942 simo
1134 2885 1333 2958 deprehensus
1345 2885 1374 2940 in
1387 2885 1505 2953 scalere,
1516 2886 1671 2943 tenebroso
1686 2890 1771 2944 custo

171 2976 394 3044 c'umstantium,
411 2992 592 3049 quaecunque
616 2975 656 3031 ibi
679 2980 846 3048 presentes,
862 2976 993 3041 aderant,
1048 2979 1097 3031 tur
1120 2974 1151 3029 in
1180 2990 1304 3042 carcere,
1320 2973 1455 3030 nefandis
1482 2973 1598 3031 vinetus
1626 2974 1771 3042 catenis,t

163 3066 339 3119 'constanter
354 3067 544 3118 asseruerunt
557 3062 599 3118 ita
612 3062 672 3119 iore
686 3068 802 3136 gestum
817 3063 993 3135 peremnia,
1049 3063 1198 3136 compede,
1210 3062 1301 3118 donec
1312 3061 1342 3128 iq
1353 3063 1477 3135 equuleo
1492 3063 1632 3135 postridie
1642 3063 1694 3119 tali
1708 3079 1771 3137 susq

170 3151 247 3209 eleut
259 3152 403 3225 'scriptum
421 3149 586 3207 continetur
599 3151 629 3206 in
645 3150 700 3208 hac
714 3151 831 3225 pagina.
1007 3138 1029 3204 C
1048 3158 1130 3208 retur
1158 3167 1209 3224 pro
1239 3151 1371 3207 crimine.
1389 3153 1416 3208 ls
1436 3151 1569 3208 audierat
1588 3170 1605 3208 a
1628 3152 1771 3227 negotiata

207 3240 371 3298 lilladem
401 3256 518 3312 quoque
547 3243 719 3313 tempestate
744 3240 866 3312 quidam
891 3239 993 3300 consul
1048 3241 1196 3297 Oceanum
1221 3255 1311 3296 causa
1334 3239 1502 3296 commercii
1529 3242 1771 3298 transmeantibus

171 3331 249 3404 regis
264 3331 389 3385 nimium
405 3328 538 3396 dilectus,
548 3329 578 3383 in
589 3328 707 3384 caducis
718 3334 880 3401 prepotens
895 3330 993 3401 rebus,
1049 3334 1184 3386 sanctum
1208 3329 1357 3385 inventum
1381 3328 1411 3384 in
1431 3328 1637 3385 transmarinis
1660 3328 1771 3402 partibo

171 3416 992 3492 cumingenticomitatu,sicutmosestbnglosaxonibus‚
1049 3420 1134 3491 cuius
1148 3418 1345 3474 interventum
1370 3416 1438 3490 agri
1463 3424 1639 3475 sanarentur
1654 3436 1671 3474 a
1686 3417 1771 3475 multi

169 3511 360 3581 properanter
378 3506 528 3579 equitabat
543 3506 579 3561 ad
594 3507 751 3578 quemdam
767 3507 874 3576 vicum,
889 3508 921 3562 in
936 3523 993 3580 quo
1049 3506 1251 3580 languoribus,
1268 3508 1353 3578 cujus
1368 3507 1398 3561 in
1413 3506 1545 3562 obscura
1571 3506 1665 3563 noetis
1680 3506 1771 3564 remia

164 3595 290 3671 ¹grandis
306 3600 465 3672 apparatus
479 3595 515 3650 ad
532 3595 712 3651 necessarios
736 3595 906 3652 convivandi
921 3613 994 3653 usus
1048 3595 1189 3664 tenebris,
1212 3595 1263 3651 Dei
1287 3594 1582 3668 incomprehensibile
1610 3595 1771 3654 exoravita

171 3689 232 3742 erat
246 3683 288 3739 illi
299 3687 418 3757 opipare
433 3686 629 3739 constructus.
647 3682 756 3739 Accidit
770 3690 868 3739 autem
884 3683 913 3739 in
930 3685 994 3757 ipso
1049 3683 1273 3757 Omnipotentis,
1290 3687 1469 3757 quatenus...

170 3764 283 3844 itinere,
300 3773 378 3847 quod
404 3772 523 3846 quidam
550 3787 624 3846 puer
645 3771 756 3828 eximie
771 3770 889 3842 indolis,
905 3786 993 3846 quem
1279 3765 1286 3772 ’
1306 3773 1613 3830 Ceterudcsdteroutar.

206 3899 246 3970 (a)
260 3907 399 3971 mimae
412 3901 459 3955 est
479 3897 583 3953 vitium
604 3895 691 3965 oculi,
708 3913 774 3954 cum
789 3901 894 3970 praeter
908 3903 993 3953 natu·
1048 3897 1106 3954 rai.

170 3987 233 4028 ram
248 3969 418 4044 glaucescit,
428 3973 624 4025 transmutato
641 3967 764 4024 humore
779 3967 947 4041 crystallino
962 3970 992 4024 iu
1082 3969 1138 4042 (80)
1154 3968 1185 4025 ld
1199 3971 1243 4025 est
1256 3970 1314 4039 sar,
1330 3986 1347 4025 a
1362 3970 1459 4027 Graeco
1471 3967 1587 4030 elima·

169 4041 335 4117 glaueeum.
351 4041 423 4098 Vide
441 4039 625 4097 definitiones
639 4039 769 4096 medicas
783 4039 904 4096 loannis
919 4041 992 4096 Gor-

119 4200 124 4208 ’
355 4275 541 4432 vul
585 4275 642 4432 s.
687 4273 974 4432 risonis
1014 4181 1771 4433 aristomenen

833 4473 870 4531 IN
888 4474 1021 4532 ANGLlA
1039 4472 1205 4533 DEPOSl'l'l

598 4613 678 4715 El*
705 4610 907 4716 Tllll'ltl
935 4609 1084 4717 atus
1112 4608 1438 4719 SOClORUM

792 4779 986 4854 AUCTORE
1011 4779 1248 4855 GOSCELlNO

480 4904 577 4979 (Apud
593 4902 738 4973 bolland,
753 4903 818 4960 leta
830 4903 1002 4972 Sanctorum,
1017 4900 1098 4959 Junii
1113 4905 1184 4960 tom.
1201 4903 1237 4973 11,
1252 4903 1299 4962 die
1315 4905 1359 4973 10,
1375 4919 1442 4978 pag.
1455 4903 1532 4977 287.)

757 5110 1068 5175 COMMENTARIUS
1090 5109 1272 5174 PRAEVlUS

648 5233 694 5296 De
707 5243 791 5297 atate
805 5234 915 5298 Sancti
925 5244 956 5296 et
973 5233 1046 5297 Vite
1059 5232 1252 5316 scriptoribus
1266 5231 1391 5296 duobos.

199 5485 372 5543 Guilielmus
385 5484 569 5542 cambdenus
579 5481 609 5540 in
621 5497 674 5540 sua
689 5480 839 5540 Britannia
849 5483 1017 5542 describens
1027 5482 1197 5540 comitatum
1208 5480 1512 5556 Huatingdonensem,
1521 5499 1540 5539 a
1550 5479 1697 5556 precipua
1704 5475 1771 5534 arbe

162 5557 315 5634 tingdonia
330 5555 601 5626 denominatum,in
612 5552 775 5613 meditullio
785 5554 895 5632 anglie
909 5556 946 5613 ad
961 5552 1218 5631 septentrionalem
1233 5553 1327 5630 ripam
1339 5555 1401 5614 aaa
1411 5554 1544 5612 fluminis
1554 5553 1629 5612 sita:
1642 5547 1771 5619 «dinan
