3816 6006
88 246 158 346 'ere

96 419 267 475 Ascrudunt
281 416 360 473 taciti
376 421 500 485 montes,
518 419 568 474 sed
585 423 684 475 monte
700 417 784 492 potiti
798 418 855 489 (24)

97 510 161 564 Non
175 507 267 564 tacuit
281 506 387 562 Christi
405 507 500 576 miles,
516 507 590 581 fugit
606 508 699 564 hostis
713 527 719 577 ;
735 512 764 562 at
779 507 827 563 isti

97 598 226 654 Ensibus
242 597 294 652 hos
311 601 432 670 angunt,
444 614 529 652 arcus
546 600 574 652 et
590 597 703 669 spicula
718 597 868 669 frangunt.

96 688 160 743 Non
177 687 296 759 prodest
312 686 434 742 Domino
451 703 537 742 uerso
553 686 729 742 constrictus
745 685 852 757 equino

95 779 190 832 Arcus
206 793 263 831 non
282 775 417 848 pharetra
431 777 467 831 de
483 776 573 831 cruda
589 776 708 830 condita
720 775 805 847 pelle,

96 867 156 923 Nee
172 883 275 937 equus,
293 871 344 920 aut
357 882 473 931 cursus,
491 882 548 920 non
564 864 639 919 illita
652 863 758 936 pocula
775 861 850 931 lello,

97 956 154 1012 Sed
169 954 243 1011 male
258 955 423 1021 turbantur,
438 954 604 1009 moriantur
619 953 849 1026 precipitantur.

96 1045 149 1100 His
164 1044 205 1100 ita
219 1043 370 1116 dispersis,
388 1042 490 1098 multis
506 1043 535 1097 in
551 1047 661 1098 tartara
675 1041 780 1098 mersis

95 1133 230 1199 Attoniti,
248 1132 316 1187 belli
333 1133 423 1188 subiti
440 1133 596 1187 formidine
610 1132 691 1197 tacti,

96 1223 167 1278 Post
181 1221 248 1278 illos
262 1221 366 1294 reliqui
384 1221 509 1295 lugiunt,
526 1222 597 1277 dara
611 1225 692 1294 terga
707 1219 808 1276 coacti.

136 1311 208 1384 Ergo
224 1315 408 1367 resumentes
422 1311 538 1366 animos
554 1311 656 1377 nostri,
674 1309 820 1381 fugientes

519 283 673 348 GlLONlS
694 281 822 347 PAlllS.
846 282 949 346 Hlsr.
970 279 1175 346 alnaosoa.
1192 280 1320 347 -LIB.
1342 283 1382 346 ll.

1744 282 1806 347 950

936 418 1013 484 Alit
1027 418 1147 474 tandem
1162 422 1243 475 tutus
1256 419 1312 475 sub
1326 417 1427 475 eadem
1443 419 1527 474 nocte
1543 419 1662 474 secutus

979 507 1074 563 Sauos
1089 509 1222 580 gentiles,
1237 508 1312 564 redit
1327 508 1363 562 ad
1379 506 1506 563 tentoria
1525 504 1609 562 miles

977 596 1114 653 Vestibus
1129 602 1157 652 et
1171 596 1237 653 telis
1253 598 1333 653 dives
1346 597 1413 666 (26),
1431 595 1592 667 multisque
1608 593 1728 652 camelis
1741 613 1749 665 ς

978 686 1043 740 llox
1060 703 1193 757 proceres
1205 686 1261 741 laeti
1277 704 1330 742 sua
1346 685 1479 742 membra
1492 685 1596 741 dedere
1612 683 1713 757 quieti.

978 773 1093 830 Solones
1108 780 1190 831 ortus
1206 776 1254 830 ubi
1270 775 1374 831 lucifer
1389 773 1487 830 attulit
1500 777 1593 842 ortus,

978 863 1118 937 Surgunt,
1135 869 1275 937 cognatos
1291 864 1452 937 quondam,
1469 863 1556 919 modo
1572 862 1676 918 lunera
1692 863 1776 918 natos

978 953 1125 1021 livertunt,
1138 953 1265 1008 fundunt
1279 953 1418 1026 gemitus,
1436 969 1491 1009 sua
1505 951 1777 1024 pertentandum,

977 1041 1104 1113 Quisque
1120 1042 1198 1098 brevi
1214 1043 1293 1098 lassa
1308 1042 1423 1116 cognati
1438 1040 1550 1114 colligit
1564 1057 1641 1096 ossa.

977 1130 1057 1202 Saepe
1073 1131 1183 1187 dabant
1197 1130 1288 1204 aliqui
1303 1129 1419 1188 tumulo
1434 1134 1521 1204 eaput
1535 1129 1629 1185 hastis
1643 1126 1749 1201 iniqui,

977 1219 1047 1275 Esse
1063 1224 1151 1292 caput
1165 1224 1266 1277 notum
1283 1224 1436 1293 sperantes
1452 1219 1521 1276 inde
1535 1221 1693 1275 remotum.

976 1307 1104 1365 Vulnere
1118 1313 1310 1378 contrectant,
1326 1309 1473 1381 infixaque
1489 1305 1603 1382 spicula
1617 1308 1751 1379 spactant

96 1401 238 1468 Turbant,
256 1400 422 1455 funduntur
437 1399 533 1466 Turci,
550 1399 677 1472 fugiunt,
696 1399 871 1453 moriuntur.
976 1397 1163 1466 Vulneribus,
1179 1398 1305 1471 plorant,
1327 1399 1405 1455 etde
1421 1397 1688 1471 pietatelahorant.

96 1490 224 1546 Tardius
239 1489 359 1562 egressi,
375 1489 418 1544 vel
434 1488 501 1545 belli
517 1489 635 1544 turbiue
651 1488 720 1544 fessi

95 1579 201 1635 Acrius
216 1579 385 1652 insurgunt,
401 1583 428 1634 et
444 1595 534 1651 equos
550 1577 714 1634 calcaribus
728 1580 849 1649 angunt.

97 1668 282 1742 Francigena
298 1684 405 1740 pronos
427 1668 538 1724 faciunt
553 1668 589 1722 ad
605 1671 722 1740 pectora
737 1670 837 1722 contos
855 1664 919 1735 (25).

976 1486 1189 1561 Aspiciuntque
1204 1488 1296 1543 bonos
1312 1488 1425 1560 equites
1441 1487 1471 1542 in
1487 1486 1606 1561 pulvere
1621 1500 1740 1558 pronos,

977 1577 1030 1641 Qui
1046 1577 1117 1632 dum
1132 1576 1268 1632 vivebant
1282 1593 1371 1651 supcr
1386 1593 1475 1634 aurea
1489 1579 1581 1632 strata
1591 1573 1741 1646 jacebant.

977 1667 1068 1737 Inque
1081 1666 1127 1722 die
1140 1668 1200 1722 tota
1216 1683 1274 1723 non
1290 1669 1361 1722 sunt
1376 1665 1501 1722 tentoria
1516 1668 1606 1721 mota.

96 1757 274 1830 Cornipedes
290 1761 439 1830 spumant,
457 1757 566 1828 aspersi
584 1756 728 1829 sanguine
744 1755 867 1821 sumant,
938 1789 962 1853 B
978 1756 1090 1810 Interea
1104 1754 1175 1811 lassi
1192 1758 1361 1812 recreantur
1374 1755 1496 1812 vulnera
1507 1753 1598 1828 passi,

97 1847 191 1902 Frena
206 1850 314 1914 terunt,
324 1847 517 1918 dominosque
530 1846 627 1902 lerunt
638 1862 694 1900 non
704 1845 811 1916 impete
823 1860 921 1916 parvo.
977 1848 1057 1899 tura
1072 1844 1230 1900 traduntur
1244 1843 1435 1910 medicorum,
1450 1842 1508 1900 tela
1524 1841 1672 1916 leguntur,

97 1936 233 2007 Dumque
245 1940 344 2006 ruunt,
356 1940 463 1991 stratos
474 1934 581 1990 leriunt
593 1953 599 2001 ;
613 1951 680 1988 nam
692 1931 804 1988 multus
815 1932 843 1986 in
856 1949 923 1987 aruo
977 1934 1013 1989 Et
1027 1932 1103 1988 fiunt
1117 1931 1209 2005 plcnae
1224 1933 1376 2005 pharetra,
1393 1932 1557 1989 solidantur
1568 1930 1699 1986 habenae.

98 2024 214 2078 Turcus
229 2025 300 2087 erat,
317 2021 424 2095 gladiis
440 2027 490 2077 aut
504 2039 573 2078 ense
590 2024 720 2077 necatus.

99 2111 279 2183 Exsuperare
293 2128 378 2182 pares
394 2114 516 2178 certant,
534 2112 606 2165 fiant
620 2126 677 2165 non
694 2110 754 2166 leve
769 2126 863 2164 nares.

98 2199 186 2256 Albet
200 2200 342 2255 intinctus
358 2201 425 2255 tabo
441 2216 499 2255 non
515 2199 632 2272 pulvere
647 2200 751 2268 victus,

96 2292 217 2345 Hostem
233 2289 357 2361 quisque
374 2289 498 2361 premit3
516 2289 566 2344 scd
583 2305 639 2343 nox
655 2289 779 2344 obscura
806 2287 924 2343 diremit

978 2025 1088 2077 Cuncta
1103 2021 1299 2082 reformantur
1311 2039 1437 2094 quorum
1454 2024 1554 2078 manet
1567 2037 1640 2075 usus
1653 2034 1748 2092 egere.

976 2112 1074 2167 Altera
1087 2110 1138 2168 lux
1153 2110 1261 2180 oriens,
1279 2112 1328 2166 ubi
1344 2111 1439 2167 noctis
1451 2109 1565 2184 depulit
1578 2113 1668 2176 astra,

977 2201 1079 2256 Castra
1094 2217 1212 2256 movens
1229 2199 1324 2269 miles,
1340 2204 1506 2272 sequuntur
1520 2197 1643 2273 gentilia
1656 2199 1773 2265 castra3

978 2289 1061 2345 Miles
1076 2293 1107 2345 at
1119 2288 1167 2345 ille
1177 2289 1239 2355 Dei,
1255 2289 1411 2360 eujusdam
1424 2286 1556 2362 planitiei

95 2378 210 2434 Gaudia
225 2383 403 2449 nostrorum,
420 2378 594 2451 tristemque
623 2379 722 2450 fugam
747 2377 921 2433 miserorum
977 2379 1052 2434 Dum
1068 2378 1132 2434 loca
1146 2377 1295 2450 transiret,
1308 2382 1337 2434 et
1351 2382 1434 2433 tutus
1446 2379 1482 2434 ab
1498 2377 1634 2434 hostibus
1648 2373 1714 2442 iret,

95 2469 132 2523 ut
148 2468 226 2540 quod
242 2484 299 2523 non
315 2468 411 2540 potuit
425 2466 496 2523 leuis
512 2484 597 2522 arcus
613 2471 641 2522 ot
657 2466 839 2534 irresolutus,

94 2558 153 2614 Nee
169 2557 286 2630 sonipes
300 2556 381 2612 velox
397 2561 425 2612 et
439 2555 535 2629 longis
550 2555 685 2611 cursibus
699 2560 796 2628 aptus,

96 2647 157 2702 lloe
172 2645 342 2718 importuna
357 2645 452 2718 potuit
469 2663 524 2701 nox
539 2644 635 2717 turpis
650 2648 678 2699 et
693 2662 761 2699 una.

977 2467 1069 2535 Peste,
1086 2466 1192 2534 calore,
1209 2466 1268 2534 siti,
1286 2466 1454 2524 moriuntur
1467 2467 1496 2522 iu
1513 2464 1631 2539 agmine
1646 2461 1743 2520 multi.

976 2556 1046 2612 Inde
1061 2540 1230 2612 recedentes
1245 2556 1339 2612 securi
1355 2554 1428 2611 nihil
1443 2558 1618 2622 metuentes,

977 2645 1080 2701 Omine
1096 2643 1173 2701 felici
1189 2644 1252 2701 loca
1266 2645 1420 2701 vastabant
1432 2642 1552 2700 inimici.

97 2735 210 2808 Quippe
227 2753 278 2808 per
293 2752 410 2791 exosam
427 2739 552 2802 noctem,
571 2734 675 2801 diram,
692 2734 889 2799 tenebrosam,
977 2733 1075 2790 Hostis
1086 2733 1141 2789 iter
1155 2736 1252 2789 tutum
1272 2734 1362 2789 dabat
1374 2731 1443 2801 illis,
1459 2731 1517 2789 tela
1531 2730 1685 2788 tributum.

95 2828 174 2880 Gens
188 2824 309 2879 inimica
323 2824 381 2879 Deo
397 2823 505 2879 Christi
521 2823 675 2879 subdenda
690 2822 819 2895 trophaeo

96 2914 211 2969 lnveuit
226 2912 361 2968 latebras.
380 2912 465 2985 Fugit
479 2929 547 2985 crgo
563 2916 662 2968 secuta
677 2912 822 2980 tenebras,

978 2822 1085 2894 Sisque
1097 2826 1178 2878 metu
1194 2827 1274 2878 mota
1285 2821 1381 2895 patuit
1394 2821 1537 2879 Romania
1550 2825 1622 2887 tota,

977 2912 1034 2967 Nec
1048 2911 1142 2967 sensit
1155 2929 1271 2983 poenam
1287 2911 1364 2984 quis,
1379 2911 1472 2967 donee
1484 2910 1521 2967 ad
1536 2910 1748 2967 Antiochenam

96 3004 192 3074 Atque
206 3018 257 3074 per
271 3001 347 3056 hanc
364 3006 476 3057 noctem
494 3018 564 3074 gens
587 3000 694 3057 Christi
714 3000 840 3073 perdidit
854 2999 922 3056 hos·
978 3000 1085 3057 Urbem
1101 3000 1259 3057 formosam
1275 3000 1369 3057 muris
1384 2999 1489 3074 opibus
1505 2999 1675 3073 spatiosam.

805 3089 886 3161 [tem.

696 3411 858 3499 LIBER
889 3412 1208 3502 SECUNDUS.

196 3586 369 3662 Aetiochiem
383 3604 523 3660 obsidione
539 3606 651 3675 cingunt
666 3603 829 3660 Christiani.

136 3694 221 3751 Urbis
235 3698 269 3748 ut
284 3694 435 3749 immensa
450 3694 609 3766 tetigerunt
624 3692 733 3747 moenia
747 3709 847 3749 mensa

97 3784 244 3854 Octobris,
261 3781 357 3838 turbis
374 3799 441 3855 pars
459 3781 586 3837 maxima
601 3781 728 3853 cingitur
744 3782 835 3837 urbis.

98 3875 176 3929 Pons
192 3872 334 3927 tamenin
351 3872 425 3927 terro
443 3871 476 3925 fit
490 3870 606 3942 pervius
623 3874 709 3925 antea
726 3870 811 3926 terro.

99 3961 250 4033 Multaque
265 3960 386 4032 predati
399 3959 466 4014 licat
482 3963 510 4014 at
524 3958 626 4014 multis
641 3958 753 4014 onerati

100 4052 216 4118 Essent,
233 4051 394 4122 disponunt
408 4049 494 4114 acies,
511 4048 637 4102 tentoria
651 4053 767 4119 ponunt

101 4141 182 4195 luter
197 4138 404 4193 inexhaustum
423 4137 544 4192 lluvium
561 4153 738 4207 murumque
754 4136 892 4192 levatum.

100 4230 136 4285 Et
151 4226 221 4299 quia
236 4227 356 4281 munita
372 4227 451 4298 genti
468 4224 595 4296 bellique
611 4224 708 4296 perite

101 4317 131 4374 Si
148 4315 379 4383 contendissent,
395 4331 447 4386 par
461 4313 536 4369 vires
548 4313 588 4367 nil
605 4313 785 4378 nocuissent,

101 4403 222 4478 Ingenio
238 4406 375 4475 quarunt
390 4403 466 4474 quod
484 4419 534 4474 per
547 4401 608 4458 vim
621 4418 680 4460 non
697 4406 854 4474 potuerunt
870 4401 927 4474 (27)

100 4492 272 4549 Accelerant
286 4509 349 4563 quae
366 4492 495 4564 proficuo
511 4491 565 4546 scit
580 4491 706 4563 quisque
722 4492 830 4546 sutura.

101 4583 177 4655 Ergo
192 4597 280 4652 super
294 4581 402 4635 ssuuaen
419 4584 537 4652 pontem
553 4580 660 4636 Christi
676 4579 745 4634 lacit
761 4595 865 4652 agmen

981 3610 1106 3680 Quaque
1121 3624 1223 3680 parare
1238 3607 1338 3663 vident
1351 3609 1477 3674 nostros,
1494 3608 1527 3661 ut
1541 3603 1642 3660 inania
1655 3601 1762 3673 rident,

980 3696 1054 3751 Nam
1070 3696 1136 3768 quis
1153 3699 1283 3768 speraret
1297 3695 1376 3768 quod
1391 3711 1464 3769 gens
1475 3710 1535 3767 una
1548 3695 1736 3766 exsuperaret

981 3783 1125 3840 Militibus
1141 3784 1257 3857 plenam
1273 3788 1354 3840 tuam
1370 3782 1474 3839 multis
1487 3781 1699 3839 Antiochenam

981 3874 1098 3939 Urbem,
1115 3891 1204 3947 quam
1220 3873 1315 3929 clerus
1332 3872 1449 3945 sapiens
1465 3870 1584 3944 aliquis,
1594 3869 1639 3927 vel
1650 3873 1805 3926 Homerus.

981 3963 1011 4019 Si
1027 3963 1114 4018 modo
1127 3961 1255 4028 vixisset,
1271 3961 1436 4018 describere
1451 3977 1509 4018 nou
1525 3957 1693 4033 potuisset?

981 4051 1159 4108 Christicolae
1175 4050 1243 4108 sessi
1258 4051 1377 4107 suntad
1394 4067 1449 4107 sua
1463 4053 1560 4106 eastra
1573 4045 1708 4122 regressi,

981 4142 1016 4196 Et
1031 4156 1061 4196 se
1076 4156 1195 4196 securos
1210 4141 1288 4196 intra
1302 4157 1357 4196 sua
1371 4142 1468 4195 castra
1481 4140 1595 4194 futuros

981 4230 1069 4285 Nocte
1086 4232 1282 4302 putaverunt;
1298 4229 1349 4285 sed
1365 4233 1393 4284 et
1408 4228 1507 4284 hostes
1522 4230 1606 4284 noete
1622 4224 1751 4293 fuerunt,
1782 4218 1794 4280 '.

981 4320 1017 4375 nt
1032 4317 1107 4374 male
1122 4316 1273 4390 tranquilli
1289 4319 1355 4388 (28),
1371 4320 1534 4373 nocuerunt
1549 4313 1686 4389 pluribus
1701 4311 1745 4368 illi
1761 4329 1768 4368 ε

981 4409 1039 4465 Nec
1055 4407 1144 4463 semol
1160 4406 1215 4462 hae
1227 4405 1328 4462 frauda
1343 4405 1444 4462 necuit
1459 4421 1531 4478 gens
1547 4402 1654 4460 callida
1667 4400 1762 4458 valde.

982 4499 1071 4554 Nocte
1087 4495 1270 4552 lacessebant
1285 4498 1410 4561 nastros,
1424 4497 1454 4550 et
1468 4497 1553 4550 nocte
1568 4491 1717 4567 petebant,

983 4588 1045 4642 Non
1061 4585 1169 4641 clausis
1184 4583 1277 4658 pertis
1292 4582 1416 4639 inimica
1432 4585 1528 4639 eastra
1543 4580 1681 4650 cohortis,

103 4672 157 4727 Per
171 4685 259 4741 quem
274 4670 439 4735 transisset,
458 4669 481 4724 si
494 4686 563 4741 grex
578 4668 674 4724 malus
689 4668 869 4724 invaluisset.
944 4674 967 4738 Ι)
983 4676 1038 4731 sad
1054 4674 1125 4731 levis
1139 4674 1250 4730 interea
1264 4670 1374 4728 bellum
1390 4671 1509 4728 fortuna
1523 4670 1662 4749 gerebat„

104 4760 193 4816 Fiunt
209 4775 255 4813 res
271 4757 470 4829 plures‚s1uut
485 4774 518 4813 ex
533 4774 588 4813 aare
605 4774 732 4823 securae,

104 4848 193 4905 Fiunt
208 4846 342 4915 ballistae,
360 4845 523 4919 plumbata,
541 4845 701 4917 phalarica,
718 4845 813 4918 talpae,

104 4936 216 5004 l'alces,
233 4935 300 5002 tela,
318 4936 405 5000 faces,
422 4933 507 5003 aries,
525 4934 679 5006 fundaeque
696 4935 835 5003 minaces,

104 5025 199 5082 Multa
214 5041 265 5097 per
279 5024 407 5079 artifices
423 5023 516 5078 celsas
529 5029 684 5096 aquantur
698 5024 734 5078 ad
750 5040 840 5079 arces.

162 5116 272 5173 lurcio
286 5112 444 5168 hosmundo
458 5121 483 5169 et
495 5115 591 5168 corrritc
603 5113 765 5168 Ftcedreaai
777 5113 877 5184 fugati.

141 5204 176 5258 Et
187 5219 250 5275 qua
262 5206 449 5273 paraverunt,
461 5219 644 5274 quaecunque
659 5202 789 5273 paranda
804 5202 932 5269 luerunt,

105 5292 208 5347 Muros
223 5291 400 5363 impugnant
415 5291 533 5358 trustra,
550 5290 697 5363 'turcique
712 5294 887 5363 repugnant,

143 5425 201 5494 (24)
217 5422 305 5491 Edit,
321 5427 433 5479 morati.

154 5497 201 5565 25)
216 5494 260 5551 Al.
276 5511 366 5551 cenes.

155 5567 203 5638 26)
215 5565 304 5634 adit,
320 5569 403 5637 cives,

984 4767 1075 4836 Inque
1089 4763 1182 4820 vicem
1197 4763 1336 4819 miseram
1359 4764 1474 4835 gentem
1490 4776 1562 4833 gens
1577 4761 1678 4815 nostra
1691 4771 1807 4830 preme·

1700 4845 1771 4919 [bat,

986 4943 1067 5014 Saepe
1082 4958 1170 5014 super
1185 4945 1302 4997 nostros
1316 4939 1370 5012 (29)
1386 4938 1547 4993 'lurcorum
1569 4937 1670 4992 dextra
1683 4932 1808 5006 valebat,

986 5032 1111 5103 Jamque
1126 5030 1255 5103 fatigatis
1271 5026 1390 5097 nostris,
1405 5026 1570 5099 opibusque
1585 5022 1720 5093 minutis,

988 5121 1019 5176 ln
1036 5119 1163 5192 praedam
1181 5119 1291 5191 pedites
1307 5117 1414 5174 Christi
1428 5115 1534 5174 misere
1549 5113 1681 5189 quirites,

988 5210 1041 5274 Qui
1058 5209 1128 5263 dum
1144 5207 1259 5280 predari
1275 5206 1339 5262 loca
1353 5205 1460 5263 vellent
1473 5205 1569 5262 hostis
1584 5204 1673 5274 avari,

990 5296 1099 5353 Partim
1113 5295 1245 5368 praedati,
1262 5295 1429 5368 partimque
1444 5295 1524 5351 suere
1539 5293 1652 5363 necati;

1026 5428 1085 5497 (27)
1099 5427 1188 5495 Edit,
1205 5442 1374 5502 quecunque
1388 5431 1480 5487 rideat
1493 5431 1628 5488 accitare.

1026 5500 1083 5570 (28)
1099 5498 1188 5569 Edit,
1201 5501 1300 5556 securi.

1027 5571 1084 5644 (29)
1099 5569 1189 5639 nait,
1205 5586 1308 5628 mares.
