3816 6006
92 243 155 310 11115

94 383 131 439 ut
145 385 274 438 castrum
289 381 403 438 confine
420 385 531 455 petunt.
553 383 635 439 Tunc
649 382 742 439 hostis
754 380 847 437 hianti

96 470 220 543 Projecit
234 470 341 545 populo
357 472 481 543 praedas,
496 475 525 527 ct
539 489 586 527 res
601 469 723 529 1111111

95 560 213 616 1111111111
229 565 261 616 11
275 566 404 617 castrum
419 561 544 616 victores
558 560 660 616 froude
672 559 786 616 subacti

96 650 278 719 Desererent,
296 651 403 707 montis
418 649 497 721 vitio,
510 667 568 705 non
584 665 653 706 ense
668 649 770 705 coacti.

97 741 132 796 Et
147 745 245 795 tamen
261 740 391 814 aggressi
407 739 562 796 castellum
579 737 644 796 luce
659 737 804 811 sequenti,

96 829 254 886 Deleusorc
269 846 322 885 suo
337 846 461 885 vacuum
478 833 556 901 patet
570 828 760 901 aggredienti.

98 921 201 975 Annua
217 921 290 974 leste
305 920 356 975 Dei
372 919 526 975 Genitricis
541 918 581 973 ibi
597 918 791 983 celebrantur,

98 1009 165 1064 llaec
181 1025 244 1080 quoe
259 1007 388 1063 candelis
404 1006 561 1080 specialius
577 1007 767 1062 irradiantur.

99 1097 223 1153 Munera
238 1102 306 1152 tunc
323 1097 448 1154 ducibus
469 1098 629 1152 mittuntur
644 1097 680 1152 ab
709 1096 781 1151 urbe
797 1099 923 1165 Cometa,

98 1190 221 1243 Aureus
237 1203 331 1252 arcus,
349 1186 428 1258 equi,
445 1190 549 1254 vestes,
567 1191 595 1241 et
615 1185 711 1241 lucida
727 1184 784 1241 tela

99 1277 258 1350 Legatique
274 1276 319 1332 sui
335 1277 412 1349 regis
428 1276 568 1332 mandata
583 1277 718 1341 serentes,

98 1368 226 1423 Exorant
242 1383 362 1438 pacem;
379 1383 453 1438 quos
468 1363 648 1421 Christicolae
663 1364 810 1438 sepientes

99 1457 230 1513 lacertos
243 1455 365 1522 iaciunt,
382 1461 493 1511 certum
510 1453 583 1510 nihil
601 1454 802 1522 instituentes,

100 1543 263 1601 Henetiam
279 1543 406 1617 Tripolis
423 1543 579 1600 formidine
594 1548 703 1609 tactus,
722 1543 826 1611 otiati,

100 1635 220 1707 Septem
235 1633 326 1689 mittit
341 1649 432 1705 equos
447 1636 475 1687 et
490 1633 586 1688 mulas
602 1637 727 1705 quatuor
741 1633 829 1689 hosti.

508 245 663 312 0110111
685 244 816 310 ranis.
837 242 1168 308 1111111110101.
1186 217 1312 307 -111
1334 240 1386 308 vr.

1737 216 1796 312 aas

932 379 961 447 Α
975 379 1011 435 Ut
1026 379 1154 452 predam
1169 382 1315 452 caperent,
1332 376 1539 453 sexagintaque
1554 384 1672 453 repente

975 469 1131 525 Invenient
1146 470 1267 536 Turcos,
1284 485 1368 541 quos,
1384 469 1499 525 Christo
1513 470 1710 538 subveniente,

977 559 1131 627 Invadunt,
1148 563 1175 614 et
1191 575 1240 614 1111
1256 559 1414 632 perimunt,
1431 564 1621 631 armentaque
1636 558 1720 632 plura

977 648 1052 704 Dum
1065 647 1121 702 1111
1138 649 1260 704 redeunt
1276 665 1375 721 cepere
1391 665 1442 720 per
1456 648 1569 705 hostica
1583 666 1660 705 rura.

977 739 1040 794 Non
1057 738 1156 810 procul
1173 738 1244 792 urbs
1260 739 1370 805 aberat,
1386 738 1454 810 ripas
1467 738 1563 794 vicina
1578 739 1709 804 marina,

979 826 1138 883 Fertilitutc
1153 843 1208 882 sua
1223 827 1397 899 promittens
1413 827 1505 882 multa
1521 828 1639 899 rapine,

978 915 1100 972 Numine
1116 933 1179 988 quae
1194 914 1316 972 celebris
1333 917 1395 989 ipso
1410 918 1533 972 Tortosa
1546 921 1674 996 vocatur.
1720 945 1727 958 ι

978 1006 1095 1078 impetit
1111 1006 1185 1061 lianc
1200 1004 1309 1060 Piletus
1326 1007 1527 1078 Raymundus,
1543 1010 1572 1062 et
1587 1007 1748 1063 associatur

980 1096 1121 1151 Tcutocirc
1136 1094 1291 1168 proconsul
1307 1096 1342 1162 ei,
1360 1094 1410 1167 qui
1425 1113 1478 1167 par
1493 1094 1615 1168 paritate

979 1185 1113 1241 Nominis
1130 1185 1199 1240 huic
1215 1189 1286 1252 eret,
1304 1185 1381 1240 haud
1407 1185 1502 1258 impar
1526 1185 1632 1241 mentis
1647 1185 1800 1258 probitate.

980 1275 1013 1330 lli
1030 1275 1088 1330 duo
1104 1276 1258 1330 Γ1011011111
1275 1291 1341 1330 cum
1358 1274 1459 1347 paucis
1475 1276 1695 1348 aggrediuntur,

981 1365 1230 1436 Frustrauturque
1247 1365 1308 1431 (liu,
1326 1381 1377 1420 uec
1394 1365 1584 1438 prosperitate
1599 1365 1747 1421 fruuntur.

981 1454 1035 1510 Sed
1053 1459 1152 1509 111111
1168 1454 1246 1509 haud
1263 1452 1347 1527 longe
1358 1455 1421 1526 jam
1437 1458 1520 1510 nocto
1536 1454 1766 1527 superveniente,

981 1544 1082 1599 Castra
1096 1544 1203 1611 locant,
1221 1543 1346 1600 nimium
1362 1544 1468 1616 populo
1484 1545 1637 1617 strepitum
1655 1543 1777 1600 iaciente

980 1633 1209 1705 docendumque
1224 1633 1277 1689 viri
1298 1651 1355 1689 non
1371 1634 1408 1689 ad
1425 1651 1479 1690 sua
1494 1635 1648 1689 commoda
1664 1650 1767 1706 segnes

100 1725 184 1780 Dona
198 1724 286 1780 duces
301 1721 430 1794 capiunt.
447 1722 501 1778 Sed
519 1722 579 1778 1111
599 1722 711 1778 1111111
726 1728 871 1796 suspecta.
941 1757 966 1823 B
982 1723 1036 1776 Per
1046 1724 1128 1795 juga,
1146 1740 1197 1795 per
1211 1740 1340 1795 campos,
1354 1722 1451 1796 plures
1466 1722 1656 1797 vigilantibus
1672 1722 1765 1797 ignes,

101 1815 235 1887 Cumque
249 1812 319 1868 viris
335 1812 429 1867 loedus
445 1811 601 1883 quaesitum
618 1828 676 1867 non
690 1810 791 1876 iniere,

102 1903 353 1974 Quindecimaquo
369 1901 415 1956 die
428 1900 582 1956 castellum
597 1902 801 1956 deseruerunt.

102 1991 353 2063 Quindecimaque
368 1990 413 2045 die
429 2005 560 2062 proceres
572 1989 626 2045 iter
641 1989 836 2062 arripucrunt.

982 1814 1059 1878 Quos
1075 1817 1229 1887 postquam
1247 1813 1323 1869 cives
1340 1813 1435 1869 lucere
1451 1813 1552 1886 procul
1568 1812 1768 1886 speculantur,

982 1903 1062 1969 Quod
1079 1906 1213 1958 metuunt
1229 1907 1347 1975 sperant
1361 1903 1567 1970 vaticinantur,

982 1991 1170 2047 Christicolas
1185 1992 1271 2047 castri
1289 1990 1471 2064 procinctum
1487 1992 1661 2060 deseruisse,

104 2083 176 2138 lado
191 2085 295 2154 petunt
308 2079 429 2146 Archas,
446 2081 575 2134 castrum
586 2084 671 2135 vetus
686 2080 927 2152 aequiparandum
983 2081 1068 2137 Urbis
1084 2081 1119 2136 ad
1135 2080 1279 2137 excidium
1295 2081 1419 2137 tentoria
1430 2082 1493 2152 jorn
1510 2081 1652 2153 posuisse.

104 2172 243 2240 Urbibus,
260 2175 288 2225 et
303 2167 409 2242 populo
426 2185 482 2223 non
497 2169 608 2239 absque
628 2168 726 2224 labore
742 2169 891 2224 viandum.

104 2263 164 2318 Hoc
179 2260 297 2327 Arabes,
316 2258 412 2325 Turci,
431 2257 641 2330 publicanique
656 2263 796 2314 coronant

105 2353 225 2417 Turres,
239 2366 331 2416 arma,
347 2347 421 2413 loca,
435 2347 513 2402 muri
526 2338 695 2403 ⁸munimina
710 2349 829 2411 donant,

104 2442 161 2498 Sed
179 2444 277 2495 tamen
294 2438 347 2493 boc
363 2436 454 2493 nostri
474 2437 644 2492 clauserunt
660 2437 821 2504 obsidione,

105 2531 186 2596 Quod
204 2544 343 2602 superare
359 2530 465 2600 putant
475 2526 518 2582 vel
532 2527 560 2581 vi
571 2525 615 2582 vel
631 2525 804 2599 proditione.

105 2619 249 2691 Praecipiti
266 2635 353 2673 cursu
370 2633 470 2672 muros
487 2616 577 2672 nostri
595 2616 712 2688 petiere,

106 2708 275 2765 Percutiunt
289 2707 415 2773 clausos,
432 2705 607 2778 graviusque
622 2705 866 2779 repercutiuntur.

105 2799 169 2854 Non
185 2797 303 2871 gravius
318 2794 437 2860 laedunt,
454 2812 542 2867 quam
558 2795 684 2866 desuper
698 2795 866 2865 ejiciuntur.

106 2890 193 2952 Arcu,
210 2885 326 2952 balista,
343 2887 499 2950 tormento,
517 2899 589 2956 gens
605 2883 675 2938 lucit
690 2883 757 2939 ista.

107 2977 267 3032 Tormenta
280 2973 355 3047 lapis
371 2972 528 3046 impulsae,
544 2973 717 3045 magnisque
731 2972 860 3029 virorum

105 3064 227 3120 Viribus
242 3064 373 3135 adjutus,
390 3061 457 3118 terit
472 3079 558 3117 arcus
573 3061 785 3133 oppositorum,

106 3156 268 3211 Funestam
283 3152 339 3208 sibi
356 3151 457 3224 pandit
472 3152 526 3206 itcr
541 3167 592 3223 per
606 3153 690 3205 scuta
704 3148 839 3216 volenda,

107 3245 240 3300 Seminat
256 3241 305 3298 ille
319 3258 404 3297 neces
419 3240 563 3313 quidquid
580 3239 653 3312 petit
667 3238 869 3296 exanimando.

106 3334 157 3390 llic
171 3349 325 3406 procerum
341 3332 430 3386 decus
445 3328 581 3385 Anscllus
596 3330 631 3385 dc
647 3330 743 3384 110111
764 3329 877 3386 Ribullo

106 3424 226 3479 Lustrat
239 3420 390 3478 anhelanti
405 3420 475 3476 dum
493 3419 600 3475 moenia
614 3419 674 3473 lata
693 3417 805 3475 caballo

106 3512 288 3569 Mortilerum
304 3509 411 3566 vulnus
427 3509 539 3582 recipit,
556 3509 599 3563 vir
614 3507 724 3563 viribus
737 3510 848 3576 llector,

104 3602 156 3658 Vir
167 3602 238 3657 Cato
255 3599 388 3666 consilio,
405 3600 450 3654 vir
464 3598 578 3672 primus
593 3597 622 3652 in
639 3598 757 3670 agmine
772 3602 874 3654 rector.

105 3690 219 3763 Saepius
234 3688 364 3763 aggressi
382 3705 482 3743 11111101
498 3692 569 3743 1111
585 3704 660 3759 sape
675 3687 785 3758 rejecti.

105 3780 172 3835 Post
187 3779 249 3835 haee
265 3778 301 3835 ad
316 3778 456 3851 Tripolim
468 3781 537 3834 sunt
550 3777 679 3848 quinque
691 3794 852 3850 novemque
863 3795 929 3851 pro·

787 3865 874 3938 111011,

983 2173 1057 2243 Ergo
1073 2170 1135 2226 solo
1151 2175 1230 2226 metu
1248 2169 1387 2243 superati,
1405 2171 1597 2226 clcscrucrunt

984 2261 1099 2326 llmuia,
1114 2265 1195 2333 terga
1210 2261 1295 2332 lugu,
1312 2259 1392 2314 uulln
1409 2264 1539 2332 cogente,
1556 2260 1706 2318 dederunt

983 2351 1034 2405 Ast
1049 2348 1099 2404 ubi
1114 2348 1157 2404 sol
1174 2349 1270 2417 rediit,
1289 2355 1490 2421 nocturnaque
1505 2347 1618 2404 luminu
1633 2351 1703 2406 texit

986 2438 1108 2494 lumine
1124 2438 1237 2510 muj0ri,
1255 2438 1362 2494 nostris
1378 2438 1478 2511 ignota
1493 2437 1593 2493 retexit

985 2527 1106 2595 Gaudia,
1123 2544 1196 2600 quos
1211 2528 1342 2584 subitum
1360 2544 1483 2601 reguum
1498 2545 1556 2585 101
1572 2546 1671 2602 pugna
1685 2531 1807 2587 vocabat

983 2619 1156 2689 Exspectata
1166 2618 1226 2685 diu,
1240 2617 1349 2690 quibus
1363 2618 1433 2672 urbs
1449 2618 1555 2674 servire
1568 2620 1698 2691 parabat.

985 2706 1090 2761 Partho
1105 2707 1203 2780 fugax,
1220 2707 1270 2761 ubi
1287 2723 1394 2780 magua
1407 2706 1500 2781 magis
1516 2707 1658 2765 miracula
1672 2708 1806 2781 quaeres?

984 2797 1102 2852 Adveua
1118 2813 1183 2851 sero
1198 2800 1267 2851 tuus
1281 2795 1375 2851 hostis
1391 2796 1476 2851 modo
1491 2797 1524 2852 ut
1538 2801 1609 2853 tuus
1624 2797 1724 2854 1111111.

986 2885 1099 2940 Sufficit
1114 2884 1174 2940 hec
1190 2884 1266 2940 acies
1283 2883 1383 2939 multis
1400 2901 1456 2940 nou
1469 2885 1563 2942 multa
1578 2886 1680 2943 ruinis.

986 2978 1035 3028 Est
1049 2978 1076 3028 ct
1091 2974 1126 3028 ab
1142 2972 1262 3028 ilrcliois
1278 2976 1320 3028 ter
1335 2989 1414 3027 mors
1429 2972 1563 3028 immissa
1578 2973 1702 3046 pruinis.

986 3063 1060 3118 Urbe
1075 3061 1128 3118 viri
1146 3063 1233 3117 sortes
1249 3062 1398 3135 insperata
1412 3060 1574 3134 potiuntur,

944 3129 966 3198 C
986 3151 1111 3208 Hostiles
1127 3154 1225 3223 portas
1240 3151 1325 3223 quasi
1340 3150 1417 3206 cives
1432 3151 1645 3223 ingrediuntur.

986 3241 1062 3296 bella
1077 3242 1153 3296 Deus
1170 3254 1221 3312 pro
1237 3244 1321 3311 gente
1337 3258 1391 3296 sua
1406 3246 1516 3297 secreta
1527 3242 1671 3310 movebat,

985 3328 1127 3386 Militibus
1143 3346 1257 3402 quoque
1272 3329 1350 3384 viam
1366 3331 1425 3385 dux
1440 3329 1565 3402 praevius
1590 3332 1769 3404 expediebat,

985 3420 1096 3492 Datque
1111 3419 1173 3475 suis
1188 3436 1293 3474 aurum
1309 3418 1422 3475 telluris
1438 3420 1474 3474 ad
1491 3420 1550 3476 ima
1564 3424 1724 3490 retrusum,

984 3509 1041 3562 Nec
1056 3507 1222 3563 cumularat
1237 3524 1306 3581 opes
1320 3512 1486 3564 nostrorum
1510 3509 1635 3565 Parthus
1653 3511 1688 3566 ad
1705 3528 1804 3581 usum,

984 3598 1059 3654 llum
1075 3601 1204 3653 castrum
1222 3601 1299 3653 tenet
1314 3596 1439 3664 obsidio,
1457 3598 1549 3653 nostri
1565 3602 1723 3656 tonuerunt

984 3688 1063 3743 llanc
1079 3688 1192 3752 urbem,
1210 3691 1385 3760 portumque
1402 3693 1478 3743 rates
1494 3687 1552 3743 illic
1567 3688 1744 3746 habueruut.

984 3778 1044 3833 ltex
1058 3794 1174 3849 quoque
1191 3775 1332 3832 llliraclcae
1348 3777 1456 3832 nostris
1472 3777 1588 3834 obstare
1603 3778 1744 3851 nequivit,

983 3865 1120 3937 Collaque
1136 3865 1313 3922 submittens
1329 3869 1463 3939 optatum
1479 3866 1573 3922 soedus
1588 3866 1680 3923 inivit.

741 4207 905 4294 LIBER
939 4205 1181 4295 SEXTUS.

302 4382 434 4439 (libellum
449 4381 589 4438 obsidione
603 4383 734 4453 cingitur,

103 4475 169 4532 Jam
186 4475 261 4529 duee
274 4471 405 4539 materia,
423 4471 507 4542 qu‘us
523 4488 591 4544 pars
608 4487 714 4544 magua
729 4476 855 4545 peracta,

104 4562 283 4637 inspicimus
293 4562 414 4634 propius
431 4565 558 4633 portum,
576 4561 724 4633 finemque
738 4559 856 4618 laboris.

104 4652 248 4708 Obscurat
264 4650 356 4706 fateor
370 4649 490 4723 puerilis
508 4648 614 4721 pagina
629 4650 769 4722 grandem

103 4740 272 4805 Historiam,
289 4739 422 4812 virosque
436 4739 597 4794 lovcsonus
608 4744 731 4812 aggavat
748 4740 856 4813 ipsum.

105 4830 186 4896 Quod
203 4834 302 4885 tamea
319 4827 435 4901 incoepi,
452 4828 502 4884 sed
519 4843 576 4882 non
594 4844 650 4899 quo
666 4828 783 4884 tramite
796 4829 869 4902 coepi

102 4919 272 4992 Aggredior,
291 4933 469 4990 sensumque
492 4933 608 4988 sequar,
627 4934 684 4973 non
709 4918 796 4973 verba
811 4936 927 4989 sonora,

102 5007 158 5063 Nec
174 5006 271 5080 patiar
286 5007 357 5062 lines
373 5006 428 5061 sibi
445 5005 621 5078 respondere
635 5006 776 5077 vicissim,

59 5082 62 5087 ’
104 5097 218 5152 Ρ111111
233 5101 261 5152 11
276 5095 351 5151 11111
367 5095 528 5151 modulatio
538 5092 678 5149 carminis
693 5095 768 5162 auri,

102 5187 245 5258 Quodque
260 5186 448 5242 coarctabant
476 5182 600 5239 humilis
615 5182 708 5255 stylus
730 5189 759 5239 et
782 5185 854 5240 rude
871 5202 928 5241 mc-

747 5274 848 5344 1111111,

101 5363 202 5421 Lassis
217 5363 347 5420 effundet
360 5362 472 5436 prolixa
487 5364 588 5420 relatio
604 5379 713 5419 rerum.

101 5453 149 5510 Sic
164 5452 275 5510 collum
290 5452 430 5510 luctantis
445 5453 512 5526 equi
527 5453 699 5526 frenumque
713 5450 842 5508 volenter

101 5541 254 5602 (1111111111
268 5543 420 5615 egrediens
434 5542 548 5616 primus
563 5543 599 5599 de
615 5558 729 5599 carcere
745 5557 855 5599 cursor.

944 4385 969 4451 Ι)
984 4387 1038 4439 Ast
1054 4383 1103 4439 ubi
1120 4382 1272 4455 proximus
1287 4387 1439 4451 11111111,
1458 4385 1769 4447 110111111111111111.

983 4472 1107 4544 Jamque
1123 4488 1204 4527 meas
1219 4488 1272 4544 cgo
1287 4470 1391 4540 laxavi,
1408 4489 1476 4528 nam
1493 4473 1625 4546 proxima
1643 4481 1720 4532 meta
1734 4483 1787 4535 est.

984 4562 1059 4618 Dum
1075 4562 1152 4617 Deus
1167 4560 1288 4633 abjectis
1305 4559 1429 4617 ducibus
1445 4561 1603 4636 populique
1619 4564 1774 4639 columnis,

985 4650 1165 4723 Pauperibus
1180 4651 1229 4705 dat
1245 4667 1334 4722 regua
1354 4650 1426 4718 suis,
1444 4651 1603 4723 paucisque
1625 4653 1804 4728 triumphat:

983 4740 1023 4795 Nc
1039 4757 1093 4796 sua
1105 4757 1169 4811 quae
1185 4739 1308 4794 Domino
1324 4745 1392 4795 sunt
1408 4741 1579 4797 ascribenda
1594 4744 1715 4816 potenti,

983 4827 1172 4901 Applaudens
1187 4829 1318 4884 humana
1333 4829 1388 4884 sibi
1405 4833 1510 4885 natura
1523 4837 1648 4899 vocaret,

984 4917 1172 4973 Flandrensis
1188 4934 1285 4973 comes
1301 4922 1388 4990 atque
1404 4918 1493 4975 duces
1509 4936 1612 4976 venere
1627 4923 1768 4996 Lycaeum,

983 5007 1038 5063 Sed
1056 5008 1236 5063 Boimundus
1249 5007 1288 5062 1111
1302 5008 1449 5063 consortia
1462 5006 1527 5065 laeto
1544 5010 1670 5083 reliquit.

982 5097 1200 5168 Enrensunrque
1216 5113 1369 5152 remensus
1384 5095 1449 5165 lter,
1465 5098 1540 5153 redit
1556 5099 1591 5154 ad
1608 5117 1662 5156 sua
1677 5103 1769 5160 tristis
1873 5122 1877 5131 ·

983 5185 1108 5257 Magnus
1120 5189 1150 5240 at
1164 5184 1213 5240 illc
1228 5186 1336 5241 ducum
1353 5186 1527 5242 Godelridus
1547 5186 1620 5244 liber
1635 5191 1671 5246 111
1687 5209 1769 5249 arma

982 5274 1092 5339 Evolat,
1109 5277 1136 5328 et
1147 5273 1273 5346 patriam
1289 5280 1367 5330 111110
1383 5280 1465 5348 pater
1478 5293 1547 5333 ense
1562 5277 1682 5336 salutat.

980 5365 1045 5420 Jaru
1062 5364 1180 5418 sordent
1194 5367 1309 5419 terrena
1324 5365 1402 5434 duci,
1415 5366 1477 5437 jarn
1494 5369 1620 5441 concipit
1634 5370 1731 5443 ipsum

981 5452 1107 5518 AEthera,
1125 5469 1177 5508 nec
1193 5452 1296 5509 metuit
1310 5458 1408 5511 certus
1423 5456 1458 5511 de
1473 5473 1594 5515 munere
1609 5459 1712 5516 latum.

983 5544 1074 5600 llaerct
1089 5542 1125 5610 11,
1142 5541 1299 5618 studioque
1314 5543 1378 5618 pari
1393 5543 1579 5607 Flaadrensis
1594 5548 1721 5609 anhelat.
