3816 6006
486 339 671 402 HOMlLlAE.
688 368 726 386 -
741 339 780 401 ll.
803 338 854 400 DE
875 338 1053 404 saneris.
1542 340 1621 404 ists

73 485 229 527 consonam
243 470 455 527 contessionem
473 472 564 527 audit.
581 473 635 529 Sed
647 476 675 528 et
685 488 743 528 cos·
757 474 783 540 Α
798 466 965 528 audivimus
979 472 1132 545 subjungit
1149 490 1155 528 :
1171 475 1223 530 llos
1234 473 1374 530 duodecim
1384 473 1553 540 innitimur,
1565 477 1619 530 etc.

73 563 199 616 secutore
214 558 270 631 ipsi
284 559 377 615 sancti
393 559 492 615 omnin
507 561 639 616 membra
651 560 740 615 virtu·
799 561 830 615 ln
846 577 913 633 quo,
927 561 1031 617 iratres
1041 561 1110 631 mei,
1122 567 1248 634 quatuor
1257 560 1446 635 intelligenda
1457 561 1623 635 significan-

73 664 102 704 as
116 648 146 704 in
164 647 213 704 Dei
229 647 314 704 laude
334 653 442 721 cogunt
467 665 636 705 consonare.
666 650 741 706 Bene
796 654 853 716 tur,
875 648 1018 719 videlicet,
1044 652 1122 723 quod
1147 652 1271 725 apostoli
1298 650 1380 707 electi
1400 650 1468 720 sint,
1497 655 1525 707 et
1545 650 1623 707 unde

73 779 79 804 ,
95 736 222 793 habentes
232 738 342 810 phiolas
356 754 455 793 aurcos
471 738 567 811 plenos
581 737 739 795 odoramen·
795 737 878 794 electi
895 739 965 806 siut,
982 743 1009 795 et
1025 739 1103 812 quod
1116 739 1198 796 electi
1209 738 1279 808 sint,
1287 743 1316 795 et
1331 739 1367 795 ad
1378 738 1539 812 quidelecti
1550 738 1620 796 sint.

73 823 134 882 ialae
150 826 239 891 euim,
256 844 320 898 quas
337 830 407 882 sunt
421 844 487 882 vass
506 826 614 899 ampla,
631 826 741 900 signill-
795 828 882 885 Porro
895 827 924 884 in
941 829 996 885 hoc
1011 829 1089 901 quod
1105 829 1226 902 apostoli
1244 829 1328 885 electi
1344 828 1621 907 suntetaDomino,

73 913 288 970 iasanctorum
305 931 357 987 per
380 915 562 984 charitatem,
580 933 674 988 usque
703 916 739 971 ad
794 916 980 974 daturnobis
1004 918 1180 990 exemplum,
1201 918 1341 991 quoniam
1371 918 1400 973 in
1430 916 1558 974 Ecclesia
1571 916 1621 974 Dei

73 1020 99 1058 m
110 1003 242 1059 dilatata.
255 1004 319 1059 Hac
331 1008 399 1060 sunt
410 1021 508 1070 aurea,
520 1004 549 1060 id
561 1009 606 1060 est
616 1006 738 1074 munda,
793 1005 901 1061 debent
915 1010 1047 1078 pastores
1063 1006 1141 1079 eligi,
1158 1012 1186 1063 et
1201 1025 1218 1063 a
1234 1007 1355 1063 Domino
1366 1005 1489 1079 jejuniis
1510 1008 1539 1062 et
1553 1023 1620 1062 ora·

73 1091 736 1164 antisdevotionumplona.Oratitionesenim,
792 1095 923 1151 tionibus
952 1094 1140 1167 interrogato.
1171 1097 1203 1152 ln
1233 1113 1290 1168 quo
1316 1095 1426 1168 pariter
1454 1093 1620 1168 sigillantur

73 1175 324 1247 srdccharitativo,
342 1182 452 1237 mundo
469 1182 614 1238 ctdevoto
633 1198 736 1255 proce·
792 1182 876 1239 etilli
895 1183 1018 1256 quinon
1048 1183 1206 1256 eliguntur,
1238 1184 1288 1241 sed
1315 1183 1616 1267 patiuseingeruntur,

73 1286 152 1343 quam
169 1270 323 1327 incensum
340 1274 369 1326 et
389 1272 579 1327 odoramenta
592 1270 627 1327 ad
644 1271 736 1327 Deum
791 1277 819 1328 et
848 1273 890 1329 illi
911 1273 961 1348 qni
991 1292 1048 1331 non
1078 1274 1227 1346 divinitus,
1258 1274 1309 1330 sad
1338 1272 1533 1329 mundanitus
1564 1272 1618 1329 sli-

74 1399 81 1412 .
97 1361 174 1413 Bene
190 1363 289 1414 autem
305 1358 441 1431 sequitur
456 1363 521 1432 post
536 1359 735 1415 adorationem
790 1365 911 1434 guntur.
929 1363 961 1419 ln
977 1363 1031 1418 hoc
1047 1363 1124 1436 quod
1141 1364 1176 1419 de
1204 1361 1305 1419 schola
1334 1360 1486 1418 communi
1512 1359 1616 1417 electo·

91 1451 119 1503 et
147 1452 213 1520 post
247 1448 459 1504 consessionem
498 1448 675 1504 charitatum
708 1452 736 1503 et
791 1467 856 1506 rum
883 1451 1095 1524 discipulorum
1126 1451 1347 1525 praeliguntur,
1373 1451 1615 1508 demonstratur:

73 1535 118 1593 dis
128 1537 230 1604 oratio,
243 1536 383 1608 quoniam
400 1555 452 1593 nec
464 1539 535 1594 fides
551 1537 614 1594 sine
624 1537 735 1593 conics-
791 1540 929 1611 quoniam
946 1557 999 1597 nec
1013 1541 1161 1614 neophyti,
1174 1558 1227 1598 nec
1238 1541 1336 1608 rudes,
1353 1540 1403 1596 sod
1415 1526 1465 1612 qui
1476 1538 1506 1594 in
1516 1538 1618 1595 schola

73 1625 142 1682 rime
157 1626 206 1681 uhi
222 1626 387 1682 necessaria
397 1630 451 1694 est,
469 1644 521 1683 nec
538 1630 660 1699 utraque
672 1627 735 1683 sine
790 1633 960 1684 sanctarum
974 1629 1118 1685 virtutum
1134 1635 1163 1685 et
1178 1647 1294 1686 morum
1310 1646 1367 1701 pree
1384 1628 1495 1684 ceteris
1509 1626 1617 1684 eruditi

73 1719 94 1772 st
108 1714 255 1771 munditia
266 1715 361 1772 cordis
377 1719 501 1788 possunt
524 1716 581 1772 Deo
610 1714 733 1788 placore.
790 1720 870 1785 snut,
887 1716 995 1773 debent
1010 1717 1078 1790 eligi
1094 1717 1123 1772 in
1140 1721 1283 1790 pastores,
1300 1722 1333 1773 ut
1347 1716 1481 1773 videlicet
1495 1733 1553 1773 non
1568 1733 1619 1774 so·

73 1812 112 1877 nt,
127 1804 232 1878 inquit,
249 1807 387 1861 canticum
402 1822 511 1873 notum,
528 1804 667 1876 quoniam
682 1821 733 1860 uo·
790 1803 852 1862 lum
868 1807 928 1862 sint
942 1805 1036 1871 electi,
1049 1807 1099 1863 sed
1112 1806 1200 1863 etiem
1211 1807 1287 1862 inter
1294 1806 1401 1863 electos
1411 1809 1542 1879 pastores
1550 1822 1620 1879 prcc-

76 1909 143 1950 nem
159 1894 195 1950 de
211 1893 337 1950 novitate
362 1893 491 1967 mysterii
521 1893 576 1965 ipsi
606 1893 735 1950 innovati
791 1894 884 1951 electi.
902 1895 984 1961 Quod
1000 1899 1098 1969 aperte
1110 1895 1175 1952 illos
1186 1896 1364 1953 condemnat
1375 1895 1425 1969 qui
1436 1897 1620 1968 praesumunt

73 1986 125 2038 int.
144 1984 250 2052 Dionos
266 2000 303 2051 es,
321 1981 469 2055 inquiunt,
486 1984 613 2051 Doneine,
629 1983 737 2054 operire
791 1984 853 2040 ficri
869 1984 1003 2058 magistri
1019 1988 1178 2058 antequam
1194 1984 1342 2059 discipuli,
1359 1985 1496 2042 docentes
1510 2001 1619 2058 eaque

75 2071 177 2129 solvere
200 2073 344 2143 sipnocoto
357 2073 428 2144 ejus.
455 2071 574 2137 Quarei
603 2071 737 2140 Quoniam
792 2090 850 2129 non
865 2073 1040 2139 didicerunt,
1055 2078 1083 2130 et
1096 2090 1185 2147 super
1200 2090 1249 2131 eos
1264 2073 1315 2147 qui
1331 2073 1387 2130 sibi
1402 2077 1431 2132 et
1445 2073 1576 2131 moribus
1590 2078 1620 2131 et

76 2168 102 2218 et
115 2160 256 2218 redemisti
269 2178 318 2218 nos
332 2163 385 2218 Deo
409 2163 440 2217 ia
464 2162 601 2230 conperisse
625 2170 680 2217 ico.
697 2163 737 2218 Ac
791 2161 913 2218 seientia
927 2166 1057 2235 presunt
1072 2163 1277 2238 magisterium
1290 2163 1398 2220 habere
1423 2167 1569 2235 quarunt.
1586 2161 1618 2219 In

73 2250 103 2308 ln
118 2250 173 2306 hoo
189 2251 265 2322 quod
281 2250 396 2307 occisus
412 2268 443 2307 cs
463 2254 491 2306 ct
506 2267 560 2306 nas
575 2251 737 2319 redemisti,
791 2249 847 2306 hoc
862 2266 989 2323 quoque,
1005 2252 1082 2324 quod
1098 2250 1252 2309 duodecim
1266 2251 1424 2326 cliguntur,
1438 2252 1620 2309 demonstra·

73 2355 181 2395 sacrum
197 2339 389 2411 Scriptorum,
406 2357 441 2395 ee
455 2341 531 2395 omni
545 2339 619 2396 trito
640 2348 666 2396 et
681 2339 736 2394 lio·
791 2343 840 2394 tur
854 2340 939 2397 nohis
954 2344 1085 2413 pastores
1100 2345 1207 2398 sanctae
1224 2340 1356 2398 Ecclesia
1383 2358 1471 2414 quam
1500 2339 1620 2413 perlecti

73 2427 136 2491 iulo,
153 2429 308 2493 cinctione,
320 2428 458 2495 subaudi,
474 2445 527 2484 nos
543 2426 692 2501 colligens.
704 2431 737 2484 Et
792 2445 856 2485 esso
872 2433 1035 2486 tencantur.
1052 2430 1255 2487 Duodcnarius
1271 2430 1381 2502 quippe
1397 2445 1538 2487 numerus
1553 2445 1619 2503 per·

76 2516 128 2572 Deo
151 2524 242 2572 nostro
265 2534 380 2586 reprom
399 2526 425 2573 ct
444 2517 601 2574 secerdotes.
629 2518 737 2573 Omnes
793 2517 885 2575 iectus
896 2523 950 2588 est,
967 2519 1046 2574 unde
1061 2523 1090 2574 et
1103 2518 1204 2575 soldos
1219 2519 1279 2575 sive
1294 2519 1405 2575 solidus
1420 2522 1618 2591 nuncupatur.

73 2622 176 2673 tumus,
187 2605 736 2676 iratrosmei,sivcriChristianisunms,
793 2608 906 2662 Debent
921 2624 1048 2680 namquo
1059 2611 1191 2679 pastores
1207 2610 1313 2663 sanctes
1328 2604 1463 2663 Ecclesiae
1477 2606 1519 2663 sic
1529 2605 1620 2679 perie-

73 2710 105 2750 er
118 2696 174 2751 Deo
188 2699 289 2750 nostro
305 2711 387 2767 reges
403 2699 432 2750 et
445 2695 609 2751 sacerdotes
622 2713 736 2752 sumus.
793 2694 832 2751 oti
848 2700 876 2750 et
891 2694 977 2751 solidi
992 2712 1066 2762 esse,
1085 2700 1230 2766 quatenus
1246 2712 1299 2751 nec
1311 2695 1470 2768 prosperis,
1497 2711 1549 2751 nec
1569 2696 1620 2751 ad·

73 2783 366 2857 ·regessumus,siad
374 2784 547 2856 obsequium
556 2786 739 2856 ejus,omnes
793 2783 894 2852 versis,
912 2800 965 2840 nec
979 2783 1106 2850 blandis,
1123 2800 1176 2840 nec
1192 2784 1313 2857 asperis,
1325 2799 1379 2840 nec
1393 2783 1551 2852 favoribus,
1568 2799 1621 2840 nec

73 2871 113 2929 lis
124 2877 152 2928 et
165 2872 295 2945 corporis
305 2872 398 2929 nostri
408 2873 481 2929 bene
492 2871 739 2945 regimus‚pravos
794 2871 954 2929 terroribus
969 2872 1092 2942 cedant3
1107 2868 1168 2928 imo
1183 2872 1263 2945 ipsos
1287 2872 1421 2929 infirmos
1435 2876 1464 2928 et
1483 2872 1622 2928 cadentes

73 2979 90 3032 e,
107 2965 136 3018 et
151 2962 243 3018 bonas
254 2961 428 3030 nutrientes,
438 2961 584 3034 justitiam
596 2966 623 3017 et
638 2979 739 3034 pacem
795 2966 959 3019 sustentare
970 2965 1088 3035 queant.
1102 2961 1134 3017 lu
1144 2977 1202 3033 quo
1215 2978 1284 3018 suos
1295 2960 1546 3034 indignipastares
1556 2975 1623 3017 con·

73 3067 109 3108 es.
128 3052 183 3106 Deo
195 3052 469 3108 nostrosacerdotes
481 3068 594 3120 sumus,
612 3050 636 3106 si
653 3052 741 3106 inara
796 3050 958 3119 fundimur,
976 3068 1050 3124 quos
1063 3051 1184 3106 adversa
1199 3051 1355 3118 deterrent,
1381 3049 1490 3106 blanda
1509 3048 1623 3105 demul-

73 3140 117 3196 rtri
133 3141 264 3212 quotidie
280 3141 457 3196 sacrificium
473 3139 591 3196 contriti
607 3139 702 3195 cordis
713 3143 742 3195 et
797 3142 872 3208 cent,
888 3141 924 3196 ad
941 3140 1037 3196 urinas
1052 3144 1205 3213 potentum
1221 3138 1387 3210 dejicimus,
1412 3138 1560 3195 favoribus
1574 3154 1622 3194 ex·

74 3227 740 3300 devotaorationiseiotlerimus,sieiparmun-
756 3216 777 3282 C
796 3227 938 3297 tollimur,
954 3229 990 3285 ad
1007 3229 1100 3284 instar
1111 3228 1264 3285 arundinis
1274 3228 1368 3284 hucet
1383 3226 1453 3283 illuc
1464 3226 1622 3301 agitamur,

73 3317 191 3375 niliacos
207 3335 321 3386 sumus,
339 3318 363 3373 si
379 3319 537 3374 inteream
557 3321 585 3374 et
606 3317 740 3374 homines
793 3317 865 3373 vitia
879 3322 1031 3390 potentum
1048 3335 1105 3374 non
1122 3317 1307 3390 corripimus,
1325 3317 1375 3373 sed
1391 3316 1558 3390 palpamus,
1574 3317 1622 3389 ju-

75 3424 89 3464 s
105 3422 169 3464 esse
184 3405 327 3462 valemus.
339 3409 371 3463 Et
381 3407 567 3477 repentinos,
584 3405 741 3478 inquitat-
795 3405 905 3462 stitiam
918 3423 1049 3464 exercerc
1065 3424 1121 3463 non
1133 3407 1286 3475 audemus,
1298 3423 1351 3462 nec
1362 3406 1494 3462 infirmos
1505 3408 1623 3462 susten-

73 3494 163 3552 ehcsi
171 3494 376 3552 dieat:lllisoli
387 3496 416 3551 in
427 3500 567 3552 aternum
578 3497 743 3569 regnabunt
796 3499 901 3564 tontes,
913 3513 966 3552 nec
975 3496 1064 3553 etiam
1077 3496 1272 3569 nosmetipsos
1283 3494 1518 3565 sustentur-eiam
1527 3493 1625 3552 vden-

74 3584 741 3656 vantium,quihicomnemterrenitatemom·
796 3588 850 3641 tes.
868 3584 1144 3658 lnhocveroquod
1175 3585 1342 3653 mittuntur,
1368 3585 1403 3641 ad
1433 3583 1512 3658 quod
1538 3582 1623 3641 electi

73 3673 216 3730 unitatem
233 3672 289 3729 sibi
317 3673 521 3730 subdiderant.
543 3674 697 3746 Propterea
711 3672 741 3730 in
797 3673 857 3730 sint
871 3674 1090 3731 demonstratur
1103 3672 1278 3747 :Apostolus
1294 3673 1402 3746 quippe
1416 3673 1626 3746 interpretatur

73 3761 211 3818 domicilii
220 3761 312 3819 nostri
322 3763 594 3835 vigilemus,motus
610 3763 743 3819 cordiset
796 3764 906 3820 missas.
923 3761 1091 3835 Intelligant
1107 3763 1196 3836 igitur
1211 3767 1343 3836 pastores
1359 3766 1466 3818 sancta
1491 3759 1625 3818 Ecclesia

73 3850 143 3908 ostri
155 3850 278 3908 sollicite
291 3852 742 3924 circumspiciamus,malosmo-
798 3869 829 3907 so
846 3868 910 3909 esse
925 3851 1042 3920 missos,
1060 3851 1280 3922 condaminas,
1301 3852 1409 3908 missos
1438 3849 1628 3919 humilitatis,

73 3941 231 3998 itesstatim
243 3958 474 4014 compescamus,
482 3947 634 3997 carnemet
645 3941 744 3998 omnia
799 3958 857 3997 non
873 3940 1016 4011 elationis,
1034 3941 1205 3998 missosnon
1216 3940 1389 4007 ministrari,
1399 3941 1448 3996 sed
1460 3938 1629 3996 ministrare

73 4029 179 4104 spiritui
189 4031 296 4086 servire
307 4047 458 4104 cogamus,
471 4031 636 4086 mundanas
648 4029 744 4087 illece·
799 4029 873 4102 (Lae.
890 4033 929 4101 x),
945 4029 1052 4086 missos
1068 4047 1127 4085 non
1142 4030 1178 4085 ad
1189 4029 1329 4086 honorem
1345 4029 1418 4084 etad
1429 4026 1565 4101 gloriam,
1577 4026 1628 4083 sed

77 4118 745 4192 mundanisbominihusimperant,nohissub·
799 4118 836 4174 ad
852 4117 980 4174 laborem
997 4122 1025 4174 et
1041 4119 1077 4173 ad
1093 4119 1272 4190 passionem.
1285 4117 1368 4174 Unde
1380 4117 1411 4171 in
1424 4114 1629 4189 subsequenti·

73 4212 315 4280 iatenusregnum
322 4214 434 4263 aterna
447 4207 637 4265 beatitudinis
648 4224 746 4264 conse·
799 4208 855 4263 bus
867 4207 909 4263 eis
923 4206 1013 4262 dicit:
1029 4208 1095 4263 Ecce
1108 4223 1156 4276 coo
1171 4209 1249 4262 mitio
1265 4221 1310 4262 uos
1325 4207 1395 4261 sicut
1406 4222 1491 4276 eonor
1506 4207 1580 4261 inter
1589 4204 1630 4260 lo·

73 4313 158 4363 imur,
171 4299 327 4368 prestante
337 4296 460 4352 Domino
472 4301 571 4353 nostro
587 4298 655 4354 iesu
667 4296 746 4353 Chri·
796 4313 856 4370 poc.
872 4297 955 4352 Tunc
967 4295 1058 4370 igitur
1072 4295 1201 4368 episcopi
1213 4311 1243 4351 se
1254 4311 1317 4352 esse
1327 4311 1393 4351 vere
1405 4294 1513 4351 missos
1522 4291 1629 4350 christi

73 4402 123 4442 um
140 4386 223 4441 Patre
238 4391 266 4440 et
281 4384 392 4457 Spiritu
408 4392 508 4442 sancte
522 4385 592 4443 vivit
602 4389 629 4442 et
644 4390 746 4460 regnat
800 4383 1164 4458 intelligant,cumchristi
1174 4383 1589 4456 bumilitatem,paupertatem
1599 4385 1629 4437 et

73 4491 84 4532 a
100 4473 207 4531 secula
222 4474 405 4532 soculorum.
422 4477 525 4530 Amen.
800 4474 972 4547 patientiam
987 4478 1165 4546 ceterasque
1180 4473 1304 4528 virtutes
1319 4472 1425 4528 Christi
1446 4471 1477 4527 in
1502 4486 1533 4527 se
1547 4468 1628 4527 exhi·

299 4580 364 4638 v111
760 4588 784 4653 D
801 4563 928 4633 bucrint,
945 4581 1013 4620 cum
1028 4580 1086 4620 non
1103 4580 1167 4631 sua,
1180 4563 1230 4619 sed
1240 4561 1349 4618 Christi
1359 4561 1448 4617 verba
1458 4559 1629 4632 predicare

73 4669 96 4708 m
110 4669 271 4710 cressonis.
293 4670 388 4710 sensio
404 4672 439 4710 oc
454 4670 603 4710 cisteriano.
802 4654 870 4722 rint,
881 4670 949 4710 cum
959 4671 1016 4710 non
1028 4670 1125 4723 suam,
1137 4653 1188 4710 sed
1200 4650 1307 4708 Christi
1318 4649 1443 4724 gloriam
1452 4648 1483 4704 in
1492 4646 1629 4705 omnibus

73 4758 117 4798 sos
132 4742 279 4815 discipulos
294 4760 366 4815 coos,
389 4745 552 4817 precipiens
576 4745 625 4810 cis,
656 4751 682 4799 et
704 4742 746 4799 di·
803 4742 981 4815 quesierint,
997 4760 1065 4799 eum
1081 4760 1140 4799 non
1155 4741 1250 4798 solum
1267 4757 1329 4809 sua,
1341 4741 1392 4796 sed
1408 4738 1497 4796 etiam
1518 4735 1630 4808 seipsos

73 4831 106 4888 a.
122 4835 164 4898 x,)
180 4836 235 4886 etc.
251 4830 495 4904 Quinquepertita
511 4835 555 4887 est
575 4831 635 4887 hac
650 4831 746 4899 lectis,
802 4849 854 4904 pro
871 4831 1012 4888 iratribus
1026 4830 1187 4903 posuerint.
1204 4829 1347 4897 Secundo,
1364 4845 1422 4901 quo
1442 4825 1485 4883 ire
1509 4824 1555 4881 vel
1570 4841 1630 4883 uon

73 4919 108 4976 ci.
125 4919 221 4976 Primo
238 4921 346 4993 quippo
361 4920 504 4977 Dominus
517 4921 671 4977 duodecim
683 4920 748 4976 mit·
802 4921 844 4976 ire
859 4920 1121 4976 debcantostendit
1131 4917 1272 4975 Dominus
1283 4934 1351 4973 cum
1362 4915 1499 4972 diciteis:
1512 4916 1542 4971 ln
1556 4915 1632 4971 vium

73 5008 128 5077 ido,
146 5026 202 5081 quo
218 5010 343 5065 debeant
356 5009 398 5066 ire
413 5010 456 5066 vel
477 5028 534 5067 non
561 5010 611 5066 ire.
639 5010 748 5078 Tertio,
802 5013 925 5080 peritiam
939 5025 974 5066 ne
987 5009 1123 5076 obieritis,
1139 5015 1163 5064 et
1188 5009 1218 5062 in
1242 5009 1365 5064 ciuitates
1390 5006 1632 5064 Samaritanorum

73 5096 175 5153 iicare.
192 5099 311 5166 Quarto,
328 5099 398 5171 quid
419 5115 513 5172 agere.
530 5099 646 5166 Quinto,
676 5116 748 5172 quo·
802 5116 836 5155 reo
852 5099 1035 5165 intraveritis,
1051 5095 1096 5152 sed
1112 5097 1148 5151 ite
1159 5097 1251 5166 potine
1275 5093 1386 5151 edoces
1414 5108 1477 5167 qma
1489 5093 1632 5165 perierunt

77 5186 189 5242 otescit.
208 5186 303 5243 Primo
322 5187 414 5260 igitur
435 5188 593 5265 Dominum
620 5187 748 5246 ostendit
801 5189 895 5245 domos
910 5186 1005 5243 lsrael.
1022 5185 1095 5241 Cum
1111 5188 1225 5241 constet
1240 5184 1395 5240 Dominum
1419 5186 1538 5257 propter
1552 5181 1632 5240 sulm

73 5296 77 5329 ι
93 5274 221 5342 misisse,
234 5292 301 5331 cum
317 5277 424 5332 dicitur
440 5293 446 5330 :
464 5278 544 5333 Misit
556 5278 633 5332 Iesos
647 5277 746 5332 doede-
801 5282 860 5334 tem
872 5273 1138 5348 gentiumvenisse,
1149 5272 1227 5328 unde
1236 5277 1265 5329 et
1274 5273 1336 5346 ipse
1347 5272 1416 5329 alibi
1427 5273 1541 5330 dicit:«
1550 5270 1628 5327 Alias

73 5363 136 5420 utos
160 5382 233 5421 suos.
253 5366 339 5421 Porro
360 5365 390 5420 in
416 5364 550 5434 lectione,
581 5382 643 5437 qua
673 5364 748 5421 hane
803 5360 1632 5435 oroshabeo,quenonsuntexhooovili,etillasopor-

87 5454 217 5509 ostendit
231 5453 411 5528 evangelista
425 5453 583 5510 Dominum
607 5455 642 5510 dc
665 5471 747 5511 com·
803 5460 845 5512 tet
860 5471 906 5510 me
923 5453 1076 5519 adducere,
1093 5456 1121 5507 et
1133 5451 1182 5507 fiet
1197 5468 1289 5507 unum
1303 5450 1377 5508 ovile
1391 5455 1420 5509 et
1439 5465 1517 5507 unus
1532 5452 1634 5521 pastor

73 5538 237 5612 cipulorum
266 5543 411 5600 consortio
433 5544 588 5601 duodecim
615 5543 748 5618 elegisse,
804 5547 894 5616 (loon.
911 5544 952 5613 x,)
967 5563 982 5594 n
1000 5539 1140 5615 quidest,
1157 5542 1271 5610 iratres,
1303 5540 1382 5614 quod
1409 5539 1458 5595 hic
1487 5535 1582 5594 dicit:
1599 5537 1632 5594 ln

73 5631 94 5688 it
106 5630 227 5690 nomina
240 5631 331 5708 ponit.
346 5632 455 5692 Deinde
485 5633 540 5693 hoa
566 5634 643 5710 qood
664 5634 749 5696 modo
804 5634 882 5698 nam
896 5629 1081 5714 gentiumne
1096 5628 1237 5707 abieritis,
1252 5633 1282 5690 ct
1292 5627 1467 5710 „mairiam
1477 5621 1637 5703 Samaritae
