3816 6006
127 235 204 314 irre
758 245 956 309 aaronem
979 247 1184 310 laesuris.
1756 236 1832 318 lidi

125 385 221 440 tractus
237 384 359 453 occupat
371 381 460 451 [l'roa.
477 381 561 450 xcvi«
578 380 612 434 tlt
627 379 694 435 alibi
713 396 719 433 :
738 380 769 434 lu
790 395 839 434 ore
863 378 945 434 stulti
958 365 987 447 l,
1002 383 1130 452 patietur
1145 383 1305 440 bonitatem
1316 384 1441 457 opprimi
1456 402 1473 440 a
1488 384 1611 455 malitia,
1624 384 1781 458 justitiam
1794 387 1831 446 ab

124 470 530 545 seraperrisus.ttt)0mtnus
546 470 575 524 in
592 469 743 541 Evangelio
757 485 763 524 τ
777 469 845 523 «Vae
863 468 946 525 cobis
1002 471 1156 542 injustitia,
1172 473 1309 545 pietatem
1325 475 1361 529 ab
1377 474 1728 546 impietate,heaestatem
1740 475 1779 532 ab
1790 477 1827 534 iu·

123 565 173 636 qai
191 562 302 626 ridetis,
319 560 387 632 quia
401 559 551 631 plorabitis
567 561 641 626 (Lac.
655 560 701 630 aa).
720 582 733 608 n
751 559 852 614 Omnis
866 558 944 614 enim

123 651 200 707 risus
213 652 343 707 nascitur
357 655 408 706 eut
423 666 456 703 ex
476 649 611 715 vanitate,
629 652 680 704 aut
704 666 738 704 ex
760 648 877 714 invidia,
895 653 945 704 eut

57 736 60 738 ’
122 759 156 796 ex
172 740 284 796 malitia
299 738 477 804 mentis.Qui
493 738 567 792 ridet
578 738 612 793 dc
627 738 816 802 vanis,aanus
828 738 943 802 est.Oui

121 830 197 885 ridet
213 830 248 885 dc
264 828 379 883 damnis
391 826 941 899 alienis,inridusetmalignusest.Qui

120 921 195 975 ridet
210 918 275 973 aliis
290 917 469 991 lugentibus
487 916 614 972 erudelis
630 921 684 972 est.
702 917 754 982 Qui
772 916 846 972 ridet
869 917 944 972 inter

1001 557 1162 616 honestate.
1179 561 1231 625 eui
1248 562 1325 617 enim
1342 561 1396 617 hoc
1410 561 1544 618 esuriunt
1559 562 1587 617 iu
1604 563 1660 619 hec
1676 564 1748 632 vita,
1767 564 1827 624 sinc

1000 650 1089 705 dabie
1119 650 1330 706 saturabuntur
1353 650 1381 705 in
1405 650 1462 706 alia
1485 651 1554 717 rita,
1572 653 1692 724 quando
1717 653 1826 712 scilieet

999 741 1076 796 Deus
1092 744 1120 796 ct
1133 744 1251 795 sanctos
1274 739 1303 794 in
1323 740 1441 812 justitia
1466 741 1603 813 perticiet,
1620 746 1649 797 et
1665 742 1824 817 unicuique

999 830 1161 885 secundum
1178 831 1255 902 quod
1284 830 1390 885 meruit
1412 831 1522 886 reddet.
1540 831 1622 886 l'anc
1635 831 1719 888 enim
1736 857 1752 882 a
1768 848 1818 893 nou

997 919 1126 974 esurient
1141 936 1236 990 neque
1252 917 1352 974 sitient
1367 917 1503 991 amplius,
1518 923 1548 974 et
1558 936 1616 975 nou
1632 920 1720 977 cadet
1735 932 1820 995 saper

119 1010 196 1065 seria
210 1008 318 1065 stultus
334 1013 387 1063 cst.
405 1007 459 1073 Qui
475 1007 676 1072 caclrinnatur,
694 1006 804 1062 ceteris
819 1006 942 1061 tacenti·
996 1009 1061 1064 illos
1078 1008 1120 1063 sol
1137 1025 1230 1080 neque
1247 1006 1325 1063 ullus
1341 1011 1429 1063 aestns
1444 1007 1546 1077 (itia).
1565 1029 1579 1057 n

118 1097 384 1170 bus‚coustatquia
394 1097 504 1168 aliquid
516 1095 647 1151 stultitiae
659 1095 785 1151 occrrrrit
795 1097 940 1151 memorie
1031 1098 1137 1162 Quinta
1148 1097 1241 1152 virtus
1256 1101 1301 1152 est
1316 1094 1572 1152 misericordiarll
1586 1096 1663 1154 hanc
1684 1116 1739 1156 nos
1752 1100 1814 1158 inei·

117 1189 191 1259 ejus.
205 1188 292 1244 Risus
308 1204 424 1259 qaroque
440 1185 551 1241 multus
567 1186 716 1240 hominem
728 1185 822 1239 reddit
836 1202 940 1240 onero·
996 1191 1037 1242 tet
1051 1186 1203 1253 Dominus,
1220 1203 1288 1240 eum
1304 1185 1404 1241 subdit
1420 1202 1427 1239 ε
1443 1186 1521 1242 Beati
1542 1187 1745 1256 causamme,
1759 1206 1814 1263 que

117 1295 182 1333 sum
199 1282 227 1332 et
242 1276 391 1332 odibilem.
408 1277 531 1331 Laetum
549 1292 615 1329 vcro
631 1275 817 1330 commendat
828 1275 875 1329 hic
887 1274 940 1330 De·
993 1279 1070 1331 atam
1086 1278 1140 1348 r'per'
1154 1275 1372 1331 miscricordiam
1387 1281 1591 1346 consequenter.
1609 1279 1686 1334 Saue
1712 1277 1812 1336 miseri·

117 1366 226 1422 minus.
244 1365 408 1432 Quinetiam
424 1365 485 1436 ipse
501 1364 607 1435 legitur
627 1363 749 1429 llevisse,
767 1364 816 1435 qui
841 1368 939 1419 tamen
994 1366 1091 1422 cordio
1106 1370 1150 1421 est
1164 1365 1257 1420 uirtus
1273 1364 1397 1420 miserie
1412 1363 1592 1437 compatiens
1603 1365 1814 1440 elienae;hujus

116 1471 268 1527 nunquam
282 1454 389 1527 legitur
405 1454 513 1508 nisiae.
526 1454 667 1507 Ceterum
693 1470 751 1508 uon
777 1453 872 1508 ornnis
894 1452 938 1507 lu·
980 1456 1050 1511 ,duc
1066 1451 1812 1519 sunteffectus,dareetdimittere.Unchomtnus:

115 1551 180 1600 ctus
194 1549 240 1600 est
254 1541 420 1598 laudabilis.
438 1542 561 1608 Quidam
578 1542 655 1597 enim
681 1541 790 1613 lugent,
808 1542 876 1614 quia
892 1543 937 1598 ln·
993 1569 1006 1593 «
1024 1545 1104 1615 Date,
1122 1547 1150 1599 ct
1164 1543 1281 1598 dabitur
1295 1542 1386 1598 vobis.
1403 1541 1533 1609 Dimitte,
1550 1547 1577 1598 et
1593 1543 1762 1602 dimittetur
1773 1563 1812 1603 ce-

114 1634 208 1707 gendo
224 1634 316 1688 lacere
333 1650 390 1687 non
404 1635 570 1703 potuerunt,
588 1635 616 1686 et
631 1630 699 1686 raali
716 1636 793 1687 sunt.
813 1632 937 1698 Quidam
992 1634 1038 1689 bis
1054 1635 1128 1706 (bae.
1146 1633 1193 1704 vr).
1213 1654 1226 1681 a
1242 1632 1306 1687 Hac
1322 1631 1400 1686 enim
1416 1631 1507 1687 virtus
1528 1648 1559 1687 se
1573 1634 1706 1690 extendit
1730 1635 1809 1692 etiam

114 1722 214 1796 lugent
229 1724 264 1778 de
280 1724 387 1777 clamne
404 1720 444 1775 rei
462 1719 638 1791 temporalis,
650 1722 764 1775 ciavari
782 1726 860 1777 sunt.
874 1722 975 1822 Qui-B
992 1739 1085 1796 usque
1101 1724 1134 1778 ed
1147 1720 1380 1777 inimices.Unde
1391 1720 1533 1777 Dominus
1550 1738 1556 1777 :
1576 1722 1810 1798 «Estoteinquit,

113 1814 181 1868 dam
196 1811 298 1884 lugent
314 1813 349 1867 de
365 1809 494 1882 corperis
511 1810 556 1865 sui
573 1809 802 1878 incommodam
814 1811 934 1882 pusilla·
990 1811 1203 1874 misericordes,
1221 1809 1296 1866 sicut
1310 1814 1338 1864 et
1352 1810 1437 1865 Pater
1450 1814 1544 1866 vester
1558 1809 1687 1869 coelestis
1703 1813 1816 1871 miseri·-

113 1898 936 1971 uimessunt.Quidamlugcntsupestuncribasmertuo-
990 1918 1054 1957 cors
1079 1905 1123 1956 est
1147 1899 1264 1973 (iliata
1283 1898 1406 1970 -«qui
1429 1899 1520 1954 solem
1550 1917 1638 1956 suum
1662 1901 1810 1960 tacitoriri

113 2009 188 2059 rum,
206 1996 234 2046 et
251 1990 370 2045 humaui
388 1993 465 2044 sunt.
478 1988 556 2043 Talis
572 1988 650 2042 enim
663 1988 770 2054 luctare,
780 1988 801 2043 si
819 1990 857 2043 sit
872 2007 933 2044 nro·
989 2007 1077 2062 super
1093 1991 1185 2045 bonos
1200 1991 1228 2043 et
1243 1986 1382 2054 mal05,et
1396 1986 1471 2059 pluit
1485 1989 1679 2060 superjustos
1695 1996 1725 2048 et
1739 1992 1813 2065 iujo·-

112 2076 466 2152 destus,ceprehcnsibilis
484 2094 540 2131 non
557 2077 763 2148 estScriptam
775 2078 906 2133 estcnim
925 2096 931 2132 :
988 2085 1048 2135 stes
1061 2079 1166 2147 (llatttr.
1183 2077 1209 2149 r)
1230 2100 1243 2125 a
1260 2077 1293 2131 Et
1306 2076 1481 2147 Apostolus:
1499 2099 1512 2126 «
1525 2077 1553 2132 Si
1569 2079 1707 2136 esurierit
1721 2082 1809 2138 inimi·

112 2194 124 2220 a
143 2170 206 2238 Fili,
224 2170 252 2224 in
279 2172 427 2224 martirum
453 2167 563 2238 produc
593 2164 736 2237 lacrymas
762 2167 845 2238 quasi
870 2167 934 2223 dira
988 2165 1814 2239 custuus,cibaillum;sisitit‚potumdailli,hocenim

111 2276 225 2331 passus,
244 2257 338 2328 iucipe
354 2256 465 2328 plorare
481 2256 573 2323 (Eecti.
586 2272 700 2309 xxxvia.
718 2278 731 2303 »
747 2255 855 2311 Verum
874 2257 932 2313 duo

111 2363 217 2420 genera
228 2346 308 2401 luctu
322 2346 466 2417 praecipue
479 2344 664 2399 commendat
678 2344 829 2416 Scriptura
838 2363 930 2402 sacra.

112 2437 227 2492 Primus
242 2434 339 2490 luctus
351 2433 525 2505 cst‚quando
536 2431 642 2504 aliquis
654 2432 733 2506 luget
748 2451 799 2506 pro
816 2435 876 2490 suis
887 2434 931 2492 vel

111 2525 234 2582 aliorum
255 2524 390 2596 pcccatis,
408 2522 561 2578 Secundus
576 2521 672 2577 luctus
686 2528 739 2590 est,
752 2526 867 2594 quando
880 2525 930 2579 ali·

109 2616 176 2688 quis
192 2615 335 2687 perlectus
351 2613 444 2685 plorat
460 2629 510 2684 pro
526 2611 665 2666 dilatione
682 2612 806 2668 calestis
819 2614 929 2686 patriae.

110 2705 225 2760 Primus
247 2704 345 2758 luctas
361 2703 493 2757 nascitur
515 2718 549 2756 ex
574 2701 805 2757 consideratione
829 2721 929 2775 pecca·

108 2799 202 2850 torum
232 2796 475 2866 perpetratorum,
500 2797 527 2845 et
549 2808 582 2845 ex
604 2790 708 2845 timore
724 2790 928 2863 gehennalium

107 2900 258 2956 pennarum
274 2881 315 2937 eis
331 2880 506 2936 debitarum.
519 2880 672 2935 Secundus
688 2879 785 2935 taetus
796 2879 930 2936 similiter

107 2972 237 3028 nascitur
264 2989 298 3027 cx
326 2970 450 3037 duchac,
479 2968 612 3024 videlicet
641 2986 674 3024 ex
697 2969 929 3026 consideratione

986 2258 1107 2319 taciens,
1125 2271 1263 2328 congeres
1278 2255 1418 2310 carbones
1433 2271 1520 2327 super
1535 2261 1623 2328 ceput
1643 2259 1711 2331 eJ'us
1727 2262 1806 2330 (Rom.

987 2346 1047 2418 xri).
1066 2346 1185 2415 »Hujus
1200 2343 1317 2399 virtutis
1333 2348 1402 2399 suat
1417 2343 1532 2399 termini
1549 2345 1660 2402 duritia
1675 2348 1807 2406 inhume-

987 2453 1034 2500 na,
1051 2440 1079 2490 et
1108 2433 1272 2506 compassio
1295 2433 1463 2488 indiscreta.
1480 2434 1562 2489 'l'unc
1588 2436 1679 2504 enim,
1698 2438 1807 2506 tratres,

986 2524 1054 2591 mei,
1071 2524 1206 2578 virtutem
1224 2520 1428 2577 misericordie
1445 2526 1519 2577 recte
1535 2526 1680 2593 tenemus,
1694 2529 1808 2600 quande

986 2631 1037 2669 nec
1052 2613 1214 2668 inhumane
1229 2611 1292 2666 duri
1311 2628 1414 2666 sumus
1430 2628 1498 2683 erga
1525 2617 1661 2669 naturam
1686 2617 1806 2687 proximi

984 2703 1154 2775 indigentis,
1171 2718 1223 2756 nec
1238 2701 1395 2755 indiscrete
1413 2701 1610 2772 compatimur
1624 2702 1703 2761 vitiis
1718 2705 1806 2762 delin-

985 2792 1191 2866 quentis.Cum
1206 2789 1282 2845 enim
1295 2788 1495 2845 misericordia
1508 2790 1661 2861 etjustitia
1670 2793 1807 2853 virtuales

984 2884 1052 2951 sint,
1070 2879 1269 2936 misericordia
1284 2896 1353 2952 erga
1372 2883 1518 2948 naturam,
1535 2882 1563 2934 et
1573 2880 1691 2951 justitia
1707 2891 1806 2942 contra

982 2969 1262 3037 ritium‚erercenda
1276 2972 1329 3022 cst.
1339 2967 1397 3022 lmo
1413 2967 1444 3020 in
1456 2968 1594 3026 omnibus
1605 2969 1771 3031 babeamus
1781 2979 1807 3031 ct

106 3061 257 3135 praesentis
278 3059 447 3116 miseriaci
471 3058 614 3114 desiderio
636 3058 825 3114 beatitudinis
849 3065 929 3115 aeter·
983 3059 1213 3118 misericordiam
1226 3059 1349 3128 justam,
1366 3062 1394 3112 et
1404 3057 1550 3128 justitiam
1567 3060 1803 3134 misericordem

106 3169 160 3206 uae.
177 3150 292 3206 Primus
314 3149 409 3204 luctus
433 3147 458 3203 si
482 3166 538 3203 non
563 3149 691 3214 excedat,
709 3149 803 3203 benus
828 3152 881 3215 est,
900 3129 964 3206 ctC
983 3153 1056 3208 alias
1071 3149 1195 3205 nechea
1209 3164 1276 3202 vcra
1291 3145 1562 3215 misericordia,nec
1578 3147 1628 3203 ille
1642 3152 1803 3223 verajusti·

106 3241 252 3296 secundus
282 3238 393 3294 melior.
424 3238 463 3292 De
491 3237 555 3291 istis
585 3236 701 3304 dicitur,
723 3240 853 3308 prcora'am
880 3241 929 3310 qai
981 3241 1089 3309 tia,sed
1108 3236 1318 3311 potiusvitium
1331 3240 1385 3290 est.
1402 3234 1555 3307 Eleganter
1569 3240 1669 3294 autem
1691 3241 1803 3297 miseri·

106 3331 196 3402 taceat
211 3329 432 3394 attrectabantur,
449 3326 478 3380 in
495 3331 679 3397 peecatorum
705 3327 876 3382 dimissione
900 3332 928 3383 ct
982 3329 1119 3385 cordibus
1130 3325 1296 3382 consecutio
1308 3323 1513 3379 misericordiae
1525 3326 1715 3397 promittitur,
1729 3331 1803 3388 sicut

105 3419 204 3491 gaudii
221 3417 345 3472 celestis
361 3416 521 3487 adeptione,
540 3416 657 3485 artando
673 3415 806 3470 scilicet«
818 3417 928 3472 abster·
982 3426 1010 3475 et
1026 3422 1143 3474 econtra
1154 3413 1302 3487 judicium
1317 3414 1380 3468 sine
1392 3412 1623 3471 misericordiaei
1636 3417 1687 3490 qui
1699 3436 1758 3475 non
1769 3419 1805 3476 ia·
1821 3414 1825 3424 ⁴

105 3511 152 3579 get
168 3508 243 3561 licus
259 3523 374 3560 enarrem
386 3505 544 3575 lacrymam
562 3504 597 3557 ab
614 3503 706 3559 oculis
719 3510 929 3574 sanetoram,et
982 3510 1021 3564 cit
1036 3503 1265 3562 misericordiam
1275 3504 1342 3569 ttae.
1354 3503 1590 3570 u).Sextavirtus
1605 3509 1651 3562 est
1662 3504 1816 3566 munditia

106 3613 185 3651 mors
199 3612 256 3649 non
273 3595 328 3649 crit
343 3593 480 3664 arnplias,
500 3610 592 3663 neque
608 3592 715 3661 luctus,
730 3611 822 3667 necpre
834 3595 926 3663 dolor,
982 3597 1087 3653 cordis.
1097 3595 1138 3649 bd
1155 3593 1230 3648 lianc
1246 3609 1299 3647 nos
1315 3592 1419 3646 invitat
1434 3591 1586 3662 Dominus,
1598 3611 1667 3652 cum
1684 3599 1804 3655 subdit:

105 3683 243 3755 quoniam
261 3683 358 3755 priora
369 3683 469 3736 transit
480 3688 548 3735 runt
559 3682 647 3753 piper.
659 3685 738 3754 vnto
755 3687 808 3738 etc.
821 3687 929 3750 Quarta
982 3689 1060 3744 Beati
1074 3684 1175 3740 carendo
1190 3684 1281 3749 corde,
1297 3682 1427 3752 queniam
1443 3683 1497 3753 ipa·
1509 3683 1594 3738 Deam
1607 3685 1747 3744 videbant.
1759 3690 1806 3745 list

103 3772 196 3827 virtus
212 3776 256 3827 est
271 3769 503 3838 desidorium,ad
516 3771 591 3841 quod
609 3787 661 3825 nos
676 3770 928 3828 inuitatDominus
981 3783 1079 3832 autem
1096 3774 1221 3847 perlecta
1237 3770 1331 3826 cordis
1348 3770 1501 3838 munditia,
1518 3770 1628 3828 nullam
1645 3779 1762 3848 turpem
1778 3778 1805 3832 iu

106 3878 172 3916 cum
189 3860 290 3917 subdit
306 3876 312 3914 :
330 3860 406 3914 uerte
421 3861 469 3930 qai
483 3862 608 3914 coarctant
626 3865 651 3914 ct
666 3862 766 3916 sitiant
776 3863 924 3932 jeata'am,
982 3885 1013 3923 se
1026 3865 1153 3936 recipere
1169 3858 1385 3932 cogitationem.
1402 3859 1458 3914 Sed
1474 3858 1540 3930 qais
1559 3861 1613 3916 hoc
1629 3862 1659 3917 in
1681 3863 1736 3921 hac
1751 3865 1807 3922 vita

104 3953 235 4022 quoniam
250 3951 304 4022 ipsi
318 3949 525 4004 saturabantur.
545 3949 629 4003 l'erro
647 3949 848 4006 universaliter
861 3952 926 4022 jus·
982 3953 1108 4030 poterit?
1123 3950 1238 4006 Nullus.
1255 3947 1386 4004 Velimus
1402 3948 1480 4004 enim
1503 3949 1642 4018 nolimus,
1658 3955 1807 4012 multoties

103 4038 168 4094 titia
183 4043 236 4106 cst,
254 4039 412 4111 unicuique
428 4038 547 4093 reddere
562 4037 639 4109 quod
655 4054 744 4093 suum
760 4044 814 4094 est.
836 4040 927 4095 lusti·
983 4042 1105 4117 turpiter
1131 4039 1296 4112 cogitamus
1319 4041 1348 4091 et
1372 4035 1558 4093 delectamur.
1577 4038 1632 4095 Sed
1648 4040 1674 4096 si
1691 4045 1806 4117 turpem

104 4127 145 4183 tia
159 4145 225 4183 vere
240 4127 368 4183 hominia
382 4131 435 4193 est,
451 4126 507 4182 Dec
532 4127 650 4183 reddere
674 4127 854 4202 religionem,
871 4130 927 4186 sibi
983 4130 1188 4206 cogItationem
1203 4131 1231 4181 ct
1245 4124 1466 4181 delectationem
1481 4126 1512 4181 in
1527 4127 1613 4183 corde
1624 4136 1805 4198 nascentem,

105 4215 292 4283 munditiam,
308 4216 447 4288 proximis
470 4216 665 4285 dilectionem,
683 4219 851 4289 parentibus
876 4218 927 4274 ho·
983 4221 1083 4278 statim
1100 4235 1157 4274 nen
1170 4213 1386 4281 consentiendo,
1401 4214 1591 4283 refrenamus,
1609 4234 1668 4273 nen
1685 4218 1807 4277 ideohie

104 4322 214 4367 norem,
229 4304 296 4360 tiliis
311 4305 532 4378 providentiam,
542 4307 703 4379 majoribus
719 4306 925 4378 obedientiam,
983 4309 1159 4367 munditiam
1176 4304 1308 4361 amittere
1322 4303 1457 4370 dicimur,
1469 4303 1537 4376 quia
1551 4305 1662 4362 scilieet
1677 4325 1732 4365 nos
1749 4314 1807 4365 tur

103 4393 437 4467 subditisdisciplinam,
454 4397 591 4450 omnibus
615 4394 791 4466 equitatem.
808 4396 928 4453 lustitia
982 4402 1057 4474 piter
1072 4397 1199 4469 cegitase
1224 4397 1251 4448 et
1275 4391 1433 4448 delectatos
1457 4393 1547 4450 tuisse
1563 4395 1806 4468 reprehendimus

102 4484 151 4539 Dei
163 4489 208 4539 est
223 4483 382 4555 unicuique
398 4484 560 4540 secundum
577 4484 654 4554 quod
671 4484 776 4540 meruit
794 4486 923 4542 reddere.
941 4500 963 4564 p
980 4495 1008 4549 et
1019 4484 1337 4562 punimus.Pcssumus
1352 4486 1448 4537 autem
1460 4481 1554 4538 dicere
1565 4499 1631 4539 cum
1642 4486 1780 4559 Apostolc
1796 4503 1803 4541 ε

102 4573 211 4628 Neutra
239 4578 337 4629 autem
362 4574 392 4629 in
417 4574 471 4629 hac
495 4574 552 4627 rita
582 4572 756 4645 perficietur,
786 4575 926 4645 quoniam
982 4572 1804 4650 «Siquednololrocagomcnpeccoego,sedquodha·

101 4679 195 4734 neque
211 4662 298 4718 homo
316 4664 419 4735 poterit
435 4664 463 4716 in
483 4663 535 4717 hac
550 4662 610 4716 rita
628 4662 752 4732 perfecte
767 4662 925 4736 unicuique
981 4671 1055 4727 hicat
1071 4667 1101 4720 in
1117 4681 1163 4719 me
1179 4661 1527 4734 peceatnnrtltcm.v11).»
1543 4661 1594 4717 Est
1606 4668 1707 4720 autem
1723 4680 1805 4720 mun.

102 4753 178 4822 quod
209 4771 295 4808 suurn
322 4757 365 4808 est
389 4751 519 4817 reddere,
537 4768 629 4822 neque
655 4752 731 4807 Deus
755 4752 802 4806 hic
826 4754 925 4810 reddet
980 4758 1052 4815 ditia
1067 4752 1162 4811 cordis
1178 4750 1339 4805 secundum
1356 4752 1464 4803 statum
1481 4749 1632 4821 presentis
1647 4750 1806 4822 vitre,nulll

101 4840 229 4911 plenarie
246 4842 403 4913 unicuique
419 4840 496 4911 queo
514 4839 629 4895 nrerait.
647 4841 701 4895 Sed
725 4846 847 4913 utraque
859 4844 923 4914 jus-

101 4928 165 4984 titia
182 4931 436 4985 consummabitur
451 4929 480 4983 in
497 4930 552 4984 alia
568 4930 634 4984 rita.
653 4930 806 5001 Propterea
822 4949 923 4989 conve·

101 5016 214 5071 nientcr
229 5018 287 5073 ait:
306 5021 381 5073 itcrat
399 5021 446 5090 qat
460 5021 585 5074 esuriant
608 5028 632 5073 ct
655 5021 755 5074 sitiunt
773 5020 921 5090 justitiam,

100 5113 242 5176 tanquam
259 5106 369 5161 scilicet
380 5109 525 5175 cibum,et
540 5112 640 5180 potum
652 5108 765 5162 enimse.
778 5109 835 5164 Nos
852 5128 923 5182 qno

100 5209 166 5265 que,
184 5193 287 5247 tratres
303 5196 370 5263 mei,
385 5200 444 5251 tcto
461 5197 604 5253 desiderio
620 5197 784 5253 esuriamus
800 5203 827 5253 et
842 5199 923 5255 sitia-

100 5298 166 5336 mus
177 5281 335 5352 justitiam‚
345 5285 581 5353 subaudi,laeere
596 5291 624 5341 et
639 5285 700 5341 fieri
712 5287 921 5356 desiderantes,

99 5369 210 5426 scilicet
225 5376 258 5425 ut
273 5389 326 5427 nos
342 5374 490 5444 pessimus
514 5377 639 5448 perfecte
661 5375 819 5446 unicuique
845 5378 921 5449 quod

99 5475 186 5514 suurn
202 5462 244 5514 est
260 5460 388 5531 reddere,
402 5468 431 5519 et
448 5468 480 5519 ut
496 5481 513 5519 a
528 5464 585 5520 Deo
601 5465 740 5519 reddatur
763 5465 922 5539 unicuique

94 5548 177 5626 juste
192 5550 354 5609 secundum
378 5552 455 5627 quod
479 5556 616 5623 merctur,
633 5569 668 5610 ae
689 5552 799 5611 scilicet
811 5554 922 5616 diutius

980 4840 1154 4918 turpitudini
1170 4838 1344 4894 consentire.
1361 4837 1414 4900 Oui
1431 4844 1529 4893 autem
1546 4838 1587 4895 sic
1604 4842 1719 4909 mundi,
1736 4858 1805 4914 que·

979 4937 1058 4991 niam
1075 4930 1205 4987 nendum
1221 4927 1340 4981 omnine
1357 4926 1458 4982 mundi
1476 4931 1555 4995 sunt,
1568 4928 1632 4984 ideo
1648 4928 1759 4985 dicitur
1773 4931 1807 4985 dc

978 5025 1014 5079 iis
1031 5041 1037 5077 :
1056 5022 1118 5076 Non
1134 5016 1277 5090 quiajam
1292 5015 1391 5070 vident
1406 5014 1562 5086 Deum,sed
1579 5017 1649 5089 quia
1663 5017 1807 5074 videbunt
1823 5087 1827 5091 q

978 5115 1009 5169 in
1024 5117 1131 5167 aeterna
1144 5107 1213 5172 vita,
1223 5104 1340 5176 quande
1352 5103 1462 5159 scilicet
1477 5104 1550 5159 nihil
1567 5105 1602 5161 de
1615 5108 1718 5161 cetere
1730 5110 1807 5179 pote·

979 5207 1047 5257 runt
1062 5197 1186 5270 turpiter
1201 5194 1338 5266 cogitare.
1348 5193 1406 5247 Nos
1421 5209 1500 5265 ergo,
1519 5194 1621 5250 tratres
1636 5194 1705 5263 mei,
1722 5195 1747 5251 si
1764 5195 1804 5250 ibi

978 5307 1045 5347 eum
1060 5287 1157 5342 videre
1171 5282 1318 5347 velumus,
1334 5280 1381 5335 hie
1401 5297 1526 5354 purgare
1550 5283 1658 5339 mentis
1685 5282 1803 5340 oculum

977 5383 1156 5450 satagamus.
1182 5371 1312 5443 Septima
1336 5370 1431 5426 virtus
1454 5376 1498 5427 est
1516 5388 1581 5444 pax.
1597 5373 1640 5428 Ad
1656 5371 1734 5431 hanc
1750 5384 1809 5429 uos

977 5467 1080 5524 invitat
1095 5480 1162 5519 cum
1174 5459 1274 5516 subdit
1291 5475 1297 5513 :
1314 5461 1396 5515 Beati
1405 5461 1526 5532 pacifici,
1542 5460 1812 5534 qaorridm'filiitiet·

975 5550 1212 5617 coruscaturum
1227 5550 1324 5603 eutem
1341 5563 1400 5623 pax
1410 5547 1548 5624 perlecta,
1569 5548 1813 5630 pertentabat*
