3816 6006
160 249 237 316 llll!
797 246 997 312 albebant
1017 246 1226 312 asnensis.
1791 249 1871 316 ttae

88 388 91 399 ¹
158 381 237 440 libus
253 378 357 454 oeulis,
374 383 424 438 sed
441 382 530 438 ctiam
541 379 633 438 oculis
645 380 986 438 miscricordiaeetcculis
1000 382 1029 448 Α
1042 381 1121 436 venit
1135 381 1163 436 in
1179 381 1259 438 bunc
1281 382 1426 438 mundum
1450 381 1546 438 salvos
1565 383 1658 438 lacere
1682 385 1869 454 peccatores,

158 470 356 546 praescientiae.
368 470 477 527 Multos
492 471 564 528 sorte
583 475 653 527 tune
669 471 777 526 ibidem
789 470 904 526 videbat
919 486 984 525 eor·
1041 486 1167 543 quorum
1184 471 1299 543 primus
1309 489 1361 545 ego
1377 489 1443 527 sum
1456 473 1479 544 (Ι
1492 473 1550 528 Tim
1564 471 1594 543 ι).

158 559 309 634 penalibus
325 559 428 629 oeulis,
446 561 497 616 sed
513 559 603 615 istum
623 560 719 615 solum
735 564 805 614 tune
820 558 860 613 ibi
876 558 984 614 vidisse
1074 559 1214 631 Sequitur
1230 577 1236 615 :
1253 561 1337 616 Eteit
1353 560 1397 616 itti
1410 560 1543 633 :Sequere
1557 577 1608 616 me.
1625 562 1665 616 Ac
1681 558 1706 615 si
1728 560 1841 617 diceret
1858 578 1866 617 ε

153 651 302 718 narratur,
318 653 347 705 et
357 648 449 706 oculis
458 648 674 716 misericordia,
690 648 797 720 quibus
809 648 925 704 Petrum
936 664 985 703 ne.

152 741 282 811 gentem,
300 741 333 793 ut
347 737 506 810 peniteret,
522 737 603 806 vidit,
625 742 653 794 ct
668 738 776 811 quibus
799 736 874 793 filios
890 733 983 792 lsrael

154 824 185 882 in
199 827 319 900 AEgypte
341 825 464 882 alssictos
480 843 510 883 se
531 825 638 882 vidisse
653 826 742 882 dicit:
759 850 773 876 «
794 825 905 881 Videns
925 825 982 880 vidi

156 914 342 972 afflictionem
358 914 458 987 populi
475 915 531 970 mei
560 915 609 987 qui
635 920 680 972 est
694 915 724 970 in
739 918 860 988 AEgypto
886 913 981 986 (deod.

154 1004 210 1077 ut).
226 1025 240 1056 a
256 1003 312 1061 Sed
328 1007 438 1059 etcum
464 1003 551 1060 etiam
575 1004 672 1060 oculis
697 1004 885 1077 praescientia
901 1003 982 1070 vidit,

156 1096 256 1167 utpote
270 1109 357 1166 quem
373 1093 410 1148 ah
434 1097 540 1150 aeterno
567 1094 825 1165 praedestinaverat
850 1110 901 1148 vas
926 1092 982 1149 ele·

155 1181 262 1239 ationis
277 1182 307 1238 el
318 1180 484 1254 apostolum
511 1182 540 1236 in
566 1181 697 1238 Ecclesia
717 1199 771 1237 sua
787 1182 929 1237 futurum.
947 1181 984 1236 Ut

155 1269 226 1345 quid
240 1269 330 1327 vidit?
345 1270 506 1326 hominem.
522 1272 556 1326 Et
572 1271 712 1343 qualem?
727 1270 934 1339 Publicanum,
951 1276 983 1326 ut

154 1358 230 1418 elius
245 1359 421 1434 evangelista
435 1360 576 1415 traditllt
588 1359 636 1415 ubi
654 1377 720 1416 euin
732 1359 823 1415 vidit?
832 1360 863 1434 la
875 1359 982 1416 telonia

1039 646 1152 720 Linque
1167 647 1282 705 lucrum
1300 650 1403 705 mundi
1428 654 1456 705 et
1471 651 1535 721 ejus
1549 649 1754 722 cupiditatem,
1777 653 1807 706 et
1822 666 1867 706 me

1037 753 1170 809 sequere.
1193 738 1319 810 Sequere
1336 755 1382 795 me
1406 755 1535 811 corpore,
1563 755 1685 811 sequere
1702 755 1752 795 me
1769 740 1864 808 eorde,

1038 842 1160 898 sequere
1176 843 1222 882 me
1232 826 1404 883 imitatione.
1418 829 1544 900 Sequere
1560 844 1680 900 corpore
1691 844 1864 885 meamcon·

1037 914 1240 982 versationem,
1258 933 1380 988 sequere
1395 917 1481 973 corde
1496 933 1592 973 meam
1607 916 1804 986 voluntatem,
1821 934 1862 974 se·

1037 1019 1126 1074 quere
1136 1003 1299 1060 imitatione
1310 1022 1406 1061 meam
1418 1006 1518 1062 vitam.
1531 1007 1664 1063 Secundo
1680 1006 1863 1063 demonstrat

1037 1092 1191 1148 Matthaeus
1213 1093 1371 1150 Dominum
1397 1100 1548 1151 vocantem
1575 1111 1605 1151 se
1629 1099 1780 1162 secutum,
1797 1111 1860 1151 cum

1037 1181 1191 1237 subditur:
1204 1183 1236 1237 Εἰ
1249 1200 1374 1254 serpeus,
1385 1192 1491 1240 secretus
1505 1191 1545 1240 est
1558 1201 1629 1240 earm.
1643 1185 1740 1240 Lucas
1749 1183 1861 1256 plenius

1037 1269 1144 1325 dieit:«
1163 1271 1698 1338 Relictisomnibus,secutusesteum
1713 1274 1792 1344 (Lac.
1808 1275 1861 1344 v).-

1036 1360 1274 1430 Inquo,f1·atrcs
1298 1361 1366 1426 mei,
1390 1361 1569 1418 attendenda
1590 1365 1682 1417 estet
1705 1361 1864 1418 vocationis

154 1450 313 1507 sedentem.
330 1450 369 1504 Ae
384 1449 408 1503 si
428 1453 527 1521 aperte
543 1449 638 1505 dieat:
655 1449 734 1503 Vidit
750 1450 870 1522 quidem
887 1448 982 1504 homi·
1038 1449 1151 1525 meini
1169 1450 1244 1505 mira
1258 1450 1398 1519 efficacia,
1411 1456 1440 1506 et
1449 1451 1542 1507 vocati
1557 1448 1639 1507 velox
1648 1450 1864 1508 obedientiallt

155 1554 222 1595 nem
239 1538 289 1595 sed
303 1542 497 1611 peccatorem,
512 1542 541 1594 et
555 1538 583 1593 in
601 1539 750 1611 proposito
766 1539 905 1610 peccandi
917 1556 982 1610 per·
1037 1538 1197 1594 vocationis
1209 1539 1328 1610 quidem
1345 1540 1461 1595 Domini
1473 1539 1688 1596 miraeffieaeia
1703 1540 1733 1594 in
1750 1539 1863 1613 boeap·

155 1632 346 1684 serenantem.
359 1627 549 1682 Publicanum
562 1627 670 1700 qnippe
683 1627 847 1700 diciturqui
858 1627 982 1700 puhlicis
1037 1629 1128 1699 paret,
1140 1627 1279 1699 quoniam
1293 1645 1382 1700 quam
1397 1628 1453 1684 cito
1469 1627 1550 1696 dicit,
1565 1632 1625 1683 tam
1641 1629 1699 1684 cito
1715 1627 1818 1684 efficit.
1833 1628 1863 1684 ln

155 1715 314 1773 sceleribus
330 1716 466 1785 loedatur,
482 1715 526 1771 vel
538 1716 588 1788 qui
606 1715 732 1788 publicis
747 1717 869 1789 negotiis
886 1715 982 1788 irnpli·
998 1752 1022 1818 B
1038 1732 1095 1787 quo
1111 1716 1331 1771 demonstratur
1347 1717 1487 1788 quoniam
1503 1715 1684 1773 sicutdicere
1695 1716 1812 1773 Domini
1823 1721 1864 1773 est

157 1809 249 1875 eatur,
266 1822 330 1879 qua
346 1804 409 1860 sine
426 1805 596 1876 peccatovel
607 1805 653 1860 vix
668 1805 712 1861 vel
724 1805 893 1861 nullatenus
904 1822 983 1860 exer·
1039 1805 1143 1873 lacere,
1156 1806 1242 1876 juxta
1258 1804 1329 1860 illud
1345 1822 1351 1862 :
1370 1829 1380 1855 a
1398 1806 1464 1878 lpse
1479 1804 1552 1861 dixit
1565 1809 1593 1861 et
1609 1805 1863 1878 factasuntffsol.

157 1894 215 1951 ceri
230 1897 365 1968 possunt,
381 1892 478 1965 qualis
493 1897 538 1949 est
552 1893 710 1966 negotiatio
726 1899 755 1950 ct
769 1893 921 1950 telonium.
934 1895 985 1949 Te·
1039 1893 1138 1964 xxxn),
1156 1915 1170 1941 υ
1186 1893 1226 1948 ita
1241 1894 1307 1964 ejus
1327 1910 1429 1949 vocare
1451 1897 1495 1949 est
1512 1892 1635 1949 trahere.
1652 1893 1743 1950 Vocat
1760 1893 1863 1967 quippe

156 1982 201 2041 los
215 1983 293 2040 enim
309 1983 416 2050 Grece,
429 1982 530 2038 Latine
544 1982 649 2038 dieitur
665 1985 788 2052 evectique
806 1983 984 2039 Constatau-
1039 1998 1096 2037 non
1112 1985 1172 2037 tarn
1189 1982 1315 2037 exterius
1331 1998 1421 2053 quam
1437 1981 1574 2037 interius.
1592 1982 1689 2038 l'ocati
1704 1999 1772 2038 vero
1787 1981 1864 2038 velox

156 2071 365 2144 temquoniam
376 2071 488 2144 exigere
499 2071 869 2143 vectigalia,etcxaetiones
879 2073 982 2138 lacere,

156 2178 213 2218 non
230 2166 275 2218 est
290 2161 353 2217 sine
364 2160 496 2216 crimine.

191 2248 684 2323 ViditigiturDominusbominem,
694 2249 852 2322 imaginem
865 2251 983 2322 quidem

158 2337 208 2394 Dei
224 2337 253 2392 in
265 2353 296 2392 se
306 2335 476 2405 habentem,
488 2337 538 2393 sed
550 2355 613 2393 eam
624 2339 750 2410 peccatis
761 2339 983 2407 delormantem,

158 2429 187 2482 et
201 2426 231 2482 in
256 2424 312 2481 hoe
336 2426 486 2497 proposito
512 2427 731 2499 perdurantem.
753 2428 864 2500 ltaque,
881 2429 985 2484 iratres

159 2514 227 2583 mei,
243 2513 416 2587 exprimitur
430 2514 494 2585 ejus
517 2515 645 2582 miseria,
662 2519 694 2571 ut
709 2517 802 2589 major
819 2517 985 2573 miserentis

159 2603 209 2660 Dei
224 2607 364 2676 appareat
389 2604 600 2674 misericordia,
628 2624 691 2677 qua
707 2606 742 2660 de
758 2610 816 2661 tam
834 2605 909 2660 nralo
926 2611 985 2662 tam

161 2697 296 2750 sanetum
325 2692 420 2748 elleeit
446 2697 478 2747 ut
502 2709 570 2748 eum
596 2710 653 2749 non
686 2693 780 2749 solum
807 2693 985 2766 discipulum

162 2799 261 2853 suum,
281 2781 331 2838 sed
348 2780 436 2836 etiam
453 2781 618 2854 apostolum
634 2782 828 2849 constituerit,
844 2787 872 2838 et
887 2783 910 2839 ei
928 2800 985 2838 non

161 2868 257 2927 solum
273 2869 459 2942 predicandi,
476 2871 621 2926 sedetiam
638 2871 783 2927 scribendi
798 2871 985 2944 Dvangelium

161 2959 364 3016 auctoritatem
376 2960 526 3032 preberet,
541 2964 572 3015 ut
583 2960 797 3016 communicato
808 2977 875 3016 eum
888 2977 987 3034 super-

1039 2069 1204 2125 obcdientia
1219 2069 1248 2125 in
1266 2070 1319 2125 boc
1342 2071 1573 2137 demonstratur,
1590 2069 1731 2143 quoniam
1746 2075 1862 2128 vocatus

1039 2176 1097 2214 non
1113 2159 1265 2226 dubitavit,
1283 2177 1340 2215 non
1353 2165 1484 2216 moratus
1496 2164 1551 2227 est,
1568 2177 1624 2215 non
1636 2159 1768 2216 rationes
1782 2160 1863 2216 veeti-

1039 2244 1148 2318 galium
1165 2246 1300 2313 reddidit,
1331 2247 1382 2303 sed
1405 2246 1534 2318 periculo
1562 2247 1733 2320 principum
1759 2252 1862 2321 spreto,

1040 2350 1128 2407 quam
1145 2335 1202 2389 cilo
1218 2336 1253 2390 ad
1270 2352 1360 2391 unam
1386 2335 1479 2391 solam
1493 2335 1685 2404 vocationem,
1710 2336 1863 2393 Dominum

1040 2427 1101 2479 tam
1116 2424 1241 2480 exterius
1265 2442 1354 2497 quam
1380 2424 1503 2480 interius
1531 2429 1649 2480 secutus
1672 2429 1727 2481 est.
1744 2426 1781 2481 st
1800 2425 1864 2498 quid

1041 2512 1145 2569 adhoc
1169 2515 1343 2585 respondere
1366 2514 1540 2587 poterimus,
1565 2514 1669 2571 fratres
1694 2514 1772 2572 meit
1795 2515 1864 2572 Mal·

1042 2602 1135 2656 thaeus
1160 2605 1300 2659 Dominus
1317 2603 1413 2660 adhue
1438 2602 1591 2659 mortalem
1607 2604 1642 2660 ed
1661 2621 1753 2660 unam
1775 2604 1862 2661 solam

1040 2691 1220 2747 vocationem
1237 2695 1355 2747 secutus
1370 2696 1425 2760 est,
1443 2695 1471 2748 et
1486 2709 1539 2747 noa
1556 2708 1623 2748 eum
1635 2693 1700 2764 jam
1716 2693 1862 2751 immorta-

1041 2780 1109 2848 lem,
1126 2780 1154 2834 in
1171 2781 1309 2835 omnibus
1320 2781 1447 2850 divitem,
1458 2780 1489 2837 in
1501 2779 1641 2837 eoeloetin
1655 2786 1863 2856 terraregnan·

1040 2873 1111 2936 tem,
1128 2874 1156 2924 et
1178 2868 1287 2924 multas
1309 2871 1492 2937 vocationes,
1518 2875 1547 2926 et
1562 2869 1658 2926 minas
1685 2875 1715 2927 et
1729 2876 1861 2940 terrores,

1041 2957 1155 3031 flagella
1168 2963 1197 3013 et
1209 2958 1419 3030 promissiones
1434 2958 1517 3031 sequi
1533 2959 1761 3015 contemnimus.
1773 2960 1862 3017 Unde.

162 3049 208 3105 nis
224 3048 377 3122 spiritibus
389 3048 539 3117 vocabulo,
552 3048 730 3122 evangelista
744 3050 945 3106 nominaretur
959 3055 988 3106 et
1040 3048 1144 3103 fratres
1160 3048 1228 3113 mei,
1253 3047 1379 3103 multum
1405 3047 1561 3104 formidare
1576 3047 1718 3105 dehemus
1735 3066 1771 3105 ne
1790 3050 1863 3107 Deus

160 3142 247 3195 esset.
264 3138 345 3204 Quod
359 3137 542 3211 omnipotens
558 3144 586 3194 et
600 3138 667 3210 pius
683 3137 823 3195 Dominus
838 3138 929 3195 voluit
944 3140 985 3195 la·
1001 3122 1023 3189 C
1043 3136 1127 3192 nobis
1142 3136 1244 3204 iratus,
1273 3136 1455 3210 exigentibus
1474 3137 1586 3192 meritis
1602 3137 1721 3206 nostris,
1737 3155 1793 3195 nos
1809 3156 1862 3196 nou

161 3242 225 3282 cere
238 3225 345 3298 triplici
360 3226 482 3282 ratione.
496 3227 637 3293 Primum,
650 3232 680 3282 nt
696 3227 912 3300 omnipotentiae
928 3245 986 3284 suaa
1038 3228 1101 3298 jam
1115 3226 1244 3282 exterius
1267 3225 1448 3298 interiusque
1463 3230 1544 3282 vocet
1556 3231 1600 3281 ‘ut
1616 3226 1801 3299 Matthaeum,
1815 3228 1863 3284 sed

160 3315 296 3372 ellectum
312 3313 396 3371 nohis
412 3315 635 3383 demonstraret,
653 3334 711 3388 equa
726 3321 987 3389 quantumcunque
1041 3314 1167 3370 exterius
1182 3319 1295 3370 tantum
1312 3316 1347 3370 ad
1364 3314 1521 3370 tollendam
1539 3314 1622 3370 nobis
1637 3316 1863 3373 exeusationem.

162 3402 441 3475 sceleratum,quam
453 3403 509 3459 eitc
524 3402 758 3474 vult,justificaro
769 3406 985 3477 potcstSeeun·
1042 3403 1123 3459 Unde
1137 3403 1241 3476 ipsein
1257 3403 1424 3477 Evangelio:
1442 3427 1457 3454 «
1473 3403 1503 3459 Si
1520 3420 1578 3459 non
1588 3404 1746 3473 venissem,
1757 3405 1861 3474 inquit,

161 3490 208 3558 do,
222 3494 254 3545 ut
268 3490 496 3546 immensitatem
511 3492 715 3548 misericordiae
726 3511 785 3548 sure
798 3493 882 3549 nobis
896 3494 987 3566 aperi-

160 3582 306 3650 ret,quam
321 3578 401 3634 nulla
414 3579 557 3635 scelerum
570 3581 984 3654 ignominiasuperarepotest.

159 3667 307 3738 Tertio,ut
319 3668 408 3723 veniae
424 3685 505 3741 spem
517 3670 654 3725 omnibus
666 3675 925 3743 quantumcunque
934 3673 986 3726 cri-

160 3753 284 3813 minosis
299 3757 449 3829 preberet.
466 3757 540 3812 Audi
556 3762 665 3825 tamen,
678 3764 827 3831 peceator;
845 3778 903 3816 non
918 3778 984 3832 pro·

160 3844 279 3919 ponitur
289 3844 341 3901 tibi
355 3844 508 3901 Mattheus
519 3845 679 3903 telonarius
698 3848 727 3902 in
745 3848 909 3920 exemplum
921 3867 985 3922 pce-

157 3933 254 4003 candi,
271 3934 321 3990 aed
346 3934 375 3989 in
402 3933 568 4006 exenrplum
589 3936 754 4008 penitendi.
779 3939 850 3993 Cave
867 3954 901 3993 ne
917 3955 984 4010 pee-

1041 3496 1069 3548 et
1084 3492 1200 3549 locutus
1211 3492 1253 3549 eis
1268 3510 1326 3548 non
1338 3492 1469 3560 fuissem,
1482 3497 1633 3564 peccatum
1645 3510 1703 3550 non
1713 3493 1861 3551 haberent.

1040 3582 1123 3638 Nunc
1138 3586 1234 3638 autem
1258 3582 1472 3638 exeusationem
1489 3599 1546 3638 non
1567 3581 1677 3638 babent
1690 3584 1727 3638 de
1748 3588 1861 3655 peceato

1040 3688 1093 3727 suo
1106 3672 1199 3743 (June.
1215 3672 1273 3741 xv.)
1290 3693 1303 3721 u
1329 3672 1364 3726 Et
1377 3671 1463 3727 alibi:
1486 3695 1499 3721 a
1514 3670 1640 3727 clamavi
1665 3676 1694 3727 et
1715 3673 1860 3739 renuistis,

1040 3776 1092 3833 ego
1117 3777 1184 3815 vero
1213 3758 1241 3814 in
1272 3759 1392 3815 interitu
1421 3763 1518 3815 vestro
1545 3758 1646 3814 ridebo
1671 3760 1764 3830 (Pron.
1789 3761 1820 3833 ι).
1845 3783 1859 3811 a

1040 3849 1127 3904 Porro
1151 3848 1180 3904 in
1204 3849 1257 3904 hoc
1282 3848 1359 3920 quod
1376 3848 1423 3903 bic
1447 3847 1690 3920 dieitur,surqeus,
1714 3857 1742 3904 et
1764 3850 1862 3906 relictis

1039 3939 1173 4005 emeritas,
1183 3947 1290 3993 secutus
1300 3946 1339 3992 est
1348 3953 1421 4008 eram,
1434 3937 1561 4010 perlecta
1573 3941 1601 3991 et
1612 3936 1709 3992 omnis
1721 3938 1861 3994 abrenun-

158 4038 216 4079 ces
228 4023 258 4079 Si
272 4027 371 4079 tamen
385 4023 560 4095 peccaveris
572 4041 630 4079 nou
639 4026 785 4098 desperes,
799 4027 937 4098 quoniam
947 4029 983 4084 ad
1038 4025 1862 4084 tiatiodemonstratur.Suntenimtresabrenuntiationes.

158 4111 325 4184 exemplum
354 4111 494 4181 Matthaei,
528 4130 579 4184 per
603 4115 804 4185 poenitentium
832 4133 983 4190 resurgere
1038 4113 1863 4195 PrimaestabrenuntiarevitiisetcupiditatibusSeeun·¹

157 4204 252 4275 potes,
279 4202 303 4256 si
329 4204 480 4274 peecatum
503 4206 586 4257 tuum
613 4205 804 4260 accusaveris.
829 4205 983 4261 Mattheus
1038 4202 1862 4276 dacstrenuntiareipsisrcbus.Tertiaestahrenuntiare

160 4289 240 4346 enim
256 4306 314 4346 non
330 4307 360 4346 se
376 4294 506 4356 excusat,
524 4291 574 4346 sed
597 4292 694 4363 potius
710 4298 828 4348 accusat
843 4295 878 4349 de
893 4295 982 4350 veteri
1037 4290 1177 4346 voluntati
1203 4289 1336 4362 proprior.
1360 4291 1488 4346 Primam
1515 4290 1804 4349 abrenuntiationem
1819 4291 1861 4348 in·

156 4382 288 4453 peceato,
316 4396 383 4435 curn
413 4378 492 4446 dicit,
518 4380 651 4435 serietatem
674 4383 828 4450 catelo-nie,
852 4387 880 4438 et
910 4383 981 4438 durn
1037 4379 1178 4451 telligitur
1202 4379 1305 4435 secisse
1330 4378 1481 4451 apostolus
1503 4396 1569 4434 cum
1595 4378 1711 4447 dicitur,
1736 4397 1859 4451 seram,

157 4466 335 4523 nominatae
351 4467 469 4523 nomine
478 4468 572 4540 magis
584 4472 661 4537 noto,
675 4469 842 4525 Mattbaeum
853 4471 979 4527 nomine.
997 4493 1020 4558 D
1036 4469 1161 4524 subaudi
1178 4486 1194 4523 a
1217 4468 1296 4523 vitiis
1318 4472 1346 4523 et
1361 4468 1574 4541 cupiditatibus
1598 4467 1670 4523 suis.
1697 4467 1860 4524 Secundam

155 4554 211 4611 Alii
232 4573 298 4612 vero
324 4554 507 4628 evangelista
533 4556 643 4624 dieunt,
670 4559 788 4613 nomine
812 4559 887 4615 Levi.
913 4561 981 4616 Erat
1035 4555 1209 4628 intellipitur
1226 4556 1424 4612 lecisseetiam
1441 4574 1508 4612 curu
1524 4556 1640 4627 dicitur,
1655 4557 1761 4613 relictis
1775 4557 1859 4615 omel-

155 4645 233 4703 enim
245 4645 403 4702 binomius.
417 4645 473 4701 Sed
486 4643 534 4700 alii
546 4645 728 4718 evangelistae
739 4648 981 4721 coevangelistam
1037 4647 1096 4701 hus.
1113 4645 1254 4711 Tertiam,
1271 4662 1338 4700 eum
1351 4644 1551 4718 subjungitur,
1568 4653 1675 4701 secutus
1689 4653 1729 4701 est
1745 4662 1818 4713 eam,
1833 4643 1859 4701 id

155 4751 244 4790 suum
261 4733 359 4792 minus
375 4736 443 4790 noto
454 4733 594 4789 vocabulo
606 4735 756 4791 nominare
771 4735 934 4808 voluerunt,
946 4755 982 4793 ne
1036 4740 1080 4791 est
1095 4734 1273 4790 voluntatem
1289 4736 1363 4805 ejus,
1376 4751 1434 4790 non
1451 4751 1545 4789 suem.
1563 4733 1691 4789 Perfecta
1702 4734 1861 4807 igituroru·

154 4840 222 4879 eum
237 4824 272 4879 de
287 4824 375 4880 veteri
391 4823 608 4880 conversatione
621 4829 721 4879 notare
732 4825 981 4899 viderentur.lpse

153 4927 220 4967 vero
227 4912 311 4982 juxta
320 4913 398 4986 quod
412 4912 555 4984 scriptum
567 4915 624 4967 est:
638 4936 652 4961 «
662 4912 677 4967 J
681 4916 765 4968 ustus
776 4913 854 4985 prior
865 4931 982 4970 accusa·

153 5002 256 5054 torcat
270 5001 315 5055 sui
329 5002 418 5072 (Pron.
434 5002 524 5072 xvm),
554 5024 567 5048 a
585 5000 714 5072 seipsum
740 5001 833 5074 magis
849 5006 916 5058 noto
930 5021 979 5059 vo-

155 5086 259 5142 cabulo
274 5093 366 5144 vocat.
383 5091 414 5145 ln
440 5089 571 5163 catalogo
593 5108 708 5162 quoquc
734 5091 932 5163 apostolorum
950 5111 980 5149 se

154 5172 346 5245 publicanum
372 5182 455 5232 vocat
480 5178 599 5232 dicens:
628 5178 756 5234 Thomas
776 5184 804 5234 et
826 5180 979 5237 Matthaeus

153 5261 338 5335 publicanus.
354 5287 367 5313 »
385 5265 416 5319 ln
432 5282 490 5337 quo
502 5267 595 5333 nobis,
609 5266 713 5323 fratres
729 5269 796 5335 mei,
814 5269 978 5342 exenrplum

153 5351 335 5424 proponitur,
353 5357 497 5425 quatenus
512 5359 631 5426 peecata
647 5356 848 5427 proximorum
864 5362 977 5414 nostro·

153 5455 219 5495 rum
236 5439 385 5498 discamus
400 5447 563 5499 reverenter
578 5448 685 5516 tegere,
701 5446 818 5518 propria
840 5464 906 5503 vero
922 5449 976 5503 bu-

153 5527 262 5611 militer
275 5530 416 5590 confiteri.
429 5531 511 5590 Unde
520 5535 549 5593 et
563 5531 707 5589 Paulue:«
722 5533 865 5607 Christus,
880 5537 977 5612 inquit

1036 4823 1124 4879 nibus
1144 4823 1368 4889 abrenuntiavit,
1386 4823 1435 4895 qui
1451 4822 1529 4878 vitiis
1552 4822 1625 4888 suis,
1642 4822 1731 4878 rebus
1747 4825 1820 4889 suia,
1835 4825 1862 4880 at

1036 4913 1123 4968 etiam
1141 4912 1283 4969 voluntati
1307 4929 1365 4968 suae
1381 4911 1606 4967 abrenuntiavit.
1623 4911 1658 4965 Et
1673 4928 1739 4978 nos,
1759 4913 1860 4969 iratres

1035 5002 1101 5070 mei,
1120 5001 1144 5057 si
1161 5019 1218 5057 nou
1234 5018 1394 5074 possumus
1414 5001 1501 5056 rebus
1517 4999 1626 5056 nostris
1643 4999 1859 5068 abrenuntiare,

1035 5091 1138 5147 saltem
1155 5089 1395 5147 abrenuntiemus
1412 5090 1490 5146 vitiis
1506 5094 1533 5145 et
1548 5088 1798 5161 concupiscentiis
1812 5105 1861 5145 no·

1035 5179 1410 5250 stris.Sinonpossun1us
1436 5176 1601 5250 relinquere
1626 5177 1735 5244 omnia,
1758 5178 1859 5234 saltem

1034 5270 1236 5341 relinquamus
1244 5268 1401 5339 superllua.
1410 5266 1525 5323 Victum
1537 5266 1614 5321 enim
1626 5271 1655 5322 et
1663 5265 1804 5322 vestitum
1814 5265 1860 5322 ha·

1033 5360 1143 5424 heatae,
1160 5357 1206 5414 bis
1227 5356 1354 5412 contenti
1380 5356 1473 5412 simus
1490 5358 1514 5430 (l
1546 5358 1612 5414 Tim.
1640 5356 1691 5428 vu),
1713 5360 1748 5412 ut
1768 5357 1859 5413 simus

1031 5447 1172 5503 habentes
1195 5450 1337 5516 tanquam
1362 5462 1420 5501 non
1443 5445 1595 5512 hahentes,
1612 5448 1641 5500 et
1664 5447 1784 5504 utentes
1807 5444 1859 5502 hoc

1030 5537 1151 5607 mundo,
1167 5540 1309 5608 tanquam
1324 5551 1382 5593 uon
1400 5538 1517 5594 utentes
1532 5536 1559 5612 (1
1573 5534 1635 5594 Cor.
1647 5535 1711 5609 vu).
