<?xml version="1.0" encoding="UTF-8"?>
<!DOCTYPE html PUBLIC "-//W3C//DTD XHTML 1.0 Transitional//EN"
    "http://www.w3.org/TR/xhtml1/DTD/xhtml1-transitional.dtd">
<html xmlns="http://www.w3.org/1999/xhtml" xml:lang="en" lang="en">
 <head>
  <title>
</title>
<meta http-equiv="Content-Type" content="text/html;charset=utf-8" />
  <meta name='ocr-system' content='tesseract 3.04.00' />
  <meta name='ocr-capabilities' content='ocr_page ocr_carea ocr_par ocr_line ocrx_word'/>
</head>
<body>
  <div class='ocr_page' id='page_1' title='image "./patrologiaecurs93unkngoog_0507.png"; bbox 0 0 3816 6006; ppageno 0'>
   <div class='ocr_carea' id='block_1_1' title="bbox 94 254 180 320">
    <p class='ocr_par' dir='ltr' id='par_1_1' title="bbox 94 254 180 320">
     <span class='ocr_line' id='line_1_1' title="bbox 94 254 180 320; baseline -0.023 0"><span class='ocrx_word' id='word_1_1' title='bbox 94 254 180 320; x_wconf 60' lang='lat' dir='ltr'><strong>lm!</strong></span> 
     </span>
    </p>
   </div>
   <div class='ocr_carea' id='block_1_2' title="bbox 353 244 1531 318">
    <p class='ocr_par' dir='ltr' id='par_1_2' title="bbox 353 244 1531 318">
     <span class='ocr_line' id='line_1_2' title="bbox 353 244 1531 318; baseline -0.008 0"><span class='ocrx_word' id='word_1_2' title='bbox 353 253 406 318; x_wconf 78' lang='lat' dir='ltr'><strong>Aa</strong></span> <span class='ocrx_word' id='word_1_3' title='bbox 427 248 682 318; x_wconf 72' lang='lat' dir='ltr'><strong>adharamita</strong></span> <span class='ocrx_word' id='word_1_4' title='bbox 703 248 873 312; x_wconf 76' lang='lat' dir='ltr'><strong>APPDND.</strong></span> <span class='ocrx_word' id='word_1_5' title='bbox 896 247 984 308; x_wconf 88' lang='lat' dir='ltr'><strong>ll.-</strong></span> <span class='ocrx_word' id='word_1_6' title='bbox 998 244 1153 313; x_wconf 85' lang='lat' dir='ltr'><strong>MDNUM.</strong></span> <span class='ocrx_word' id='word_1_7' title='bbox 1175 249 1227 312; x_wconf 87' lang='lat' dir='ltr'><strong>DD</strong></span> <span class='ocrx_word' id='word_1_8' title='bbox 1248 246 1374 313; x_wconf 83' lang='lat' dir='ltr'><strong>BDLLO</strong></span> <span class='ocrx_word' id='word_1_9' title='bbox 1394 244 1531 312; x_wconf 64' lang='lat' dir='ltr'>SAGRO.</span> 
     </span>
    </p>
   </div>
   <div class='ocr_carea' id='block_1_3' title="bbox 1716 242 1794 310">
    <p class='ocr_par' dir='ltr' id='par_1_3' title="bbox 1716 242 1794 310">
     <span class='ocr_line' id='line_1_3' title="bbox 1716 242 1794 310; baseline -0.026 0"><span class='ocrx_word' id='word_1_10' title='bbox 1716 242 1794 310; x_wconf 78' lang='lat' dir='ltr'><strong>tata</strong></span> 
     </span>
    </p>
   </div>
   <div class='ocr_carea' id='block_1_4' title="bbox 92 379 1794 459">
    <p class='ocr_par' dir='ltr' id='par_1_4' title="bbox 92 379 1794 459">
     <span class='ocr_line' id='line_1_4' title="bbox 92 379 1794 459; baseline -0.006 -10"><span class='ocrx_word' id='word_1_11' title='bbox 92 389 348 459; x_wconf 75' lang='lat' dir='ltr'><strong>tiaabsoluturus,</strong></span> <span class='ocrx_word' id='word_1_12' title='bbox 365 389 395 444; x_wconf 90' lang='lat' dir='ltr'><strong>in</strong></span> <span class='ocrx_word' id='word_1_13' title='bbox 410 388 529 446; x_wconf 90' lang='lat' dir='ltr'><strong>nomine</strong></span> <span class='ocrx_word' id='word_1_14' title='bbox 542 387 669 453; x_wconf 86' lang='lat' dir='ltr'>Domini,</span> <span class='ocrx_word' id='word_1_15' title='bbox 693 389 723 442; x_wconf 92' lang='lat' dir='ltr'><strong>et</strong></span> <span class='ocrx_word' id='word_1_16' title='bbox 742 384 773 441; x_wconf 93' lang='lat' dir='ltr'><strong>in</strong></span> <span class='ocrx_word' id='word_1_17' title='bbox 796 383 914 439; x_wconf 88' lang='lat' dir='ltr'><strong>nomine</strong></span> <span class='ocrx_word' id='word_1_18' title='bbox 928 380 957 449; x_wconf 71' lang='grc' dir='ltr'><strong>Α</strong></span> <span class='ocrx_word' id='word_1_19' title='bbox 970 382 1038 439; x_wconf 91' lang='lat' dir='ltr'><strong>hinc</strong></span> <span class='ocrx_word' id='word_1_20' title='bbox 1053 388 1081 440; x_wconf 90' lang='lat' dir='ltr'><strong>et</strong></span> <span class='ocrx_word' id='word_1_21' title='bbox 1096 384 1162 440; x_wconf 89' lang='lat' dir='ltr'><strong>inde</strong></span> <span class='ocrx_word' id='word_1_22' title='bbox 1178 385 1213 440; x_wconf 90' lang='lat' dir='ltr'><strong>de</strong></span> <span class='ocrx_word' id='word_1_23' title='bbox 1228 384 1346 459; x_wconf 76' lang='lat' dir='ltr'><strong>aciebus</strong></span> <span class='ocrx_word' id='word_1_24' title='bbox 1361 384 1397 439; x_wconf 92' lang='lat' dir='ltr'><strong>ad</strong></span> <span class='ocrx_word' id='word_1_25' title='bbox 1414 383 1500 450; x_wconf 85' lang='lat' dir='ltr'><strong>acies,</strong></span> <span class='ocrx_word' id='word_1_26' title='bbox 1516 380 1712 438; x_wconf 87' lang='lat' dir='ltr'><strong>volatilestam</strong></span> <span class='ocrx_word' id='word_1_27' title='bbox 1723 379 1794 439; x_wconf 86' lang='lat' dir='ltr'><strong>telo-</strong></span> 
     </span>
    </p>
   </div>
   <div class='ocr_carea' id='block_1_5' title="bbox 22 472 921 1711">
    <p class='ocr_par' dir='ltr' id='par_1_5' title="bbox 93 472 918 1069">
     <span class='ocr_line' id='line_1_5' title="bbox 93 472 916 553; baseline -0.012 -16"><span class='ocrx_word' id='word_1_28' title='bbox 93 479 358 553; x_wconf 66' lang='lat' dir='ltr'><strong>verae&#39;poenitentiae</strong></span> <span class='ocrx_word' id='word_1_29' title='bbox 375 477 505 552; x_wconf 83' lang='lat' dir='ltr'><strong>precipit</strong></span> <span class='ocrx_word' id='word_1_30' title='bbox 520 476 629 533; x_wconf 92' lang='lat' dir='ltr'><strong>bellum</strong></span> <span class='ocrx_word' id='word_1_31' title='bbox 644 491 771 548; x_wconf 74' lang='lat' dir='ltr'><strong>presens</strong></span> <span class='ocrx_word' id='word_1_32' title='bbox 786 472 916 546; x_wconf 81' lang='lat' dir='ltr'>aggredi,</span> 
     </span>
     <span class='ocr_line' id='line_1_6' title="bbox 94 561 917 644; baseline -0.015 -17"><span class='ocrx_word' id='word_1_33' title='bbox 94 574 124 627; x_wconf 90' lang='lat' dir='ltr'><strong>et</strong></span> <span class='ocrx_word' id='word_1_34' title='bbox 138 574 224 644; x_wconf 79' lang='lat' dir='ltr'><strong>agere</strong></span> <span class='ocrx_word' id='word_1_35' title='bbox 238 565 283 624; x_wconf 83' lang='lat' dir='ltr'><strong>vel</strong></span> <span class='ocrx_word' id='word_1_36' title='bbox 298 569 427 640; x_wconf 87' lang='lat' dir='ltr'><strong>recipere</strong></span> <span class='ocrx_word' id='word_1_37' title='bbox 442 567 520 639; x_wconf 91' lang='lat' dir='ltr'><strong>quod</strong></span> <span class='ocrx_word' id='word_1_38' title='bbox 536 566 638 621; x_wconf 79' lang='lat' dir='ltr'><strong>divinae</strong></span> <span class='ocrx_word' id='word_1_39' title='bbox 654 563 800 636; x_wconf 87' lang='lat' dir='ltr'><strong>majestati</strong></span> <span class='ocrx_word' id='word_1_40' title='bbox 821 561 917 634; x_wconf 88' lang='lat' dir='ltr'><strong>placo-</strong></span> 
     </span>
     <span class='ocr_line' id='line_1_7' title="bbox 94 651 916 727; baseline -0.012 -12"><span class='ocrx_word' id='word_1_41' title='bbox 94 663 148 727; x_wconf 87' lang='lat' dir='ltr'><strong>ret,</strong></span> <span class='ocrx_word' id='word_1_42' title='bbox 166 657 241 714; x_wconf 89' lang='lat' dir='ltr'><strong>mori</strong></span> <span class='ocrx_word' id='word_1_43' title='bbox 253 656 298 713; x_wconf 90' lang='lat' dir='ltr'><strong>vel</strong></span> <span class='ocrx_word' id='word_1_44' title='bbox 312 657 421 712; x_wconf 90' lang='lat' dir='ltr'><strong>videre.</strong></span> <span class='ocrx_word' id='word_1_45' title='bbox 438 657 533 712; x_wconf 69' lang='lat' dir='ltr'><strong>Lectus</strong></span> <span class='ocrx_word' id='word_1_46' title='bbox 555 655 654 727; x_wconf 85' lang='lat' dir='ltr'><strong>itaque</strong></span> <span class='ocrx_word' id='word_1_47' title='bbox 678 658 706 709; x_wconf 91' lang='lat' dir='ltr'><strong>et</strong></span> <span class='ocrx_word' id='word_1_48' title='bbox 727 651 916 715; x_wconf 86' lang='lat' dir='ltr'><strong>exhilaratus,</strong></span> 
     </span>
     <span class='ocr_line' id='line_1_8' title="bbox 96 741 918 818; baseline -0.01 -15"><span class='ocrx_word' id='word_1_49' title='bbox 96 746 238 804; x_wconf 88' lang='lat' dir='ltr'><strong>manibus</strong></span> <span class='ocrx_word' id='word_1_50' title='bbox 250 745 410 802; x_wconf 89' lang='lat' dir='ltr'><strong>sacerdotis</strong></span> <span class='ocrx_word' id='word_1_51' title='bbox 425 746 543 818; x_wconf 89' lang='lat' dir='ltr'><strong>signum</strong></span> <span class='ocrx_word' id='word_1_52' title='bbox 557 742 726 799; x_wconf 82' lang='lat' dir='ltr'><strong>Dominiuiae</strong></span> <span class='ocrx_word' id='word_1_53' title='bbox 741 741 836 797; x_wconf 88' lang='lat' dir='ltr'><strong>crucis</strong></span> <span class='ocrx_word' id='word_1_54' title='bbox 852 745 918 795; x_wconf 89' lang='lat' dir='ltr'><strong>unte</strong></span> 
     </span>
     <span class='ocr_line' id='line_1_9' title="bbox 95 831 917 910; baseline -0.012 -15"><span class='ocrx_word' id='word_1_55' title='bbox 95 834 203 910; x_wconf 78' lang='lat' dir='ltr'><strong>segari</strong></span> <span class='ocrx_word' id='word_1_56' title='bbox 217 834 357 909; x_wconf 88' lang='lat' dir='ltr'><strong>postulat,</strong></span> <span class='ocrx_word' id='word_1_57' title='bbox 374 840 407 890; x_wconf 93' lang='lat' dir='ltr'><strong>ut</strong></span> <span class='ocrx_word' id='word_1_58' title='bbox 430 833 456 890; x_wconf 89' lang='lat' dir='ltr'><strong>ei</strong></span> <span class='ocrx_word' id='word_1_59' title='bbox 471 832 625 906; x_wconf 89' lang='lat' dir='ltr'><strong>supplicet.</strong></span> <span class='ocrx_word' id='word_1_60' title='bbox 652 831 755 904; x_wconf 77' lang='lat' dir='ltr'><strong>Fitque</strong></span> <span class='ocrx_word' id='word_1_61' title='bbox 779 846 830 903; x_wconf 91' lang='lat' dir='ltr'><strong>pro</strong></span> <span class='ocrx_word' id='word_1_62' title='bbox 852 833 917 886; x_wconf 88' lang='lat' dir='ltr'><strong>veto</strong></span> 
     </span>
     <span class='ocr_line' id='line_1_10' title="bbox 94 924 184 982; baseline -0.011 0"><span class='ocrx_word' id='word_1_63' title='bbox 94 924 184 982; x_wconf 91' lang='lat' dir='ltr'><strong>illico.</strong></span> 
     </span>
     <span class='ocr_line' id='line_1_11' title="bbox 407 1011 602 1069; baseline 0 -2"><span class='ocrx_word' id='word_1_64' title='bbox 407 1011 522 1069; x_wconf 79' lang='lat' dir='ltr'>CAPUT</span> <span class='ocrx_word' id='word_1_65' title='bbox 541 1011 602 1067; x_wconf 82' lang='lat' dir='ltr'><strong>Vll.</strong></span> 
     </span>
    </p>

    <p class='ocr_par' dir='ltr' id='par_1_6' title="bbox 22 1098 921 1711">
     <span class='ocr_line' id='line_1_12' title="bbox 22 1098 919 1173; baseline -0.01 -11"><span class='ocrx_word' id='word_1_66' title='bbox 22 1162 24 1171; x_wconf 80' lang='grc'>,</span> <span class='ocrx_word' id='word_1_67' title='bbox 97 1103 217 1161; x_wconf 81' lang='lat' dir='ltr'><strong>Interim</strong></span> <span class='ocrx_word' id='word_1_68' title='bbox 231 1098 456 1158; x_wconf 84' lang='lat' dir='ltr'><strong>Albericusvice</strong></span> <span class='ocrx_word' id='word_1_69' title='bbox 472 1101 594 1173; x_wconf 73' lang='lat' dir='ltr'><strong>dapifer,</strong></span> <span class='ocrx_word' id='word_1_70' title='bbox 620 1117 678 1156; x_wconf 90' lang='lat' dir='ltr'><strong>non</strong></span> <span class='ocrx_word' id='word_1_71' title='bbox 701 1116 781 1155; x_wconf 91' lang='lat' dir='ltr'><strong>more</strong></span> <span class='ocrx_word' id='word_1_72' title='bbox 805 1098 919 1172; x_wconf 84' lang='lat' dir='ltr'><strong>tugien-</strong></span> 
     </span>
     <span class='ocr_line' id='line_1_13' title="bbox 95 1187 918 1263; baseline -0.007 -14"><span class='ocrx_word' id='word_1_73' title='bbox 95 1192 145 1260; x_wconf 86' lang='lat' dir='ltr'><strong>tis,</strong></span> <span class='ocrx_word' id='word_1_74' title='bbox 171 1191 222 1247; x_wconf 92' lang='lat' dir='ltr'><strong>sed</strong></span> <span class='ocrx_word' id='word_1_75' title='bbox 246 1189 416 1263; x_wconf 91' lang='lat' dir='ltr'><strong>impetentis</strong></span> <span class='ocrx_word' id='word_1_76' title='bbox 440 1189 552 1257; x_wconf 91' lang='lat' dir='ltr'><strong>militis,</strong></span> <span class='ocrx_word' id='word_1_77' title='bbox 579 1205 738 1262; x_wconf 88' lang='lat' dir='ltr'><strong>percussus</strong></span> <span class='ocrx_word' id='word_1_78' title='bbox 763 1188 865 1244; x_wconf 89' lang='lat' dir='ltr'><strong>lancea</strong></span> <span class='ocrx_word' id='word_1_79' title='bbox 888 1187 918 1243; x_wconf 91' lang='lat' dir='ltr'><strong>in</strong></span> 
     </span>
     <span class='ocr_line' id='line_1_14' title="bbox 96 1277 920 1352; baseline -0.008 -13"><span class='ocrx_word' id='word_1_80' title='bbox 96 1280 199 1339; x_wconf 74' lang='lat' dir='ltr'><strong>taciem</strong></span> <span class='ocrx_word' id='word_1_81' title='bbox 216 1284 246 1336; x_wconf 86' lang='lat' dir='ltr'><strong>et</strong></span> <span class='ocrx_word' id='word_1_82' title='bbox 259 1279 365 1336; x_wconf 83' lang='lat' dir='ltr'><strong>affixus</strong></span> <span class='ocrx_word' id='word_1_83' title='bbox 380 1278 486 1352; x_wconf 81' lang='lat' dir='ltr'><strong>sagitta</strong></span> <span class='ocrx_word' id='word_1_84' title='bbox 507 1279 597 1334; x_wconf 81' lang='lat' dir='ltr'><strong>terme</strong></span> <span class='ocrx_word' id='word_1_85' title='bbox 619 1278 654 1333; x_wconf 93' lang='lat' dir='ltr'><strong>ad</strong></span> <span class='ocrx_word' id='word_1_86' title='bbox 678 1277 788 1345; x_wconf 90' lang='lat' dir='ltr'><strong>oculos,</strong></span> <span class='ocrx_word' id='word_1_87' title='bbox 815 1282 847 1332; x_wconf 90' lang='lat' dir='ltr'><strong>ut</strong></span> <span class='ocrx_word' id='word_1_88' title='bbox 871 1294 920 1333; x_wconf 92' lang='lat' dir='ltr'><strong>no-</strong></span> 
     </span>
     <span class='ocr_line' id='line_1_15' title="bbox 97 1366 919 1442; baseline -0.007 -14"><span class='ocrx_word' id='word_1_89' title='bbox 97 1374 174 1428; x_wconf 85' lang='lat' dir='ltr'><strong>stros</strong></span> <span class='ocrx_word' id='word_1_90' title='bbox 203 1368 388 1442; x_wconf 75' lang='lat' dir='ltr'><strong>premuniat,</strong></span> <span class='ocrx_word' id='word_1_91' title='bbox 423 1367 545 1424; x_wconf 87' lang='lat' dir='ltr'><strong>nuntius</strong></span> <span class='ocrx_word' id='word_1_92' title='bbox 578 1366 687 1424; x_wconf 80' lang='lat' dir='ltr'><strong>exstitit</strong></span> <span class='ocrx_word' id='word_1_93' title='bbox 714 1367 842 1432; x_wconf 85' lang='lat' dir='ltr'><strong>tertius;</strong></span> <span class='ocrx_word' id='word_1_94' title='bbox 872 1366 919 1422; x_wconf 89' lang='lat' dir='ltr'><strong>hic</strong></span> 
     </span>
     <span class='ocr_line' id='line_1_16' title="bbox 96 1455 920 1533; baseline -0.005 -19"><span class='ocrx_word' id='word_1_95' title='bbox 96 1458 192 1533; x_wconf 87' lang='lat' dir='ltr'><strong>primo</strong></span> <span class='ocrx_word' id='word_1_96' title='bbox 206 1457 404 1530; x_wconf 87' lang='lat' dir='ltr'><strong>interrogatus</strong></span> <span class='ocrx_word' id='word_1_97' title='bbox 418 1474 453 1513; x_wconf 87' lang='lat' dir='ltr'><strong>ex</strong></span> <span class='ocrx_word' id='word_1_98' title='bbox 467 1456 626 1530; x_wconf 76' lang='lat' dir='ltr'><strong>premissis</strong></span> <span class='ocrx_word' id='word_1_99' title='bbox 641 1456 836 1529; x_wconf 87' lang='lat' dir='ltr'><strong>quadraginta</strong></span> <span class='ocrx_word' id='word_1_100' title='bbox 865 1455 920 1511; x_wconf 60' lang='lat' dir='ltr'><strong>mia</strong></span> 
     </span>
     <span class='ocr_line' id='line_1_17' title="bbox 96 1545 921 1619; baseline -0.005 -15"><span class='ocrx_word' id='word_1_101' title='bbox 96 1547 201 1604; x_wconf 88' lang='lat' dir='ltr'><strong>litibus</strong></span> <span class='ocrx_word' id='word_1_102' title='bbox 215 1562 282 1603; x_wconf 91' lang='lat' dir='ltr'><strong>eum</strong></span> <span class='ocrx_word' id='word_1_103' title='bbox 297 1546 407 1619; x_wconf 90' lang='lat' dir='ltr'><strong>quibus</strong></span> <span class='ocrx_word' id='word_1_104' title='bbox 420 1545 503 1615; x_wconf 91' lang='lat' dir='ltr'><strong>ierat,</strong></span> <span class='ocrx_word' id='word_1_105' title='bbox 520 1545 670 1619; x_wconf 76' lang='lat' dir='ltr'>respondit</span> <span class='ocrx_word' id='word_1_106' title='bbox 687 1546 848 1611; x_wconf 85' lang='lat' dir='ltr'><strong>:Quosdam</strong></span> <span class='ocrx_word' id='word_1_107' title='bbox 863 1563 921 1600; x_wconf 88' lang='lat' dir='ltr'><strong>am-</strong></span> 
     </span>
     <span class='ocr_line' id='line_1_18' title="bbox 97 1633 920 1711; baseline -0.005 -18"><span class='ocrx_word' id='word_1_108' title='bbox 97 1634 209 1711; x_wconf 89' lang='lat' dir='ltr'><strong>putatis</strong></span> <span class='ocrx_word' id='word_1_109' title='bbox 241 1634 398 1708; x_wconf 79' lang='lat' dir='ltr'><strong>capitibus,</strong></span> <span class='ocrx_word' id='word_1_110' title='bbox 431 1633 565 1691; x_wconf 87' lang='lat' dir='ltr'><strong>videlicet</strong></span> <span class='ocrx_word' id='word_1_111' title='bbox 589 1635 752 1691; x_wconf 88' lang='lat' dir='ltr'><strong>Jordanum</strong></span> <span class='ocrx_word' id='word_1_112' title='bbox 785 1635 920 1690; x_wconf 85' lang='lat' dir='ltr'><strong>lardani-</strong></span> 
     </span>
    </p>
   </div>
   <div class='ocr_carea' id='block_1_6' title="bbox 972 470 1800 1706">
    <p class='ocr_par' dir='ltr' id='par_1_7' title="bbox 972 470 1800 1525">
     <span class='ocr_line' id='line_1_19' title="bbox 972 470 1793 546; baseline 0 -19"><span class='ocrx_word' id='word_1_113' title='bbox 972 490 1037 527; x_wconf 91' lang='lat' dir='ltr'><strong>rum</strong></span> <span class='ocrx_word' id='word_1_114' title='bbox 1054 490 1142 542; x_wconf 91' lang='lat' dir='ltr'><strong>quam</strong></span> <span class='ocrx_word' id='word_1_115' title='bbox 1159 476 1188 529; x_wconf 90' lang='lat' dir='ltr'><strong>et</strong></span> <span class='ocrx_word' id='word_1_116' title='bbox 1203 472 1387 546; x_wconf 87' lang='lat' dir='ltr'><strong>sagittarum,</strong></span> <span class='ocrx_word' id='word_1_117' title='bbox 1405 470 1793 545; x_wconf 87' lang='lat' dir='ltr'><strong>utmcsbellantiumexigit,</strong></span> 
     </span>
     <span class='ocr_line' id='line_1_20' title="bbox 972 560 1797 633; baseline 0.001 -17"><span class='ocrx_word' id='word_1_118' title='bbox 972 562 1131 618; x_wconf 89' lang='lat' dir='ltr'><strong>mittuntur</strong></span> <span class='ocrx_word' id='word_1_119' title='bbox 1144 562 1327 619; x_wconf 88' lang='lat' dir='ltr'><strong>internuntii.</strong></span> <span class='ocrx_word' id='word_1_120' title='bbox 1344 561 1428 617; x_wconf 82' lang='lat' dir='ltr'><strong>Acies</strong></span> <span class='ocrx_word' id='word_1_121' title='bbox 1455 561 1553 633; x_wconf 88' lang='lat' dir='ltr'><strong>itaque</strong></span> <span class='ocrx_word' id='word_1_122' title='bbox 1576 561 1652 616; x_wconf 88' lang='lat' dir='ltr'><strong>beati</strong></span> <span class='ocrx_word' id='word_1_123' title='bbox 1679 560 1755 617; x_wconf 86' lang='lat' dir='ltr'><strong>Petri</strong></span> <span class='ocrx_word' id='word_1_124' title='bbox 1778 579 1797 617; x_wconf 91' lang='lat' dir='ltr'><strong>a</strong></span> 
     </span>
     <span class='ocr_line' id='line_1_21' title="bbox 972 650 1798 722; baseline -0.001 -16"><span class='ocrx_word' id='word_1_125' title='bbox 972 651 1080 707; x_wconf 78' lang='lat' dir='ltr'>dextris</span> <span class='ocrx_word' id='word_1_126' title='bbox 1093 653 1279 717; x_wconf 70' lang='lat' dir='ltr'>antecedam,</span> <span class='ocrx_word' id='word_1_127' title='bbox 1296 651 1342 722; x_wconf 87' lang='lat' dir='ltr'><strong>cuj</strong></span> <span class='ocrx_word' id='word_1_128' title='bbox 1348 669 1382 707; x_wconf 91' lang='lat' dir='ltr'><strong>us</strong></span> <span class='ocrx_word' id='word_1_129' title='bbox 1393 650 1470 722; x_wconf 88' lang='lat' dir='ltr'><strong>juris</strong></span> <span class='ocrx_word' id='word_1_130' title='bbox 1485 654 1567 706; x_wconf 88' lang='lat' dir='ltr'><strong>estet</strong></span> <span class='ocrx_word' id='word_1_131' title='bbox 1581 651 1798 714; x_wconf 86' lang='lat' dir='ltr'><strong>antecedere,et</strong></span> 
     </span>
     <span class='ocr_line' id='line_1_22' title="bbox 972 738 1798 814; baseline 0 -19"><span class='ocrx_word' id='word_1_132' title='bbox 972 741 1100 813; x_wconf 90' lang='lat' dir='ltr'><strong>primum</strong></span> <span class='ocrx_word' id='word_1_133' title='bbox 1119 741 1217 797; x_wconf 88' lang='lat' dir='ltr'><strong>hostes</strong></span> <span class='ocrx_word' id='word_1_134' title='bbox 1231 745 1390 814; x_wconf 85' lang='lat' dir='ltr'><strong>pereutere,</strong></span> <span class='ocrx_word' id='word_1_135' title='bbox 1414 738 1486 795; x_wconf 85' lang='lat' dir='ltr'><strong>laxis</strong></span> <span class='ocrx_word' id='word_1_136' title='bbox 1510 738 1643 804; x_wconf 90' lang='lat' dir='ltr'><strong>habenis,</strong></span> <span class='ocrx_word' id='word_1_137' title='bbox 1669 739 1798 812; x_wconf 90' lang='lat' dir='ltr'><strong>palpatis</strong></span> 
     </span>
     <span class='ocr_line' id='line_1_23' title="bbox 973 827 1797 903; baseline 0.001 -19"><span class='ocrx_word' id='word_1_138' title='bbox 973 829 1094 898; x_wconf 86' lang='lat' dir='ltr'><strong>lanceis,</strong></span> <span class='ocrx_word' id='word_1_139' title='bbox 1111 830 1273 903; x_wconf 74' lang='lat' dir='ltr'>impetuose</span> <span class='ocrx_word' id='word_1_140' title='bbox 1287 846 1321 885; x_wconf 91' lang='lat' dir='ltr'><strong>ac</strong></span> <span class='ocrx_word' id='word_1_141' title='bbox 1336 827 1606 884; x_wconf 88' lang='lat' dir='ltr'><strong>strenuecobortem</strong></span> <span class='ocrx_word' id='word_1_142' title='bbox 1614 827 1669 883; x_wconf 90' lang='lat' dir='ltr'><strong>sibi</strong></span> <span class='ocrx_word' id='word_1_143' title='bbox 1680 828 1797 885; x_wconf 84' lang='lat' dir='ltr'><strong>obvium</strong></span> 
     </span>
     <span class='ocr_line' id='line_1_24' title="bbox 972 916 1799 991; baseline -0.001 -16"><span class='ocrx_word' id='word_1_144' title='bbox 972 924 1123 991; x_wconf 88' lang='lat' dir='ltr'><strong>percutere</strong></span> <span class='ocrx_word' id='word_1_145' title='bbox 1138 919 1304 986; x_wconf 87' lang='lat' dir='ltr'><strong>maturavit,</strong></span> <span class='ocrx_word' id='word_1_146' title='bbox 1315 916 1799 990; x_wconf 83' lang='lat' dir='ltr'><strong>multosqueperhdorumproster·</strong></span> 
     </span>
     <span class='ocr_line' id='line_1_25' title="bbox 974 1005 1797 1081; baseline 0.001 -17"><span class='ocrx_word' id='word_1_147' title='bbox 974 1010 1079 1075; x_wconf 88' lang='lat' dir='ltr'><strong>nendo,</strong></span> <span class='ocrx_word' id='word_1_148' title='bbox 1096 1026 1168 1081; x_wconf 89' lang='lat' dir='ltr'><strong>pene</strong></span> <span class='ocrx_word' id='word_1_149' title='bbox 1184 1013 1274 1065; x_wconf 91' lang='lat' dir='ltr'><strong>totam</strong></span> <span class='ocrx_word' id='word_1_150' title='bbox 1290 1008 1453 1080; x_wconf 82' lang='lat' dir='ltr'><strong>dissipavit.</strong></span> <span class='ocrx_word' id='word_1_151' title='bbox 1469 1008 1531 1073; x_wconf 82' lang='lat' dir='ltr'><strong>Ouo</strong></span> <span class='ocrx_word' id='word_1_152' title='bbox 1554 1007 1615 1062; x_wconf 90' lang='lat' dir='ltr'><strong>viso</strong></span> <span class='ocrx_word' id='word_1_153' title='bbox 1638 1005 1797 1064; x_wconf 84' lang='lat' dir='ltr'><strong>Gaulridue</strong></span> 
     </span>
     <span class='ocr_line' id='line_1_26' title="bbox 973 1094 1797 1171; baseline 0 -18"><span class='ocrx_word' id='word_1_154' title='bbox 973 1094 1566 1171; x_wconf 84' lang='lat' dir='ltr'><strong>monachusinsigniaciecomitatus‚virili</strong></span> <span class='ocrx_word' id='word_1_155' title='bbox 1582 1095 1674 1151; x_wconf 86' lang='lat' dir='ltr'><strong>frctus</strong></span> <span class='ocrx_word' id='word_1_156' title='bbox 1687 1097 1797 1161; x_wconf 88' lang='lat' dir='ltr'><strong>anima,</strong></span> 
     </span>
     <span class='ocr_line' id='line_1_27' title="bbox 973 1183 1800 1259; baseline -0.002 -17"><span class='ocrx_word' id='word_1_157' title='bbox 973 1187 1121 1243; x_wconf 87' lang='lat' dir='ltr'><strong>cohortem</strong></span> <span class='ocrx_word' id='word_1_158' title='bbox 1138 1187 1316 1259; x_wconf 81' lang='lat' dir='ltr'><strong>perfidorum</strong></span> <span class='ocrx_word' id='word_1_159' title='bbox 1333 1187 1368 1241; x_wconf 91' lang='lat' dir='ltr'><strong>ad</strong></span> <span class='ocrx_word' id='word_1_160' title='bbox 1386 1184 1485 1241; x_wconf 89' lang='lat' dir='ltr'><strong>minus</strong></span> <span class='ocrx_word' id='word_1_161' title='bbox 1501 1183 1800 1240; x_wconf 89' lang='lat' dir='ltr'><strong>decemmillibusmi·</strong></span> 
     </span>
     <span class='ocr_line' id='line_1_28' title="bbox 973 1272 1798 1348; baseline -0.004 -16"><span class='ocrx_word' id='word_1_162' title='bbox 973 1276 1058 1332; x_wconf 90' lang='lat' dir='ltr'><strong>litum</strong></span> <span class='ocrx_word' id='word_1_163' title='bbox 1076 1277 1270 1348; x_wconf 88' lang='lat' dir='ltr'><strong>constipatam</strong></span> <span class='ocrx_word' id='word_1_164' title='bbox 1287 1274 1414 1346; x_wconf 92' lang='lat' dir='ltr'><strong>impetiit</strong></span> <span class='ocrx_word' id='word_1_165' title='bbox 1437 1277 1464 1329; x_wconf 91' lang='lat' dir='ltr'><strong>ct</strong></span> <span class='ocrx_word' id='word_1_166' title='bbox 1488 1272 1642 1345; x_wconf 76' lang='lat' dir='ltr'>percussit,</span> <span class='ocrx_word' id='word_1_167' title='bbox 1664 1273 1704 1328; x_wconf 90' lang='lat' dir='ltr'><strong>ita</strong></span> <span class='ocrx_word' id='word_1_168' title='bbox 1720 1274 1798 1344; x_wconf 87' lang='lat' dir='ltr'><strong>quod</strong></span> 
     </span>
     <span class='ocr_line' id='line_1_29' title="bbox 974 1362 1799 1439; baseline -0.001 -18"><span class='ocrx_word' id='word_1_169' title='bbox 974 1383 1047 1439; x_wconf 90' lang='lat' dir='ltr'><strong>pene</strong></span> <span class='ocrx_word' id='word_1_170' title='bbox 1061 1366 1207 1432; x_wconf 88' lang='lat' dir='ltr'><strong>eamdam,</strong></span> <span class='ocrx_word' id='word_1_171' title='bbox 1223 1369 1252 1420; x_wconf 91' lang='lat' dir='ltr'><strong>ct</strong></span> <span class='ocrx_word' id='word_1_172' title='bbox 1267 1368 1385 1420; x_wconf 79' lang='lat' dir='ltr'><strong>crateras</strong></span> <span class='ocrx_word' id='word_1_173' title='bbox 1400 1362 1686 1436; x_wconf 83' lang='lat' dir='ltr'><strong>propeenistentesin</strong></span> <span class='ocrx_word' id='word_1_174' title='bbox 1697 1362 1799 1438; x_wconf 79' lang='lat' dir='ltr'><strong>sugam</strong></span> 
     </span>
     <span class='ocr_line' id='line_1_30' title="bbox 974 1451 1406 1525; baseline -0.009 -13"><span class='ocrx_word' id='word_1_175' title='bbox 974 1460 1002 1512; x_wconf 93' lang='lat' dir='ltr'><strong>et</strong></span> <span class='ocrx_word' id='word_1_176' title='bbox 1018 1455 1262 1511; x_wconf 73' lang='lat' dir='ltr'><strong>disconfecturam</strong></span> <span class='ocrx_word' id='word_1_177' title='bbox 1278 1451 1406 1525; x_wconf 81' lang='lat' dir='ltr'><strong>impulit.</strong></span> 
     </span>
    </p>

    <p class='ocr_par' dir='ltr' id='par_1_8' title="bbox 976 1541 1800 1706">
     <span class='ocr_line' id='line_1_31' title="bbox 1010 1541 1800 1616; baseline 0 -16"><span class='ocrx_word' id='word_1_178' title='bbox 1010 1545 1067 1600; x_wconf 89' lang='lat' dir='ltr'><strong>Nee</strong></span> <span class='ocrx_word' id='word_1_179' title='bbox 1084 1545 1192 1611; x_wconf 89' lang='lat' dir='ltr'><strong>minus,</strong></span> <span class='ocrx_word' id='word_1_180' title='bbox 1209 1549 1353 1616; x_wconf 89' lang='lat' dir='ltr'><strong>quantum</strong></span> <span class='ocrx_word' id='word_1_181' title='bbox 1370 1543 1404 1597; x_wconf 91' lang='lat' dir='ltr'><strong>ad</strong></span> <span class='ocrx_word' id='word_1_182' title='bbox 1422 1541 1546 1610; x_wconf 67' lang='lat' dir='ltr'><strong>sancies</strong></span> <span class='ocrx_word' id='word_1_183' title='bbox 1562 1542 1714 1600; x_wconf 86' lang='lat' dir='ltr'><strong>Guidcnus</strong></span> <span class='ocrx_word' id='word_1_184' title='bbox 1731 1545 1800 1600; x_wconf 85' lang='lat' dir='ltr'><strong>Fre·</strong></span> 
     </span>
     <span class='ocr_line' id='line_1_32' title="bbox 976 1631 1799 1706; baseline 0.001 -18"><span class='ocrx_word' id='word_1_185' title='bbox 976 1633 1044 1689; x_wconf 88' lang='lat' dir='ltr'><strong>nelli</strong></span> <span class='ocrx_word' id='word_1_186' title='bbox 1060 1651 1126 1689; x_wconf 89' lang='lat' dir='ltr'><strong>cum</strong></span> <span class='ocrx_word' id='word_1_187' title='bbox 1143 1650 1196 1688; x_wconf 80' lang='lat' dir='ltr'><strong>stro</strong></span> <span class='ocrx_word' id='word_1_188' title='bbox 1212 1648 1307 1706; x_wconf 87' lang='lat' dir='ltr'><strong>posse,</strong></span> <span class='ocrx_word' id='word_1_189' title='bbox 1324 1632 1423 1687; x_wconf 88' lang='lat' dir='ltr'><strong>hostes</strong></span> <span class='ocrx_word' id='word_1_190' title='bbox 1434 1631 1799 1701; x_wconf 75' lang='lat' dir='ltr'><strong>invasitetconcussit3sad</strong></span> 
     </span>
    </p>
   </div>
   <div class='ocr_carea' id='block_1_7' title="bbox 97 1720 1806 2240">
    <p class='ocr_par' dir='ltr' id='par_1_9' title="bbox 97 1720 1806 2240">
     <span class='ocr_line' id='line_1_33' title="bbox 97 1720 1801 1823; baseline -0.002 -41"><span class='ocrx_word' id='word_1_191' title='bbox 97 1727 176 1793; x_wconf 90' lang='lat' dir='ltr'><strong>dem,</strong></span> <span class='ocrx_word' id='word_1_192' title='bbox 193 1728 222 1781; x_wconf 88' lang='lat' dir='ltr'><strong>et</strong></span> <span class='ocrx_word' id='word_1_193' title='bbox 238 1724 367 1780; x_wconf 90' lang='lat' dir='ltr'><strong>Udonem</strong></span> <span class='ocrx_word' id='word_1_194' title='bbox 394 1724 430 1780; x_wconf 87' lang='lat' dir='ltr'><strong>de</strong></span> <span class='ocrx_word' id='word_1_195' title='bbox 458 1722 568 1780; x_wconf 83' lang='lat' dir='ltr'><strong>Foresti</strong></span> <span class='ocrx_word' id='word_1_196' title='bbox 592 1723 778 1793; x_wconf 89' lang='lat' dir='ltr'><strong>monasterio,</strong></span> <span class='ocrx_word' id='word_1_197' title='bbox 809 1724 920 1796; x_wconf 89' lang='lat' dir='ltr'><strong>plures·</strong></span> <span class='ocrx_word' id='word_1_198' title='bbox 938 1723 1046 1823; x_wconf 82' lang='lat' dir='ltr'><strong>Bquia</strong></span> <span class='ocrx_word' id='word_1_199' title='bbox 1060 1723 1151 1778; x_wconf 78' lang='lat' dir='ltr'><strong>nostri</strong></span> <span class='ocrx_word' id='word_1_200' title='bbox 1167 1723 1310 1778; x_wconf 84' lang='lat' dir='ltr'><strong>instanter</strong></span> <span class='ocrx_word' id='word_1_201' title='bbox 1324 1721 1479 1794; x_wconf 80' lang='lat' dir='ltr'><strong>persistere</strong></span> <span class='ocrx_word' id='word_1_202' title='bbox 1495 1720 1654 1790; x_wconf 87' lang='lat' dir='ltr'><strong>desierunt,</strong></span> <span class='ocrx_word' id='word_1_203' title='bbox 1678 1726 1711 1777; x_wconf 93' lang='lat' dir='ltr'><strong>ut</strong></span> <span class='ocrx_word' id='word_1_204' title='bbox 1725 1738 1801 1795; x_wconf 89' lang='lat' dir='ltr'><strong>opus</strong></span> 
     </span>
     <span class='ocr_line' id='line_1_34' title="bbox 100 1810 1803 1888; baseline -0.001 -18"><span class='ocrx_word' id='word_1_205' title='bbox 100 1831 157 1888; x_wconf 86' lang='lat' dir='ltr'><strong>que</strong></span> <span class='ocrx_word' id='word_1_206' title='bbox 171 1813 255 1884; x_wconf 87' lang='lat' dir='ltr'><strong>alios,</strong></span> <span class='ocrx_word' id='word_1_207' title='bbox 267 1814 331 1885; x_wconf 87' lang='lat' dir='ltr'><strong>jam</strong></span> <span class='ocrx_word' id='word_1_208' title='bbox 344 1813 381 1870; x_wconf 88' lang='lat' dir='ltr'><strong>da</strong></span> <span class='ocrx_word' id='word_1_209' title='bbox 409 1813 513 1868; x_wconf 92' lang='lat' dir='ltr'><strong>mundi</strong></span> <span class='ocrx_word' id='word_1_210' title='bbox 536 1811 663 1869; x_wconf 91' lang='lat' dir='ltr'><strong>ludibrio</strong></span> <span class='ocrx_word' id='word_1_211' title='bbox 688 1812 745 1869; x_wconf 93' lang='lat' dir='ltr'><strong>Deo</strong></span> <span class='ocrx_word' id='word_1_212' title='bbox 770 1812 921 1880; x_wconf 80' lang='lat' dir='ltr'><strong>militasse,</strong></span> <span class='ocrx_word' id='word_1_213' title='bbox 977 1816 1063 1877; x_wconf 87' lang='lat' dir='ltr'><strong>esset,</strong></span> <span class='ocrx_word' id='word_1_214' title='bbox 1079 1816 1107 1868; x_wconf 92' lang='lat' dir='ltr'><strong>et</strong></span> <span class='ocrx_word' id='word_1_215' title='bbox 1122 1812 1152 1867; x_wconf 92' lang='lat' dir='ltr'><strong>bi</strong></span> <span class='ocrx_word' id='word_1_216' title='bbox 1169 1817 1197 1867; x_wconf 93' lang='lat' dir='ltr'><strong>et</strong></span> <span class='ocrx_word' id='word_1_217' title='bbox 1213 1811 1261 1867; x_wconf 90' lang='lat' dir='ltr'><strong>alii</strong></span> <span class='ocrx_word' id='word_1_218' title='bbox 1277 1810 1375 1884; x_wconf 91' lang='lat' dir='ltr'><strong>plures</strong></span> <span class='ocrx_word' id='word_1_219' title='bbox 1391 1811 1470 1883; x_wconf 91' lang='lat' dir='ltr'><strong>passi</strong></span> <span class='ocrx_word' id='word_1_220' title='bbox 1486 1814 1556 1866; x_wconf 90' lang='lat' dir='ltr'><strong>sunt</strong></span> <span class='ocrx_word' id='word_1_221' title='bbox 1583 1811 1803 1869; x_wconf 82' lang='lat' dir='ltr'><strong>exterminium.</strong></span> 
     </span>
     <span class='ocr_line' id='line_1_35' title="bbox 100 1897 1804 1977; baseline -0.001 -17"><span class='ocrx_word' id='word_1_222' title='bbox 100 1902 332 1977; x_wconf 85' lang='lat' dir='ltr'><strong>Malgariumque</strong></span> <span class='ocrx_word' id='word_1_223' title='bbox 346 1902 373 1957; x_wconf 91' lang='lat' dir='ltr'><strong>vi</strong></span> <span class='ocrx_word' id='word_1_224' title='bbox 389 1906 522 1959; x_wconf 88' lang='lat' dir='ltr'><strong>coactum</strong></span> <span class='ocrx_word' id='word_1_225' title='bbox 551 1901 727 1958; x_wconf 78' lang='lat' dir='ltr'><strong>intolerabili</strong></span> <span class='ocrx_word' id='word_1_226' title='bbox 751 1906 923 1974; x_wconf 88' lang='lat' dir='ltr'><strong>praesentem</strong></span> <span class='ocrx_word' id='word_1_227' title='bbox 978 1901 1082 1958; x_wconf 82' lang='lat' dir='ltr'><strong>Pcrssdi</strong></span> <span class='ocrx_word' id='word_1_228' title='bbox 1102 1917 1240 1973; x_wconf 80' lang='lat' dir='ltr'><strong>uanique,</strong></span> <span class='ocrx_word' id='word_1_229' title='bbox 1266 1903 1338 1955; x_wconf 89' lang='lat' dir='ltr'><strong>nutu</strong></span> <span class='ocrx_word' id='word_1_230' title='bbox 1361 1897 1476 1955; x_wconf 88' lang='lat' dir='ltr'><strong>Domini</strong></span> <span class='ocrx_word' id='word_1_231' title='bbox 1499 1899 1657 1972; x_wconf 88' lang='lat' dir='ltr'><strong>resumptis</strong></span> <span class='ocrx_word' id='word_1_232' title='bbox 1680 1899 1804 1969; x_wconf 87' lang='lat' dir='ltr'><strong>viribus,</strong></span> 
     </span>
     <span class='ocr_line' id='line_1_36' title="bbox 101 1988 1805 2063; baseline -0.001 -15"><span class='ocrx_word' id='word_1_233' title='bbox 101 1991 317 2063; x_wconf 86' lang='lat' dir='ltr'><strong>adesse;lltque</strong></span> <span class='ocrx_word' id='word_1_234' title='bbox 332 1990 440 2057; x_wconf 92' lang='lat' dir='ltr'><strong>subito,</strong></span> <span class='ocrx_word' id='word_1_235' title='bbox 451 1990 535 2047; x_wconf 91' lang='lat' dir='ltr'><strong>adest</strong></span> <span class='ocrx_word' id='word_1_236' title='bbox 549 1989 707 2063; x_wconf 87' lang='lat' dir='ltr'><strong>Malgerus.</strong></span> <span class='ocrx_word' id='word_1_237' title='bbox 719 1991 809 2045; x_wconf 87' lang='lat' dir='ltr'><strong>Adest</strong></span> <span class='ocrx_word' id='word_1_238' title='bbox 825 1993 925 2045; x_wconf 90' lang='lat' dir='ltr'><strong>contra</strong></span> <span class='ocrx_word' id='word_1_239' title='bbox 978 1995 1094 2046; x_wconf 87' lang='lat' dir='ltr'><strong>nostros</strong></span> <span class='ocrx_word' id='word_1_240' title='bbox 1110 1989 1227 2063; x_wconf 81' lang='lat' dir='ltr'><strong>aggredi</strong></span> <span class='ocrx_word' id='word_1_241' title='bbox 1243 2005 1301 2044; x_wconf 90' lang='lat' dir='ltr'><strong>non</strong></span> <span class='ocrx_word' id='word_1_242' title='bbox 1317 1992 1503 2057; x_wconf 90' lang='lat' dir='ltr'><strong>metuerunt;</strong></span> <span class='ocrx_word' id='word_1_243' title='bbox 1521 1989 1570 2045; x_wconf 88' lang='lat' dir='ltr'><strong>sed</strong></span> <span class='ocrx_word' id='word_1_244' title='bbox 1585 1988 1662 2055; x_wconf 89' lang='lat' dir='ltr'><strong>telis,</strong></span> <span class='ocrx_word' id='word_1_245' title='bbox 1682 1989 1805 2060; x_wconf 88' lang='lat' dir='ltr'><strong>lanceis,</strong></span> 
     </span>
     <span class='ocr_line' id='line_1_37' title="bbox 99 2077 1806 2153; baseline 0.001 -17"><span class='ocrx_word' id='word_1_246' title='bbox 99 2078 334 2147; x_wconf 78' lang='lat' dir='ltr'><strong>ventus3horum</strong></span> <span class='ocrx_word' id='word_1_247' title='bbox 349 2078 924 2151; x_wconf 80' lang='lat' dir='ltr'><strong>equisagittisattrxi,plumbatisobruti,</strong></span> <span class='ocrx_word' id='word_1_248' title='bbox 980 2080 1106 2153; x_wconf 86' lang='lat' dir='ltr'><strong>sagittis,</strong></span> <span class='ocrx_word' id='word_1_249' title='bbox 1130 2079 1290 2151; x_wconf 86' lang='lat' dir='ltr'><strong>plumbatis</strong></span> <span class='ocrx_word' id='word_1_250' title='bbox 1321 2077 1444 2146; x_wconf 79' lang='lat' dir='ltr'><strong>serratis,</strong></span> <span class='ocrx_word' id='word_1_251' title='bbox 1470 2083 1499 2133; x_wconf 89' lang='lat' dir='ltr'><strong>et</strong></span> <span class='ocrx_word' id='word_1_252' title='bbox 1523 2077 1617 2134; x_wconf 90' lang='lat' dir='ltr'><strong>crebis</strong></span> <span class='ocrx_word' id='word_1_253' title='bbox 1640 2077 1806 2152; x_wconf 90' lang='lat' dir='ltr'><strong>gladiorum</strong></span> 
     </span>
     <span class='ocr_line' id='line_1_38' title="bbox 102 2167 1801 2240; baseline -0.001 -15"><span class='ocrx_word' id='word_1_254' title='bbox 102 2171 243 2225; x_wconf 82' lang='lat' dir='ltr'><strong>corruunt</strong></span> <span class='ocrx_word' id='word_1_255' title='bbox 271 2168 389 2223; x_wconf 90' lang='lat' dir='ltr'><strong>mortui.</strong></span> <span class='ocrx_word' id='word_1_256' title='bbox 407 2167 571 2240; x_wconf 80' lang='lat' dir='ltr'><strong>Statimque</strong></span> <span class='ocrx_word' id='word_1_257' title='bbox 592 2167 719 2239; x_wconf 89' lang='lat' dir='ltr'><strong>sumptis</strong></span> <span class='ocrx_word' id='word_1_258' title='bbox 740 2167 805 2223; x_wconf 90' lang='lat' dir='ltr'><strong>aliis</strong></span> <span class='ocrx_word' id='word_1_259' title='bbox 828 2184 925 2223; x_wconf 89' lang='lat' dir='ltr'><strong>coram</strong></span> <span class='ocrx_word' id='word_1_260' title='bbox 979 2169 1086 2224; x_wconf 89' lang='lat' dir='ltr'><strong>ictibus</strong></span> <span class='ocrx_word' id='word_1_261' title='bbox 1102 2169 1294 2224; x_wconf 76' lang='lat' dir='ltr'><strong>reinvadendo</strong></span> <span class='ocrx_word' id='word_1_262' title='bbox 1310 2167 1452 2223; x_wconf 81' lang='lat' dir='ltr'><strong>accerime</strong></span> <span class='ocrx_word' id='word_1_263' title='bbox 1476 2172 1695 2239; x_wconf 88' lang='lat' dir='ltr'><strong>percusserunt,</strong></span> <span class='ocrx_word' id='word_1_264' title='bbox 1720 2173 1801 2224; x_wconf 90' lang='lat' dir='ltr'><strong>utro-</strong></span> 
     </span>
    </p>
   </div>
   <div class='ocr_carea' id='block_1_8' title="bbox 102 2254 930 3130">
    <p class='ocr_par' dir='ltr' id='par_1_10' title="bbox 102 2254 930 3130">
     <span class='ocr_line' id='line_1_39' title="bbox 102 2254 926 2329; baseline 0 -17"><span class='ocrx_word' id='word_1_265' title='bbox 102 2254 414 2328; x_wconf 89' lang='lat' dir='ltr'><strong>baronibus,inquiunt</strong></span> <span class='ocrx_word' id='word_1_266' title='bbox 428 2256 552 2328; x_wconf 91' lang='lat' dir='ltr'><strong>principi</strong></span> <span class='ocrx_word' id='word_1_267' title='bbox 563 2257 689 2329; x_wconf 74' lang='lat' dir='ltr'><strong>:usuper</strong></span> <span class='ocrx_word' id='word_1_268' title='bbox 704 2256 749 2312; x_wconf 90' lang='lat' dir='ltr'><strong>his</strong></span> <span class='ocrx_word' id='word_1_269' title='bbox 763 2273 824 2328; x_wconf 78' lang='lat' dir='ltr'><strong>queo</strong></span> <span class='ocrx_word' id='word_1_270' title='bbox 841 2257 926 2313; x_wconf 89' lang='lat' dir='ltr'><strong>nobis</strong></span> 
     </span>
     <span class='ocr_line' id='line_1_40' title="bbox 102 2342 924 2419; baseline -0.001 -17"><span class='ocrx_word' id='word_1_271' title='bbox 102 2342 715 2417; x_wconf 88' lang='lat' dir='ltr'><strong>immineatconsultoopusest,utcor.sulto</strong></span> <span class='ocrx_word' id='word_1_272' title='bbox 729 2361 849 2418; x_wconf 92' lang='lat' dir='ltr'><strong>propere</strong></span> <span class='ocrx_word' id='word_1_273' title='bbox 856 2346 924 2419; x_wconf 82' lang='lat' dir='ltr'><strong>(sic).</strong></span> 
     </span>
     <span class='ocr_line' id='line_1_41' title="bbox 103 2432 926 2506; baseline -0.002 -15"><span class='ocrx_word' id='word_1_274' title='bbox 103 2433 199 2491; x_wconf 83' lang='lat' dir='ltr'><strong>Parati</strong></span> <span class='ocrx_word' id='word_1_275' title='bbox 213 2432 343 2500; x_wconf 89' lang='lat' dir='ltr'><strong>veniunt,</strong></span> <span class='ocrx_word' id='word_1_276' title='bbox 361 2437 478 2489; x_wconf 89' lang='lat' dir='ltr'><strong>strenue</strong></span> <span class='ocrx_word' id='word_1_277' title='bbox 493 2433 588 2506; x_wconf 87' lang='lat' dir='ltr'><strong>egito;</strong></span> <span class='ocrx_word' id='word_1_278' title='bbox 605 2433 689 2490; x_wconf 83' lang='lat' dir='ltr'><strong>divisi</strong></span> <span class='ocrx_word' id='word_1_279' title='bbox 707 2435 815 2490; x_wconf 87' lang='lat' dir='ltr'><strong>etenim</strong></span> <span class='ocrx_word' id='word_1_280' title='bbox 832 2435 926 2491; x_wconf 71' lang='lat' dir='ltr'><strong>extri-</strong></span> 
     </span>
     <span class='ocr_line' id='line_1_42' title="bbox 103 2521 925 2596; baseline -0.006 -17"><span class='ocrx_word' id='word_1_281' title='bbox 103 2523 160 2579; x_wconf 81' lang='lat' dir='ltr'><strong>bus</strong></span> <span class='ocrx_word' id='word_1_282' title='bbox 173 2521 316 2596; x_wconf 86' lang='lat' dir='ltr'><strong>partibus,</strong></span> <span class='ocrx_word' id='word_1_283' title='bbox 332 2521 439 2594; x_wconf 88' lang='lat' dir='ltr'><strong>triplici</strong></span> <span class='ocrx_word' id='word_1_284' title='bbox 455 2521 531 2578; x_wconf 90' lang='lat' dir='ltr'><strong>bello</strong></span> <span class='ocrx_word' id='word_1_285' title='bbox 548 2528 682 2595; x_wconf 77' lang='lat' dir='ltr'><strong>querunt</strong></span> <span class='ocrx_word' id='word_1_286' title='bbox 702 2541 754 2579; x_wconf 92' lang='lat' dir='ltr'><strong>nos</strong></span> <span class='ocrx_word' id='word_1_287' title='bbox 765 2524 894 2596; x_wconf 87' lang='lat' dir='ltr'><strong>perdere.</strong></span> <span class='ocrx_word' id='word_1_288' title='bbox 911 2547 925 2576; x_wconf 75' lang='lat' dir='ltr'><strong>a</strong></span> 
     </span>
     <span class='ocr_line' id='line_1_43' title="bbox 104 2611 929 2684; baseline 0 -16"><span class='ocrx_word' id='word_1_289' title='bbox 104 2612 187 2668; x_wconf 88' lang='lat' dir='ltr'><strong>Unde</strong></span> <span class='ocrx_word' id='word_1_290' title='bbox 203 2614 262 2667; x_wconf 92' lang='lat' dir='ltr'><strong>tam</strong></span> <span class='ocrx_word' id='word_1_291' title='bbox 279 2627 430 2684; x_wconf 88' lang='lat' dir='ltr'><strong>procerum</strong></span> <span class='ocrx_word' id='word_1_292' title='bbox 442 2611 929 2684; x_wconf 87' lang='lat' dir='ltr'><strong>quametaliorumquidnmassen-</strong></span> 
     </span>
     <span class='ocr_line' id='line_1_44' title="bbox 104 2699 928 2773; baseline 0 -17"><span class='ocrx_word' id='word_1_293' title='bbox 104 2701 210 2757; x_wconf 87' lang='lat' dir='ltr'><strong>tientes</strong></span> <span class='ocrx_word' id='word_1_294' title='bbox 226 2699 337 2756; x_wconf 89' lang='lat' dir='ltr'><strong>salubri</strong></span> <span class='ocrx_word' id='word_1_295' title='bbox 352 2700 474 2756; x_wconf 89' lang='lat' dir='ltr'><strong>consilia</strong></span> <span class='ocrx_word' id='word_1_296' title='bbox 489 2707 522 2756; x_wconf 90' lang='lat' dir='ltr'><strong>ut</strong></span> <span class='ocrx_word' id='word_1_297' title='bbox 544 2702 713 2773; x_wconf 86' lang='lat' dir='ltr'><strong>putubatur,</strong></span> <span class='ocrx_word' id='word_1_298' title='bbox 736 2701 928 2757; x_wconf 80' lang='lat' dir='ltr'><strong>laudaverunt</strong></span> 
     </span>
     <span class='ocr_line' id='line_1_45' title="bbox 108 2789 930 2856; baseline 0 -9"><span class='ocrx_word' id='word_1_299' title='bbox 108 2793 224 2847; x_wconf 87' lang='lat' dir='ltr'><strong>n&#39;ostros</strong></span> <span class='ocrx_word' id='word_1_300' title='bbox 240 2805 341 2845; x_wconf 91' lang='lat' dir='ltr'><strong>omnes</strong></span> <span class='ocrx_word' id='word_1_301' title='bbox 356 2795 461 2856; x_wconf 87' lang='lat' dir='ltr'><strong>una,ut</strong></span> <span class='ocrx_word' id='word_1_302' title='bbox 475 2790 714 2856; x_wconf 85' lang='lat' dir='ltr'><strong>erant,ordinatis</strong></span> <span class='ocrx_word' id='word_1_303' title='bbox 729 2789 930 2847; x_wconf 84' lang='lat' dir='ltr'><strong>acicbnscirco</strong></span> 
     </span>
     <span class='ocr_line' id='line_1_46' title="bbox 107 2878 930 2952; baseline 0.002 -19"><span class='ocrx_word' id='word_1_304' title='bbox 107 2879 232 2935; x_wconf 90' lang='lat' dir='ltr'><strong>tentoria</strong></span> <span class='ocrx_word' id='word_1_305' title='bbox 247 2878 323 2945; x_wconf 89' lang='lat' dir='ltr'><strong>sisti,</strong></span> <span class='ocrx_word' id='word_1_306' title='bbox 339 2895 429 2934; x_wconf 90' lang='lat' dir='ltr'><strong>manu</strong></span> <span class='ocrx_word' id='word_1_307' title='bbox 439 2878 565 2951; x_wconf 89' lang='lat' dir='ltr'><strong>pedestri</strong></span> <span class='ocrx_word' id='word_1_308' title='bbox 573 2878 930 2952; x_wconf 79' lang='lat' dir='ltr'><strong>circumquaqueantcpo</strong></span> 
     </span>
     <span class='ocr_line' id='line_1_47' title="bbox 107 2966 928 3040; baseline 0.001 -17"><span class='ocrx_word' id='word_1_309' title='bbox 107 2966 282 3040; x_wconf 66' lang='lat' dir='ltr'><strong>mestaque</strong></span> <span class='ocrx_word' id='word_1_310' title='bbox 295 2967 413 3023; x_wconf 81' lang='lat' dir='ltr'><strong>tenendo</strong></span> <span class='ocrx_word' id='word_1_311' title='bbox 436 2967 651 3024; x_wconf 88' lang='lat' dir='ltr'><strong>immunitatem</strong></span> <span class='ocrx_word' id='word_1_312' title='bbox 676 2968 817 3037; x_wconf 89' lang='lat' dir='ltr'><strong>hostium,</strong></span> <span class='ocrx_word' id='word_1_313' title='bbox 838 2969 928 3024; x_wconf 81' lang='lat' dir='ltr'><strong>levius</strong></span> 
     </span>
     <span class='ocr_line' id='line_1_48' title="bbox 106 3056 930 3130; baseline 0 -18"><span class='ocrx_word' id='word_1_314' title='bbox 106 3056 314 3130; x_wconf 85' lang='lat' dir='ltr'><strong>salubriusque</strong></span> <span class='ocrx_word' id='word_1_315' title='bbox 341 3072 427 3129; x_wconf 91' lang='lat' dir='ltr'><strong>posse</strong></span> <span class='ocrx_word' id='word_1_316' title='bbox 455 3057 614 3129; x_wconf 79' lang='lat' dir='ltr'><strong>prestolari</strong></span> <span class='ocrx_word' id='word_1_317' title='bbox 643 3062 810 3114; x_wconf 84' lang='lat' dir='ltr'><strong>assuernt.</strong></span> <span class='ocrx_word' id='word_1_318' title='bbox 836 3058 930 3130; x_wconf 89' lang='lat' dir='ltr'><strong>Super</strong></span> 
     </span>
    </p>
   </div>
   <div class='ocr_carea' id='block_1_9' title="bbox 981 2255 1810 3130">
    <p class='ocr_par' dir='ltr' id='par_1_11' title="bbox 981 2255 1810 3130">
     <span class='ocr_line' id='line_1_49' title="bbox 981 2255 1806 2330; baseline -0.001 -16"><span class='ocrx_word' id='word_1_319' title='bbox 981 2275 1104 2330; x_wconf 91' lang='lat' dir='ltr'><strong>rumque</strong></span> <span class='ocrx_word' id='word_1_320' title='bbox 1119 2260 1274 2312; x_wconf 88' lang='lat' dir='ltr'><strong>attestante</strong></span> <span class='ocrx_word' id='word_1_321' title='bbox 1289 2256 1380 2312; x_wconf 86' lang='lat' dir='ltr'><strong>etluso</strong></span> <span class='ocrx_word' id='word_1_322' title='bbox 1395 2255 1548 2329; x_wconf 87' lang='lat' dir='ltr'><strong>sanguine.</strong></span> <span class='ocrx_word' id='word_1_323' title='bbox 1567 2256 1687 2312; x_wconf 88' lang='lat' dir='ltr'><strong>Interim</strong></span> <span class='ocrx_word' id='word_1_324' title='bbox 1699 2255 1806 2313; x_wconf 90' lang='lat' dir='ltr'><strong>cobors</strong></span> 
     </span>
     <span class='ocr_line' id='line_1_50' title="bbox 982 2344 1804 2418; baseline -0.001 -16"><span class='ocrx_word' id='word_1_325' title='bbox 982 2347 1110 2403; x_wconf 88' lang='lat' dir='ltr'><strong>Dotbcrti</strong></span> <span class='ocrx_word' id='word_1_326' title='bbox 1127 2346 1162 2401; x_wconf 89' lang='lat' dir='ltr'><strong>dc</strong></span> <span class='ocrx_word' id='word_1_327' title='bbox 1175 2346 1280 2401; x_wconf 86' lang='lat' dir='ltr'><strong>Sancto</strong></span> <span class='ocrx_word' id='word_1_328' title='bbox 1297 2346 1405 2413; x_wconf 87' lang='lat' dir='ltr'><strong>Laudo,</strong></span> <span class='ocrx_word' id='word_1_329' title='bbox 1421 2361 1488 2400; x_wconf 91' lang='lat' dir='ltr'><strong>cum</strong></span> <span class='ocrx_word' id='word_1_330' title='bbox 1502 2344 1673 2418; x_wconf 75' lang='lat' dir='ltr'><strong>&#39;turcopolis</strong></span> <span class='ocrx_word' id='word_1_331' title='bbox 1697 2363 1714 2401; x_wconf 93' lang='lat' dir='ltr'><strong>a</strong></span> <span class='ocrx_word' id='word_1_332' title='bbox 1730 2346 1804 2402; x_wconf 90' lang='lat' dir='ltr'><strong>sini-</strong></span> 
     </span>
     <span class='ocr_line' id='line_1_51' title="bbox 982 2432 1809 2504; baseline 0 -13"><span class='ocrx_word' id='word_1_333' title='bbox 982 2435 1052 2492; x_wconf 89' lang='lat' dir='ltr'><strong>stris</strong></span> <span class='ocrx_word' id='word_1_334' title='bbox 1068 2435 1252 2499; x_wconf 84' lang='lat' dir='ltr'><strong>antecedens,</strong></span> <span class='ocrx_word' id='word_1_335' title='bbox 1270 2450 1337 2488; x_wconf 89' lang='lat' dir='ltr'><strong>cum</strong></span> <span class='ocrx_word' id='word_1_336' title='bbox 1354 2438 1504 2504; x_wconf 90' lang='lat' dir='ltr'><strong>percutere</strong></span> <span class='ocrx_word' id='word_1_337' title='bbox 1520 2432 1678 2502; x_wconf 86' lang='lat' dir='ltr'><strong>debuisset,</strong></span> <span class='ocrx_word' id='word_1_338' title='bbox 1688 2432 1809 2491; x_wconf 89' lang='lat' dir='ltr'><strong>sinistro</strong></span> 
     </span>
     <span class='ocr_line' id='line_1_52' title="bbox 982 2521 1809 2594; baseline 0 -14"><span class='ocrx_word' id='word_1_339' title='bbox 982 2524 1078 2580; x_wconf 89' lang='lat' dir='ltr'><strong>omine</strong></span> <span class='ocrx_word' id='word_1_340' title='bbox 1095 2521 1265 2594; x_wconf 82' lang='lat' dir='ltr'><strong>l&#39;urcopolis</strong></span> <span class='ocrx_word' id='word_1_341' title='bbox 1282 2522 1375 2594; x_wconf 86' lang='lat' dir='ltr'><strong>primo</strong></span> <span class='ocrx_word' id='word_1_342' title='bbox 1391 2523 1572 2594; x_wconf 80' lang='lat' dir='ltr'><strong>fugientibus</strong></span> <span class='ocrx_word' id='word_1_343' title='bbox 1588 2538 1645 2577; x_wconf 92' lang='lat' dir='ltr'><strong>non</strong></span> <span class='ocrx_word' id='word_1_344' title='bbox 1660 2522 1809 2580; x_wconf 88' lang='lat' dir='ltr'><strong>volensrc·</strong></span> 
     </span>
     <span class='ocr_line' id='line_1_53' title="bbox 983 2609 1810 2685; baseline -0.001 -16"><span class='ocrx_word' id='word_1_345' title='bbox 983 2615 1095 2678; x_wconf 84' lang='lat' dir='ltr'><strong>sistere,</strong></span> <span class='ocrx_word' id='word_1_346' title='bbox 1109 2613 1238 2685; x_wconf 89' lang='lat' dir='ltr'><strong>ipsorum</strong></span> <span class='ocrx_word' id='word_1_347' title='bbox 1256 2610 1341 2683; x_wconf 88' lang='lat' dir='ltr'><strong>pulsa</strong></span> <span class='ocrx_word' id='word_1_348' title='bbox 1355 2610 1466 2682; x_wconf 88' lang='lat' dir='ltr'><strong>impetu</strong></span> <span class='ocrx_word' id='word_1_349' title='bbox 1483 2609 1810 2683; x_wconf 77' lang='lat' dir='ltr'><strong>etperfidorumolame</strong></span> 
     </span>
     <span class='ocr_line' id='line_1_54' title="bbox 983 2699 1809 2773; baseline -0.004 -15"><span class='ocrx_word' id='word_1_350' title='bbox 983 2704 1064 2759; x_wconf 84' lang='lat' dir='ltr'><strong>ribus</strong></span> <span class='ocrx_word' id='word_1_351' title='bbox 1075 2702 1145 2757; x_wconf 82' lang='lat' dir='ltr'><strong>aciei</strong></span> <span class='ocrx_word' id='word_1_352' title='bbox 1163 2700 1303 2773; x_wconf 89' lang='lat' dir='ltr'><strong>principis</strong></span> <span class='ocrx_word' id='word_1_353' title='bbox 1319 2704 1420 2755; x_wconf 86' lang='lat' dir='ltr'><strong>centra</strong></span> <span class='ocrx_word' id='word_1_354' title='bbox 1435 2700 1493 2754; x_wconf 80' lang='lat' dir='ltr'><strong>rim</strong></span> <span class='ocrx_word' id='word_1_355' title='bbox 1511 2699 1703 2755; x_wconf 74' lang='lat' dir='ltr'><strong>nefandorum</strong></span> <span class='ocrx_word' id='word_1_356' title='bbox 1725 2701 1809 2772; x_wconf 89' lang='lat' dir='ltr'><strong>equi-</strong></span> 
     </span>
     <span class='ocr_line' id='line_1_55' title="bbox 983 2787 1809 2860; baseline -0.005 -12"><span class='ocrx_word' id='word_1_357' title='bbox 983 2792 1067 2857; x_wconf 84' lang='lat' dir='ltr'><strong>tanti,</strong></span> <span class='ocrx_word' id='word_1_358' title='bbox 1084 2791 1208 2857; x_wconf 89' lang='lat' dir='ltr'><strong>obstitit,</strong></span> <span class='ocrx_word' id='word_1_359' title='bbox 1225 2790 1304 2845; x_wconf 84' lang='lat' dir='ltr'><strong>atah</strong></span> <span class='ocrx_word' id='word_1_360' title='bbox 1322 2788 1433 2860; x_wconf 89' lang='lat' dir='ltr'><strong>impetu</strong></span> <span class='ocrx_word' id='word_1_361' title='bbox 1450 2787 1809 2860; x_wconf 82' lang='lat' dir='ltr'><strong>fugiendi,nonloris,n0n</strong></span> 
     </span>
     <span class='ocr_line' id='line_1_56' title="bbox 984 2877 1809 2950; baseline -0.005 -13"><span class='ocrx_word' id='word_1_362' title='bbox 984 2882 1082 2948; x_wconf 83' lang='lat' dir='ltr'><strong>irenis,</strong></span> <span class='ocrx_word' id='word_1_363' title='bbox 1099 2899 1155 2935; x_wconf 91' lang='lat' dir='ltr'><strong>non</strong></span> <span class='ocrx_word' id='word_1_364' title='bbox 1174 2879 1302 2950; x_wconf 83' lang='lat' dir='ltr'><strong>l&#39;unihus,</strong></span> <span class='ocrx_word' id='word_1_365' title='bbox 1320 2878 1369 2932; x_wconf 88' lang='lat' dir='ltr'><strong>sed</strong></span> <span class='ocrx_word' id='word_1_366' title='bbox 1387 2895 1438 2932; x_wconf 88' lang='lat' dir='ltr'><strong>nee</strong></span> <span class='ocrx_word' id='word_1_367' title='bbox 1454 2878 1513 2932; x_wconf 88' lang='lat' dir='ltr'><strong>ulla</strong></span> <span class='ocrx_word' id='word_1_368' title='bbox 1538 2877 1627 2932; x_wconf 79' lang='lat' dir='ltr'><strong>anicii</strong></span> <span class='ocrx_word' id='word_1_369' title='bbox 1652 2878 1809 2934; x_wconf 83' lang='lat' dir='ltr'><strong>securitate</strong></span> 
     </span>
     <span class='ocr_line' id='line_1_57' title="bbox 984 2965 1809 3042; baseline -0.004 -17"><span class='ocrx_word' id='word_1_370' title='bbox 984 2970 1108 3027; x_wconf 77' lang='lat' dir='ltr'><strong>revecari</strong></span> <span class='ocrx_word' id='word_1_371' title='bbox 1126 2968 1228 3042; x_wconf 86' lang='lat' dir='ltr'><strong>potnit.</strong></span> <span class='ocrx_word' id='word_1_372' title='bbox 1247 2969 1318 3023; x_wconf 83' lang='lat' dir='ltr'><strong>Num</strong></span> <span class='ocrx_word' id='word_1_373' title='bbox 1335 2971 1363 3022; x_wconf 89' lang='lat' dir='ltr'><strong>ct</strong></span> <span class='ocrx_word' id='word_1_374' title='bbox 1378 2967 1453 3039; x_wconf 73' lang='lat' dir='ltr'><strong>(quod</strong></span> <span class='ocrx_word' id='word_1_375' title='bbox 1471 2965 1599 3022; x_wconf 89' lang='lat' dir='ltr'><strong>deterius</strong></span> <span class='ocrx_word' id='word_1_376' title='bbox 1609 2966 1728 3033; x_wconf 83' lang='lat' dir='ltr'><strong>exstitit,</strong></span> <span class='ocrx_word' id='word_1_377' title='bbox 1742 2985 1809 3038; x_wconf 87' lang='lat' dir='ltr'><strong>par·</strong></span> 
     </span>
     <span class='ocr_line' id='line_1_58' title="bbox 985 3055 1808 3130; baseline -0.007 -14"><span class='ocrx_word' id='word_1_378' title='bbox 985 3067 1043 3116; x_wconf 90' lang='lat' dir='ltr'><strong>tom</strong></span> <span class='ocrx_word' id='word_1_379' title='bbox 1060 3059 1168 3114; x_wconf 84' lang='lat' dir='ltr'><strong>cohorti</strong></span> <span class='ocrx_word' id='word_1_380' title='bbox 1186 3057 1326 3130; x_wconf 91' lang='lat' dir='ltr'><strong>principis</strong></span> <span class='ocrx_word' id='word_1_381' title='bbox 1342 3055 1667 3128; x_wconf 87' lang='lat' dir='ltr'><strong>seeumindispcrsicne</strong></span> <span class='ocrx_word' id='word_1_382' title='bbox 1684 3055 1808 3128; x_wconf 86' lang='lat' dir='ltr'><strong>depulit.</strong></span> 
     </span>
    </p>
   </div>
   <div class='ocr_carea' id='block_1_10' title="bbox 106 3127 1808 3221">
    <p class='ocr_par' dir='ltr' id='par_1_12' title="bbox 106 3127 1808 3221">
     <span class='ocr_line' id='line_1_59' title="bbox 106 3127 1808 3221; baseline -0.001 -21"><span class='ocrx_word' id='word_1_383' title='bbox 106 3143 153 3201; x_wconf 90' lang='lat' dir='ltr'><strong>bis</strong></span> <span class='ocrx_word' id='word_1_384' title='bbox 168 3145 317 3218; x_wconf 86' lang='lat' dir='ltr'><strong>equidem,</strong></span> <span class='ocrx_word' id='word_1_385' title='bbox 332 3145 486 3201; x_wconf 90' lang='lat' dir='ltr'><strong>bominum</strong></span> <span class='ocrx_word' id='word_1_386' title='bbox 500 3150 571 3216; x_wconf 90' lang='lat' dir='ltr'><strong>erut,</strong></span> <span class='ocrx_word' id='word_1_387' title='bbox 589 3147 705 3218; x_wconf 87' lang='lat' dir='ltr'><strong>provisu</strong></span> <span class='ocrx_word' id='word_1_388' title='bbox 722 3147 929 3219; x_wconf 74' lang='lat' dir='ltr'><strong>eorumloqui,</strong></span> <span class='ocrx_word' id='word_1_389' title='bbox 945 3127 966 3194; x_wconf 73' lang='grc' dir='ltr'><strong>(Ῑ</strong></span> <span class='ocrx_word' id='word_1_390' title='bbox 985 3152 1067 3206; x_wconf 88' lang='lat' dir='ltr'><strong>Tunc</strong></span> <span class='ocrx_word' id='word_1_391' title='bbox 1083 3166 1209 3221; x_wconf 86' lang='lat' dir='ltr'><strong>quoque,</strong></span> <span class='ocrx_word' id='word_1_392' title='bbox 1226 3151 1258 3202; x_wconf 91' lang='lat' dir='ltr'><strong>ut</strong></span> <span class='ocrx_word' id='word_1_393' title='bbox 1273 3164 1289 3202; x_wconf 91' lang='lat' dir='ltr'><strong>a</strong></span> <span class='ocrx_word' id='word_1_394' title='bbox 1305 3146 1381 3200; x_wconf 91' lang='lat' dir='ltr'><strong>mulo</strong></span> <span class='ocrx_word' id='word_1_395' title='bbox 1397 3144 1506 3200; x_wconf 89' lang='lat' dir='ltr'><strong>indicio</strong></span> <span class='ocrx_word' id='word_1_396' title='bbox 1521 3145 1605 3216; x_wconf 87' lang='lat' dir='ltr'><strong>pejus</strong></span> <span class='ocrx_word' id='word_1_397' title='bbox 1625 3151 1808 3216; x_wconf 86' lang='lat' dir='ltr'><strong>sequeretur,</strong></span> 
     </span>
    </p>
   </div>
   <div class='ocr_carea' id='block_1_11' title="bbox 22 3234 931 4461">
    <p class='ocr_par' dir='ltr' id='par_1_13' title="bbox 22 3234 931 4461">
     <span class='ocr_line' id='line_1_60' title="bbox 106 3234 931 3307; baseline 0.002 -17"><span class='ocrx_word' id='word_1_398' title='bbox 106 3237 249 3303; x_wconf 86' lang='lat' dir='ltr'><strong>tractare;</strong></span> <span class='ocrx_word' id='word_1_399' title='bbox 267 3234 318 3290; x_wconf 89' lang='lat' dir='ltr'><strong>Dei</strong></span> <span class='ocrx_word' id='word_1_400' title='bbox 333 3239 442 3303; x_wconf 88' lang='lat' dir='ltr'><strong>autem,</strong></span> <span class='ocrx_word' id='word_1_401' title='bbox 453 3255 467 3284; x_wconf 78' lang='grc' dir='ltr'>α</span> <span class='ocrx_word' id='word_1_402' title='bbox 482 3234 528 3290; x_wconf 91' lang='lat' dir='ltr'><strong>cui</strong></span> <span class='ocrx_word' id='word_1_403' title='bbox 544 3252 630 3291; x_wconf 91' lang='lat' dir='ltr'><strong>omne</strong></span> <span class='ocrx_word' id='word_1_404' title='bbox 645 3253 694 3290; x_wconf 90' lang='lat' dir='ltr'><strong>cor</strong></span> <span class='ocrx_word' id='word_1_405' title='bbox 708 3237 931 3307; x_wconf 87' lang='lat' dir='ltr'><strong>patet,et0mnis</strong></span> 
     </span>
     <span class='ocr_line' id='line_1_61' title="bbox 104 3322 931 3397; baseline 0.004 -20"><span class='ocrx_word' id='word_1_406' title='bbox 104 3322 239 3379; x_wconf 82' lang='lat' dir='ltr'><strong>voluntas</strong></span> <span class='ocrx_word' id='word_1_407' title='bbox 254 3323 393 3395; x_wconf 90' lang='lat' dir='ltr'><strong>loquitur,</strong></span> <span class='ocrx_word' id='word_1_408' title='bbox 413 3346 425 3373; x_wconf 79' lang='lat' dir='ltr'><strong>o</strong></span> <span class='ocrx_word' id='word_1_409' title='bbox 441 3327 503 3379; x_wconf 87' lang='lat' dir='ltr'><strong>crat</strong></span> <span class='ocrx_word' id='word_1_410' title='bbox 513 3323 656 3395; x_wconf 85' lang='lat' dir='ltr'><strong>judicare.</strong></span> <span class='ocrx_word' id='word_1_411' title='bbox 674 3325 747 3389; x_wconf 85' lang='lat' dir='ltr'><strong>Ouid</strong></span> <span class='ocrx_word' id='word_1_412' title='bbox 763 3325 854 3397; x_wconf 76' lang='lat' dir='ltr'><strong>crgo?</strong></span> <span class='ocrx_word' id='word_1_413' title='bbox 874 3325 931 3380; x_wconf 82' lang='lat' dir='ltr'><strong>Su-</strong></span> 
     </span>
     <span class='ocr_line' id='line_1_62' title="bbox 105 3411 930 3484; baseline 0.002 -17"><span class='ocrx_word' id='word_1_414' title='bbox 105 3411 166 3467; x_wconf 88' lang='lat' dir='ltr'><strong>bito</strong></span> <span class='ocrx_word' id='word_1_415' title='bbox 181 3411 361 3484; x_wconf 79' lang='lat' dir='ltr'><strong>perfidarum</strong></span> <span class='ocrx_word' id='word_1_416' title='bbox 384 3411 489 3467; x_wconf 78' lang='lat' dir='ltr'><strong>vexilla</strong></span> <span class='ocrx_word' id='word_1_417' title='bbox 504 3417 532 3468; x_wconf 91' lang='lat' dir='ltr'><strong>et</strong></span> <span class='ocrx_word' id='word_1_418' title='bbox 561 3413 711 3468; x_wconf 88' lang='lat' dir='ltr'><strong>standaria</strong></span> <span class='ocrx_word' id='word_1_419' title='bbox 732 3430 767 3467; x_wconf 85' lang='lat' dir='ltr'><strong>ex</strong></span> <span class='ocrx_word' id='word_1_420' title='bbox 791 3413 930 3469; x_wconf 87' lang='lat' dir='ltr'><strong>lateribus</strong></span> 
     </span>
     <span class='ocr_line' id='line_1_63' title="bbox 22 3499 929 3573; baseline 0.007 -22"><span class='ocrx_word' id='word_1_421' title='bbox 22 3547 24 3551; x_wconf 89' lang='lat'><em>.</em></span> <span class='ocrx_word' id='word_1_422' title='bbox 106 3499 251 3556; x_wconf 87' lang='lat' dir='ltr'><strong>montium</strong></span> <span class='ocrx_word' id='word_1_423' title='bbox 268 3499 345 3555; x_wconf 88' lang='lat' dir='ltr'><strong>inter</strong></span> <span class='ocrx_word' id='word_1_424' title='bbox 359 3499 462 3556; x_wconf 87' lang='lat' dir='ltr'><strong>oliveta</strong></span> <span class='ocrx_word' id='word_1_425' title='bbox 476 3500 748 3572; x_wconf 90' lang='lat' dir='ltr'><strong>prodeunt;quibus</strong></span> <span class='ocrx_word' id='word_1_426' title='bbox 762 3500 929 3573; x_wconf 88' lang='lat' dir='ltr'><strong>visis,prin-</strong></span> 
     </span>
     <span class='ocr_line' id='line_1_64' title="bbox 105 3587 928 3660; baseline 0.005 -16"><span class='ocrx_word' id='word_1_427' title='bbox 105 3604 174 3660; x_wconf 90' lang='lat' dir='ltr'><strong>ceps</strong></span> <span class='ocrx_word' id='word_1_428' title='bbox 185 3587 241 3643; x_wconf 91' lang='lat' dir='ltr'><strong>boc</strong></span> <span class='ocrx_word' id='word_1_429' title='bbox 256 3588 342 3644; x_wconf 90' lang='lat' dir='ltr'><strong>modo</strong></span> <span class='ocrx_word' id='word_1_430' title='bbox 356 3589 455 3644; x_wconf 91' lang='lat' dir='ltr'><strong>intulit</strong></span> <span class='ocrx_word' id='word_1_431' title='bbox 471 3605 478 3643; x_wconf 91' lang='lat'><strong>:</strong></span> <span class='ocrx_word' id='word_1_432' title='bbox 492 3612 505 3639; x_wconf 78' lang='lat' dir='ltr'><strong>u</strong></span> <span class='ocrx_word' id='word_1_433' title='bbox 521 3589 586 3645; x_wconf 84' lang='lat' dir='ltr'><strong>Eia!</strong></span> <span class='ocrx_word' id='word_1_434' title='bbox 604 3588 712 3645; x_wconf 85' lang='lat' dir='ltr'><strong>milites</strong></span> <span class='ocrx_word' id='word_1_435' title='bbox 725 3589 842 3659; x_wconf 87' lang='lat' dir='ltr'><strong>Christi,</strong></span> <span class='ocrx_word' id='word_1_436' title='bbox 871 3609 928 3648; x_wconf 94' lang='lat' dir='ltr'><strong>non</strong></span> 
     </span>
     <span class='ocr_line' id='line_1_65' title="bbox 105 3677 928 3750; baseline 0.004 -17"><span class='ocrx_word' id='word_1_437' title='bbox 105 3693 160 3733; x_wconf 88' lang='lat' dir='ltr'><strong>nos</strong></span> <span class='ocrx_word' id='word_1_438' title='bbox 175 3677 319 3732; x_wconf 83' lang='lat' dir='ltr'><strong>deterreat</strong></span> <span class='ocrx_word' id='word_1_439' title='bbox 333 3682 480 3733; x_wconf 87' lang='lat' dir='ltr'><strong>certamen</strong></span> <span class='ocrx_word' id='word_1_440' title='bbox 497 3677 638 3750; x_wconf 84' lang='lat' dir='ltr'><strong>mutiplex</strong></span> <span class='ocrx_word' id='word_1_441' title='bbox 653 3683 865 3750; x_wconf 88' lang='lat' dir='ltr'><strong>pugnatorum;</strong></span> <span class='ocrx_word' id='word_1_442' title='bbox 878 3681 928 3736; x_wconf 89' lang='lat' dir='ltr'><strong>sed</strong></span> 
     </span>
     <span class='ocr_line' id='line_1_66' title="bbox 101 3765 927 3841; baseline 0.002 -20"><span class='ocrx_word' id='word_1_443' title='bbox 101 3765 165 3837; x_wconf 79' lang='lat' dir='ltr'><strong>jam</strong></span> <span class='ocrx_word' id='word_1_444' title='bbox 182 3768 313 3821; x_wconf 77' lang='lat' dir='ltr'><strong>exerceat</strong></span> <span class='ocrx_word' id='word_1_445' title='bbox 327 3782 385 3838; x_wconf 93' lang='lat' dir='ltr'><strong>quo</strong></span> <span class='ocrx_word' id='word_1_446' title='bbox 399 3765 496 3839; x_wconf 79' lang='lat' dir='ltr'><strong>vigere</strong></span> <span class='ocrx_word' id='word_1_447' title='bbox 512 3766 654 3822; x_wconf 89' lang='lat' dir='ltr'><strong>debemus</strong></span> <span class='ocrx_word' id='word_1_448' title='bbox 669 3765 770 3823; x_wconf 90' lang='lat' dir='ltr'><strong>militis</strong></span> <span class='ocrx_word' id='word_1_449' title='bbox 787 3768 927 3841; x_wconf 85' lang='lat' dir='ltr'><strong>officium,</strong></span> 
     </span>
     <span class='ocr_line' id='line_1_67' title="bbox 105 3851 929 3926; baseline 0.001 -16"><span class='ocrx_word' id='word_1_450' title='bbox 105 3857 139 3910; x_wconf 87' lang='lat' dir='ltr'><strong>ut</strong></span> <span class='ocrx_word' id='word_1_451' title='bbox 153 3851 361 3926; x_wconf 69' lang='lat' dir='ltr'><strong>qui‘hscto&#39;nus</strong></span> <span class='ocrx_word' id='word_1_452' title='bbox 376 3854 487 3910; x_wconf 90' lang='lat' dir='ltr'><strong>mundo</strong></span> <span class='ocrx_word' id='word_1_453' title='bbox 503 3854 693 3911; x_wconf 85' lang='lat' dir='ltr'><strong>militavimus</strong></span> <span class='ocrx_word' id='word_1_454' title='bbox 708 3855 793 3911; x_wconf 92' lang='lat' dir='ltr'><strong>bodie</strong></span> <span class='ocrx_word' id='word_1_455' title='bbox 808 3857 843 3912; x_wconf 88' lang='lat' dir='ltr'><strong>ab</strong></span> <span class='ocrx_word' id='word_1_456' title='bbox 859 3858 899 3913; x_wconf 84' lang='lat' dir='ltr'><strong>all</strong></span> <span class='ocrx_word' id='word_1_457' title='bbox 916 3889 929 3900; x_wconf 88' lang='lat'><em>-</em></span> 
     </span>
     <span class='ocr_line' id='line_1_68' title="bbox 29 3934 928 4010; baseline 0.003 -12"><span class='ocrx_word' id='word_1_458' title='bbox 29 3934 32 3939; x_wconf 69' lang='grc'><strong>’</strong></span> <span class='ocrx_word' id='word_1_459' title='bbox 104 3945 154 3999; x_wconf 89' lang='lat' dir='ltr'><strong>ctu</strong></span> <span class='ocrx_word' id='word_1_460' title='bbox 168 3943 354 4009; x_wconf 88' lang='lat' dir='ltr'><strong>decertando,</strong></span> <span class='ocrx_word' id='word_1_461' title='bbox 371 3942 431 3998; x_wconf 85' lang='lat' dir='ltr'><strong>sive</strong></span> <span class='ocrx_word' id='word_1_462' title='bbox 444 3942 501 3998; x_wconf 76' lang='lat' dir='ltr'><strong>viti</strong></span> <span class='ocrx_word' id='word_1_463' title='bbox 516 3943 575 3999; x_wconf 84' lang='lat' dir='ltr'><strong>sive</strong></span> <span class='ocrx_word' id='word_1_464' title='bbox 597 3943 714 4010; x_wconf 91' lang='lat' dir='ltr'><strong>mortui,</strong></span> <span class='ocrx_word' id='word_1_465' title='bbox 742 3944 799 4000; x_wconf 88' lang='lat' dir='ltr'><strong>Deo</strong></span> <span class='ocrx_word' id='word_1_466' title='bbox 821 3945 928 4002; x_wconf 89' lang='lat' dir='ltr'><strong>milite-</strong></span> 
     </span>
     <span class='ocr_line' id='line_1_69' title="bbox 104 4030 928 4105; baseline 0.005 -19"><span class='ocrx_word' id='word_1_467' title='bbox 104 4047 182 4087; x_wconf 89' lang='lat' dir='ltr'><strong>mus.</strong></span> <span class='ocrx_word' id='word_1_468' title='bbox 200 4052 215 4081; x_wconf 85' lang='lat'>»</span> <span class='ocrx_word' id='word_1_469' title='bbox 230 4030 282 4087; x_wconf 87' lang='lat' dir='ltr'><strong>llis</strong></span> <span class='ocrx_word' id='word_1_470' title='bbox 295 4031 381 4088; x_wconf 88' lang='lat' dir='ltr'><strong>dictis</strong></span> <span class='ocrx_word' id='word_1_471' title='bbox 391 4031 928 4105; x_wconf 86' lang='lat' dir='ltr'><strong>imperatltainaldumMasuerumtri·</strong></span> 
     </span>
     <span class='ocr_line' id='line_1_70' title="bbox 104 4118 928 4196; baseline 0.005 -21"><span class='ocrx_word' id='word_1_472' title='bbox 104 4118 174 4193; x_wconf 86' lang='lat' dir='ltr'><strong>plici</strong></span> <span class='ocrx_word' id='word_1_473' title='bbox 189 4119 307 4176; x_wconf 91' lang='lat' dir='ltr'><strong>cohorte</strong></span> <span class='ocrx_word' id='word_1_474' title='bbox 320 4120 489 4194; x_wconf 76' lang='lat' dir='ltr'><strong>premuniri</strong></span> <span class='ocrx_word' id='word_1_475' title='bbox 506 4120 657 4188; x_wconf 89' lang='lat' dir='ltr'><strong>citissime,</strong></span> <span class='ocrx_word' id='word_1_476' title='bbox 670 4126 702 4177; x_wconf 90' lang='lat' dir='ltr'><strong>ut</strong></span> <span class='ocrx_word' id='word_1_477' title='bbox 717 4122 861 4179; x_wconf 89' lang='lat' dir='ltr'><strong>intrantes</strong></span> <span class='ocrx_word' id='word_1_478' title='bbox 878 4141 928 4196; x_wconf 90' lang='lat' dir='ltr'><strong>per</strong></span> 
     </span>
     <span class='ocr_line' id='line_1_71' title="bbox 103 4207 925 4282; baseline 0.005 -18"><span class='ocrx_word' id='word_1_479' title='bbox 103 4207 236 4265; x_wconf 84' lang='lat' dir='ltr'><strong>districta</strong></span> <span class='ocrx_word' id='word_1_480' title='bbox 250 4209 414 4265; x_wconf 86' lang='lat' dir='ltr'><strong>Samartuni</strong></span> <span class='ocrx_word' id='word_1_481' title='bbox 432 4209 506 4265; x_wconf 88' lang='lat' dir='ltr'><strong>bello</strong></span> <span class='ocrx_word' id='word_1_482' title='bbox 533 4210 676 4282; x_wconf 86' lang='lat' dir='ltr'><strong>percutiat</strong></span> <span class='ocrx_word' id='word_1_483' title='bbox 698 4211 925 4276; x_wconf 80' lang='lat' dir='ltr'><strong>evidentissime,</strong></span> 
     </span>
     <span class='ocr_line' id='line_1_72' title="bbox 102 4297 925 4373; baseline 0.004 -19"><span class='ocrx_word' id='word_1_484' title='bbox 102 4314 193 4371; x_wconf 81' lang='lat' dir='ltr'><strong>seque</strong></span> <span class='ocrx_word' id='word_1_485' title='bbox 207 4297 333 4354; x_wconf 86' lang='lat' dir='ltr'><strong>asseruit</strong></span> <span class='ocrx_word' id='word_1_486' title='bbox 344 4298 402 4353; x_wconf 86' lang='lat' dir='ltr'><strong>vim</strong></span> <span class='ocrx_word' id='word_1_487' title='bbox 416 4299 925 4373; x_wconf 73' lang='lat' dir='ltr'><strong>nefandorumprincipumquoeun-</strong></span> 
     </span>
     <span class='ocr_line' id='line_1_73' title="bbox 104 4385 924 4461; baseline 0.005 -19"><span class='ocrx_word' id='word_1_488' title='bbox 104 4388 161 4459; x_wconf 76' lang='lat' dir='ltr'><strong>qua</strong></span> <span class='ocrx_word' id='word_1_489' title='bbox 176 4385 278 4443; x_wconf 84' lang='lat' dir='ltr'><strong>calvel</strong></span> <span class='ocrx_word' id='word_1_490' title='bbox 293 4387 344 4443; x_wconf 92' lang='lat' dir='ltr'><strong>ubi</strong></span> <span class='ocrx_word' id='word_1_491' title='bbox 369 4387 519 4455; x_wconf 81' lang='lat' dir='ltr'><strong>consistat,</strong></span> <span class='ocrx_word' id='word_1_492' title='bbox 545 4392 644 4444; x_wconf 90' lang='lat' dir='ltr'><strong>monte</strong></span> <span class='ocrx_word' id='word_1_493' title='bbox 667 4388 709 4443; x_wconf 87' lang='lat' dir='ltr'><strong>vel</strong></span> <span class='ocrx_word' id='word_1_494' title='bbox 734 4388 831 4461; x_wconf 88' lang='lat' dir='ltr'><strong>plano,</strong></span> <span class='ocrx_word' id='word_1_495' title='bbox 859 4408 924 4446; x_wconf 90' lang='lat' dir='ltr'><strong>cum</strong></span> 
     </span>
    </p>
   </div>
   <div class='ocr_carea' id='block_1_12' title="bbox 981 3232 1810 4460">
    <p class='ocr_par' dir='ltr' id='par_1_14' title="bbox 981 3232 1810 4460">
     <span class='ocr_line' id='line_1_74' title="bbox 985 3232 1810 3310; baseline -0.007 -16"><span class='ocrx_word' id='word_1_496' title='bbox 985 3240 1072 3295; x_wconf 88' lang='lat' dir='ltr'><strong>turbo</strong></span> <span class='ocrx_word' id='word_1_497' title='bbox 1088 3240 1124 3294; x_wconf 84' lang='lat' dir='ltr'><strong>ab</strong></span> <span class='ocrx_word' id='word_1_498' title='bbox 1141 3236 1276 3310; x_wconf 88' lang='lat' dir='ltr'><strong>aquilone</strong></span> <span class='ocrx_word' id='word_1_499' title='bbox 1292 3235 1438 3307; x_wconf 90' lang='lat' dir='ltr'><strong>prodiens,</strong></span> <span class='ocrx_word' id='word_1_500' title='bbox 1456 3234 1484 3287; x_wconf 93' lang='lat' dir='ltr'><strong>in</strong></span> <span class='ocrx_word' id='word_1_501' title='bbox 1501 3232 1596 3288; x_wconf 86' lang='lat' dir='ltr'><strong>medio</strong></span> <span class='ocrx_word' id='word_1_502' title='bbox 1612 3232 1678 3289; x_wconf 89' lang='lat' dir='ltr'><strong>belli</strong></span> <span class='ocrx_word' id='word_1_503' title='bbox 1705 3250 1810 3306; x_wconf 89' lang='lat' dir='ltr'><strong>campo</strong></span> 
     </span>
     <span class='ocr_line' id='line_1_75' title="bbox 985 3322 1809 3396; baseline -0.007 -11"><span class='ocrx_word' id='word_1_504' title='bbox 985 3330 1098 3385; x_wconf 88' lang='lat' dir='ltr'><strong>cunctis</strong></span> <span class='ocrx_word' id='word_1_505' title='bbox 1113 3327 1308 3383; x_wconf 81' lang='lat' dir='ltr'><strong>cernentibus.</strong></span> <span class='ocrx_word' id='word_1_506' title='bbox 1322 3323 1404 3380; x_wconf 73' lang='lat' dir='ltr'><strong>bresit</strong></span> <span class='ocrx_word' id='word_1_507' title='bbox 1420 3322 1809 3396; x_wconf 88' lang='lat' dir='ltr'><strong>bumi,bumiqueserpendo</strong></span> 
     </span>
     <span class='ocr_line' id='line_1_76' title="bbox 985 3411 1809 3491; baseline -0.01 -17"><span class='ocrx_word' id='word_1_508' title='bbox 985 3419 1132 3491; x_wconf 82' lang='lat' dir='ltr'><strong>pulvorem</strong></span> <span class='ocrx_word' id='word_1_509' title='bbox 1149 3416 1263 3488; x_wconf 79' lang='lat' dir='ltr'><strong>rapuit3</strong></span> <span class='ocrx_word' id='word_1_510' title='bbox 1281 3415 1329 3486; x_wconf 90' lang='lat' dir='ltr'><strong>qni</strong></span> <span class='ocrx_word' id='word_1_511' title='bbox 1346 3413 1518 3469; x_wconf 84' lang='lat' dir='ltr'><strong>bellantium</strong></span> <span class='ocrx_word' id='word_1_512' title='bbox 1535 3411 1633 3467; x_wconf 87' lang='lat' dir='ltr'><strong>oculos</strong></span> <span class='ocrx_word' id='word_1_513' title='bbox 1655 3429 1690 3468; x_wconf 92' lang='lat' dir='ltr'><strong>nc</strong></span> <span class='ocrx_word' id='word_1_514' title='bbox 1706 3411 1809 3468; x_wconf 85' lang='lat' dir='ltr'><strong>bellari</strong></span> 
     </span>
     <span class='ocr_line' id='line_1_77' title="bbox 985 3501 1810 3580; baseline -0.007 -17"><span class='ocrx_word' id='word_1_515' title='bbox 985 3512 1115 3580; x_wconf 89' lang='lat' dir='ltr'><strong>possent,</strong></span> <span class='ocrx_word' id='word_1_516' title='bbox 1132 3505 1254 3560; x_wconf 85' lang='lat' dir='ltr'><strong>inlectos</strong></span> <span class='ocrx_word' id='word_1_517' title='bbox 1269 3503 1374 3566; x_wconf 89' lang='lat' dir='ltr'><strong>tenuit,</strong></span> <span class='ocrx_word' id='word_1_518' title='bbox 1391 3507 1419 3557; x_wconf 90' lang='lat' dir='ltr'><strong>ct</strong></span> <span class='ocrx_word' id='word_1_519' title='bbox 1433 3501 1810 3574; x_wconf 76' lang='lat' dir='ltr'><strong>sepergprumdeducendo</strong></span> 
     </span>
     <span class='ocr_line' id='line_1_78' title="bbox 984 3590 1808 3664; baseline -0.008 -13"><span class='ocrx_word' id='word_1_520' title='bbox 984 3596 1147 3650; x_wconf 91' lang='lat' dir='ltr'><strong>inmodum</strong></span> <span class='ocrx_word' id='word_1_521' title='bbox 1174 3592 1242 3648; x_wconf 90' lang='lat' dir='ltr'><strong>dolii</strong></span> <span class='ocrx_word' id='word_1_522' title='bbox 1273 3591 1440 3663; x_wconf 89' lang='lat' dir='ltr'><strong>sulphureis</strong></span> <span class='ocrx_word' id='word_1_523' title='bbox 1471 3590 1589 3664; x_wconf 77' lang='lat' dir='ltr'><strong>ignibus</strong></span> <span class='ocrx_word' id='word_1_524' title='bbox 1617 3590 1808 3658; x_wconf 89' lang='lat' dir='ltr'><strong>concremari,</strong></span> 
     </span>
     <span class='ocr_line' id='line_1_79' title="bbox 984 3678 1810 3757; baseline -0.005 -17"><span class='ocrx_word' id='word_1_525' title='bbox 984 3685 1067 3757; x_wconf 87' lang='lat' dir='ltr'><strong>quasi</strong></span> <span class='ocrx_word' id='word_1_526' title='bbox 1083 3684 1118 3739; x_wconf 92' lang='lat' dir='ltr'><strong>ad</strong></span> <span class='ocrx_word' id='word_1_527' title='bbox 1135 3688 1232 3738; x_wconf 88' lang='lat' dir='ltr'><strong>castra</strong></span> <span class='ocrx_word' id='word_1_528' title='bbox 1247 3681 1360 3736; x_wconf 82' lang='lat' dir='ltr'><strong>ontulit.</strong></span> <span class='ocrx_word' id='word_1_529' title='bbox 1378 3678 1711 3746; x_wconf 73' lang='lat' dir='ltr'><strong>Quavisoabunivcrsis</strong></span> <span class='ocrx_word' id='word_1_530' title='bbox 1722 3679 1810 3736; x_wconf 84' lang='lat' dir='ltr'><strong>scele-</strong></span> 
     </span>
     <span class='ocr_line' id='line_1_80' title="bbox 983 3767 1809 3844; baseline -0.006 -16"><span class='ocrx_word' id='word_1_531' title='bbox 983 3779 1112 3830; x_wconf 88' lang='lat' dir='ltr'><strong>ratorum</strong></span> <span class='ocrx_word' id='word_1_532' title='bbox 1128 3771 1260 3844; x_wconf 89' lang='lat' dir='ltr'><strong>partibus</strong></span> <span class='ocrx_word' id='word_1_533' title='bbox 1277 3769 1369 3825; x_wconf 91' lang='lat' dir='ltr'><strong>oritur</strong></span> <span class='ocrx_word' id='word_1_534' title='bbox 1384 3767 1493 3824; x_wconf 89' lang='lat' dir='ltr'><strong>clamor</strong></span> <span class='ocrx_word' id='word_1_535' title='bbox 1508 3767 1809 3823; x_wconf 88' lang='lat' dir='ltr'><strong>tmmensusathorri-</strong></span> 
     </span>
     <span class='ocr_line' id='line_1_81' title="bbox 984 3856 1809 3932; baseline -0.006 -14"><span class='ocrx_word' id='word_1_536' title='bbox 984 3862 1061 3918; x_wconf 86' lang='lat' dir='ltr'><strong>bilis.</strong></span> <span class='ocrx_word' id='word_1_537' title='bbox 1079 3861 1216 3932; x_wconf 89' lang='lat' dir='ltr'><strong>Princeps</strong></span> <span class='ocrx_word' id='word_1_538' title='bbox 1230 3864 1328 3915; x_wconf 85' lang='lat' dir='ltr'><strong>tamon</strong></span> <span class='ocrx_word' id='word_1_539' title='bbox 1345 3857 1489 3914; x_wconf 87' lang='lat' dir='ltr'><strong>constanti</strong></span> <span class='ocrx_word' id='word_1_540' title='bbox 1506 3856 1809 3913; x_wconf 85' lang='lat' dir='ltr'><strong>animuinccrtamine</strong></span> 
     </span>
     <span class='ocr_line' id='line_1_82' title="bbox 982 3944 1807 4024; baseline -0.01 -17"><span class='ocrx_word' id='word_1_541' title='bbox 982 3967 1180 4024; x_wconf 80' lang='lat' dir='ltr'><strong>perseverans.</strong></span> <span class='ocrx_word' id='word_1_542' title='bbox 1206 3948 1268 4004; x_wconf 91' lang='lat' dir='ltr'><strong>suis</strong></span> <span class='ocrx_word' id='word_1_543' title='bbox 1294 3946 1421 4018; x_wconf 86' lang='lat' dir='ltr'><strong>undiquc</strong></span> <span class='ocrx_word' id='word_1_544' title='bbox 1452 3945 1606 4018; x_wconf 81' lang='lat' dir='ltr'><strong>prostratis</strong></span> <span class='ocrx_word' id='word_1_545' title='bbox 1635 3949 1664 4000; x_wconf 91' lang='lat' dir='ltr'><strong>et</strong></span> <span class='ocrx_word' id='word_1_546' title='bbox 1691 3944 1807 4011; x_wconf 88' lang='lat' dir='ltr'><strong>occisis,</strong></span> 
     </span>
     <span class='ocr_line' id='line_1_83' title="bbox 983 4032 1809 4111; baseline -0.006 -17"><span class='ocrx_word' id='word_1_547' title='bbox 983 4055 1134 4111; x_wconf 87' lang='lat' dir='ltr'><strong>nunquam</strong></span> <span class='ocrx_word' id='word_1_548' title='bbox 1151 4042 1310 4093; x_wconf 87' lang='lat' dir='ltr'><strong>retrorsum</strong></span> <span class='ocrx_word' id='word_1_549' title='bbox 1326 4036 1397 4090; x_wconf 87' lang='lat' dir='ltr'><strong>abiit</strong></span> <span class='ocrx_word' id='word_1_550' title='bbox 1413 4051 1464 4089; x_wconf 89' lang='lat' dir='ltr'><strong>noc</strong></span> <span class='ocrx_word' id='word_1_551' title='bbox 1480 4033 1617 4105; x_wconf 86' lang='lat' dir='ltr'><strong>respexit,</strong></span> <span class='ocrx_word' id='word_1_552' title='bbox 1634 4032 1685 4089; x_wconf 88' lang='lat' dir='ltr'><strong>scd</strong></span> <span class='ocrx_word' id='word_1_553' title='bbox 1702 4049 1809 4105; x_wconf 87' lang='lat' dir='ltr'><strong>parens</strong></span> 
     </span>
     <span class='ocr_line' id='line_1_84' title="bbox 981 4121 1808 4200; baseline -0.007 -17"><span class='ocrx_word' id='word_1_554' title='bbox 981 4127 1104 4200; x_wconf 90' lang='lat' dir='ltr'><strong>imperio</strong></span> <span class='ocrx_word' id='word_1_555' title='bbox 1120 4124 1235 4181; x_wconf 91' lang='lat' dir='ltr'><strong>Domini</strong></span> <span class='ocrx_word' id='word_1_556' title='bbox 1250 4128 1278 4180; x_wconf 91' lang='lat' dir='ltr'><strong>et</strong></span> <span class='ocrx_word' id='word_1_557' title='bbox 1294 4123 1452 4196; x_wconf 82' lang='lat' dir='ltr'><strong>pontilicis,</strong></span> <span class='ocrx_word' id='word_1_558' title='bbox 1464 4122 1566 4195; x_wconf 88' lang='lat' dir='ltr'><strong>paucis</strong></span> <span class='ocrx_word' id='word_1_559' title='bbox 1581 4123 1669 4178; x_wconf 80' lang='lat' dir='ltr'><strong>ettam</strong></span> <span class='ocrx_word' id='word_1_560' title='bbox 1685 4121 1808 4177; x_wconf 89' lang='lat' dir='ltr'><strong>comita·</strong></span> 
     </span>
     <span class='ocr_line' id='line_1_85' title="bbox 981 4211 1810 4282; baseline -0.005 -10"><span class='ocrx_word' id='word_1_561' title='bbox 981 4222 1040 4282; x_wconf 91' lang='lat' dir='ltr'><strong>tus,</strong></span> <span class='ocrx_word' id='word_1_562' title='bbox 1068 4219 1168 4270; x_wconf 85' lang='lat' dir='ltr'><strong>contre</strong></span> <span class='ocrx_word' id='word_1_563' title='bbox 1191 4214 1250 4268; x_wconf 86' lang='lat' dir='ltr'><strong>vim</strong></span> <span class='ocrx_word' id='word_1_564' title='bbox 1277 4212 1367 4268; x_wconf 85' lang='lat' dir='ltr'><strong>totius</strong></span> <span class='ocrx_word' id='word_1_565' title='bbox 1390 4216 1508 4267; x_wconf 86' lang='lat' dir='ltr'><strong>strenue</strong></span> <span class='ocrx_word' id='word_1_566' title='bbox 1535 4211 1721 4278; x_wconf 90' lang='lat' dir='ltr'><strong>decertando,</strong></span> <span class='ocrx_word' id='word_1_567' title='bbox 1738 4228 1810 4268; x_wconf 87' lang='lat' dir='ltr'><strong>ense</strong></span> 
     </span>
     <span class='ocr_line' id='line_1_86' title="bbox 982 4300 1807 4375; baseline -0.005 -15"><span class='ocrx_word' id='word_1_568' title='bbox 982 4304 1084 4360; x_wconf 89' lang='lat' dir='ltr'><strong>militis</strong></span> <span class='ocrx_word' id='word_1_569' title='bbox 1100 4319 1258 4375; x_wconf 88' lang='lat' dir='ltr'><strong>percussus</strong></span> <span class='ocrx_word' id='word_1_570' title='bbox 1273 4319 1324 4374; x_wconf 88' lang='lat' dir='ltr'><strong>per</strong></span> <span class='ocrx_word' id='word_1_571' title='bbox 1339 4300 1470 4356; x_wconf 89' lang='lat' dir='ltr'><strong>modium</strong></span> <span class='ocrx_word' id='word_1_572' title='bbox 1487 4300 1549 4355; x_wconf 92' lang='lat' dir='ltr'><strong>nasi</strong></span> <span class='ocrx_word' id='word_1_573' title='bbox 1575 4301 1693 4356; x_wconf 90' lang='lat' dir='ltr'><strong>cerebro</strong></span> <span class='ocrx_word' id='word_1_574' title='bbox 1709 4305 1807 4368; x_wconf 88' lang='lat' dir='ltr'><strong>tenus,</strong></span> 
     </span>
     <span class='ocr_line' id='line_1_87' title="bbox 981 4387 1809 4460; baseline -0.004 -12"><span class='ocrx_word' id='word_1_575' title='bbox 981 4393 1009 4448; x_wconf 92' lang='lat' dir='ltr'><strong>in</strong></span> <span class='ocrx_word' id='word_1_576' title='bbox 1027 4394 1144 4448; x_wconf 90' lang='lat' dir='ltr'><strong>nomine</strong></span> <span class='ocrx_word' id='word_1_577' title='bbox 1160 4391 1275 4447; x_wconf 91' lang='lat' dir='ltr'><strong>Domini</strong></span> <span class='ocrx_word' id='word_1_578' title='bbox 1296 4391 1381 4446; x_wconf 90' lang='lat' dir='ltr'><strong>morti</strong></span> <span class='ocrx_word' id='word_1_579' title='bbox 1398 4389 1541 4445; x_wconf 89' lang='lat' dir='ltr'><strong>tributum</strong></span> <span class='ocrx_word' id='word_1_580' title='bbox 1560 4387 1809 4460; x_wconf 79' lang='lat' dir='ltr'><strong>persolvendcde·</strong></span> 
     </span>
    </p>
   </div>
   <div class='ocr_carea' id='block_1_13' title="bbox 103 4475 1808 4727">
    <p class='ocr_par' dir='ltr' id='par_1_15' title="bbox 103 4475 1808 4727">
     <span class='ocr_line' id='line_1_88' title="bbox 103 4475 1808 4559; baseline 0.001 -27"><span class='ocrx_word' id='word_1_581' title='bbox 103 4475 154 4532; x_wconf 88' lang='lat' dir='ltr'><strong>Dai</strong></span> <span class='ocrx_word' id='word_1_582' title='bbox 165 4475 329 4547; x_wconf 83' lang='lat' dir='ltr'><strong>juvamine,</strong></span> <span class='ocrx_word' id='word_1_583' title='bbox 345 4477 488 4533; x_wconf 87' lang='lat' dir='ltr'><strong>accerime</strong></span> <span class='ocrx_word' id='word_1_584' title='bbox 502 4478 799 4548; x_wconf 80' lang='lat' dir='ltr'><strong>percussurum.Quid</strong></span> <span class='ocrx_word' id='word_1_585' title='bbox 822 4478 925 4535; x_wconf 90' lang='lat' dir='ltr'><strong>horum</strong></span> <span class='ocrx_word' id='word_1_586' title='bbox 942 4495 964 4559; x_wconf 70' lang='grc' dir='ltr'><strong>Ι)</strong></span> <span class='ocrx_word' id='word_1_587' title='bbox 981 4482 1085 4549; x_wconf 88' lang='lat' dir='ltr'><strong>bitum,</strong></span> <span class='ocrx_word' id='word_1_588' title='bbox 1102 4497 1199 4537; x_wconf 86' lang='lat' dir='ltr'><strong>coram</strong></span> <span class='ocrx_word' id='word_1_589' title='bbox 1215 4480 1299 4552; x_wconf 88' lang='lat' dir='ltr'><strong>signo</strong></span> <span class='ocrx_word' id='word_1_590' title='bbox 1315 4483 1422 4534; x_wconf 80' lang='lat' dir='ltr'><strong>sancta</strong></span> <span class='ocrx_word' id='word_1_591' title='bbox 1438 4478 1533 4534; x_wconf 90' lang='lat' dir='ltr'><strong>erucis</strong></span> <span class='ocrx_word' id='word_1_592' title='bbox 1548 4494 1654 4551; x_wconf 88' lang='lat' dir='ltr'><strong>corpus</strong></span> <span class='ocrx_word' id='word_1_593' title='bbox 1670 4481 1764 4545; x_wconf 75' lang='lat' dir='ltr'><strong>terre,</strong></span> <span class='ocrx_word' id='word_1_594' title='bbox 1777 4482 1808 4533; x_wconf 89' lang='lat' dir='ltr'><strong>et</strong></span> 
     </span>
     <span class='ocr_line' id='line_1_89' title="bbox 104 4563 1807 4639; baseline 0.001 -20"><span class='ocrx_word' id='word_1_595' title='bbox 104 4563 221 4638; x_wconf 86' lang='lat' dir='ltr'><strong>singula</strong></span> <span class='ocrx_word' id='word_1_596' title='bbox 234 4565 249 4620; x_wconf 83' lang='lat' dir='ltr'><strong>‘t</strong></span> <span class='ocrx_word' id='word_1_597' title='bbox 263 4565 345 4621; x_wconf 88' lang='lat' dir='ltr'><strong>Sicut</strong></span> <span class='ocrx_word' id='word_1_598' title='bbox 359 4565 466 4639; x_wconf 78' lang='lat' dir='ltr'><strong>sepius</strong></span> <span class='ocrx_word' id='word_1_599' title='bbox 481 4569 549 4621; x_wconf 87' lang='lat' dir='ltr'><strong>ante</strong></span> <span class='ocrx_word' id='word_1_600' title='bbox 564 4565 748 4637; x_wconf 87' lang='lat' dir='ltr'><strong>disposuerat</strong></span> <span class='ocrx_word' id='word_1_601' title='bbox 767 4566 843 4623; x_wconf 89' lang='lat' dir='ltr'><strong>acies</strong></span> <span class='ocrx_word' id='word_1_602' title='bbox 865 4567 927 4623; x_wconf 89' lang='lat' dir='ltr'><strong>sin·</strong></span> <span class='ocrx_word' id='word_1_603' title='bbox 982 4571 1110 4627; x_wconf 89' lang='lat' dir='ltr'><strong>animam</strong></span> <span class='ocrx_word' id='word_1_604' title='bbox 1126 4570 1198 4625; x_wconf 85' lang='lat' dir='ltr'><strong>coeto</strong></span> <span class='ocrx_word' id='word_1_605' title='bbox 1214 4567 1351 4623; x_wconf 87' lang='lat' dir='ltr'><strong>reddidit.</strong></span> <span class='ocrx_word' id='word_1_606' title='bbox 1370 4568 1426 4623; x_wconf 90' lang='lat' dir='ltr'><strong>llae</strong></span> <span class='ocrx_word' id='word_1_607' title='bbox 1442 4566 1571 4623; x_wconf 87' lang='lat' dir='ltr'><strong>illatione</strong></span> <span class='ocrx_word' id='word_1_608' title='bbox 1582 4567 1807 4639; x_wconf 84' lang='lat' dir='ltr'><strong>tacta,peremp-</strong></span> 
     </span>
     <span class='ocr_line' id='line_1_90' title="bbox 103 4652 1806 4727; baseline 0.001 -18"><span class='ocrx_word' id='word_1_609' title='bbox 103 4652 329 4727; x_wconf 84' lang='lat' dir='ltr'><strong>gulss&#39;singulls</strong></span> <span class='ocrx_word' id='word_1_610' title='bbox 342 4653 496 4710; x_wconf 90' lang='lat' dir='ltr'><strong>ordinibus</strong></span> <span class='ocrx_word' id='word_1_611' title='bbox 512 4653 727 4721; x_wconf 90' lang='lat' dir='ltr'><strong>incedere,tunc</strong></span> <span class='ocrx_word' id='word_1_612' title='bbox 743 4670 859 4727; x_wconf 88' lang='lat' dir='ltr'><strong>quoque</strong></span> <span class='ocrx_word' id='word_1_613' title='bbox 874 4656 925 4711; x_wconf 93' lang='lat' dir='ltr'><strong>im·</strong></span> <span class='ocrx_word' id='word_1_614' title='bbox 979 4661 1007 4713; x_wconf 91' lang='lat' dir='ltr'><strong>to</strong></span> <span class='ocrx_word' id='word_1_615' title='bbox 1024 4656 1174 4713; x_wconf 87' lang='lat' dir='ltr'><strong>sacerdote</strong></span> <span class='ocrx_word' id='word_1_616' title='bbox 1188 4655 1321 4710; x_wconf 87' lang='lat' dir='ltr'><strong>eamdem</strong></span> <span class='ocrx_word' id='word_1_617' title='bbox 1348 4671 1464 4710; x_wconf 87' lang='lat' dir='ltr'><strong>crucem</strong></span> <span class='ocrx_word' id='word_1_618' title='bbox 1485 4654 1623 4709; x_wconf 90' lang='lat' dir='ltr'><strong>manibus</strong></span> <span class='ocrx_word' id='word_1_619' title='bbox 1647 4653 1806 4722; x_wconf 79' lang='lat' dir='ltr'><strong>deferente,</strong></span> 
     </span>
    </p>
   </div>
   <div class='ocr_carea' id='block_1_14' title="bbox 103 4739 1809 4994">
    <p class='ocr_par' dir='ltr' id='par_1_16' title="bbox 103 4739 1809 4994">
     <span class='ocr_line' id='line_1_91' title="bbox 104 4739 1806 4818; baseline 0.001 -20"><span class='ocrx_word' id='word_1_620' title='bbox 104 4739 224 4814; x_wconf 88' lang='lat' dir='ltr'><strong>peravit,</strong></span> <span class='ocrx_word' id='word_1_621' title='bbox 240 4743 291 4798; x_wconf 89' lang='lat' dir='ltr'><strong>sed</strong></span> <span class='ocrx_word' id='word_1_622' title='bbox 308 4742 399 4799; x_wconf 90' lang='lat' dir='ltr'><strong>multo</strong></span> <span class='ocrx_word' id='word_1_623' title='bbox 416 4742 531 4798; x_wconf 89' lang='lat' dir='ltr'><strong>melius.</strong></span> <span class='ocrx_word' id='word_1_624' title='bbox 547 4742 595 4797; x_wconf 82' lang='lat' dir='ltr'><strong>Ait</strong></span> <span class='ocrx_word' id='word_1_625' title='bbox 608 4742 686 4798; x_wconf 92' lang='lat' dir='ltr'><strong>enim</strong></span> <span class='ocrx_word' id='word_1_626' title='bbox 705 4760 711 4797; x_wconf 92' lang='lat'>:</span> <span class='ocrx_word' id='word_1_627' title='bbox 729 4767 741 4792; x_wconf 79' lang='lat' dir='ltr'><strong>u</strong></span> <span class='ocrx_word' id='word_1_628' title='bbox 759 4744 790 4798; x_wconf 93' lang='lat' dir='ltr'><strong>ln</strong></span> <span class='ocrx_word' id='word_1_629' title='bbox 807 4745 925 4800; x_wconf 91' lang='lat' dir='ltr'><strong>nomine</strong></span> <span class='ocrx_word' id='word_1_630' title='bbox 980 4746 1078 4818; x_wconf 90' lang='lat' dir='ltr'><strong>plures</strong></span> <span class='ocrx_word' id='word_1_631' title='bbox 1093 4744 1180 4799; x_wconf 83' lang='lat' dir='ltr'><strong>etiarn</strong></span> <span class='ocrx_word' id='word_1_632' title='bbox 1197 4744 1374 4815; x_wconf 84' lang='lat' dir='ltr'><strong>perfidorum</strong></span> <span class='ocrx_word' id='word_1_633' title='bbox 1390 4742 1550 4798; x_wconf 91' lang='lat' dir='ltr'><strong>ambitione</strong></span> <span class='ocrx_word' id='word_1_634' title='bbox 1573 4741 1635 4798; x_wconf 87' lang='lat' dir='ltr'><strong>auri</strong></span> <span class='ocrx_word' id='word_1_635' title='bbox 1662 4744 1806 4815; x_wconf 89' lang='lat' dir='ltr'><strong>pretioso·</strong></span> 
     </span>
     <span class='ocr_line' id='line_1_92' title="bbox 103 4830 1809 4905; baseline 0.001 -20"><span class='ocrx_word' id='word_1_636' title='bbox 103 4830 221 4886; x_wconf 90' lang='lat' dir='ltr'><strong>Domini</strong></span> <span class='ocrx_word' id='word_1_637' title='bbox 236 4831 327 4886; x_wconf 91' lang='lat' dir='ltr'><strong>nostri</strong></span> <span class='ocrx_word' id='word_1_638' title='bbox 342 4832 412 4888; x_wconf 90' lang='lat' dir='ltr'><strong>Jesu</strong></span> <span class='ocrx_word' id='word_1_639' title='bbox 429 4832 548 4897; x_wconf 85' lang='lat' dir='ltr'><strong>Christi,</strong></span> <span class='ocrx_word' id='word_1_640' title='bbox 566 4831 925 4905; x_wconf 87' lang='lat' dir='ltr'><strong>utdecetmilitesprolege</strong></span> <span class='ocrx_word' id='word_1_641' title='bbox 979 4850 1103 4905; x_wconf 88' lang='lat' dir='ltr'><strong>rumque</strong></span> <span class='ocrx_word' id='word_1_642' title='bbox 1119 4831 1250 4904; x_wconf 88' lang='lat' dir='ltr'><strong>lapidum</strong></span> <span class='ocrx_word' id='word_1_643' title='bbox 1266 4831 1352 4904; x_wconf 88' lang='lat' dir='ltr'><strong>capti,</strong></span> <span class='ocrx_word' id='word_1_644' title='bbox 1370 4831 1427 4885; x_wconf 84' lang='lat' dir='ltr'><strong>vim</strong></span> <span class='ocrx_word' id='word_1_645' title='bbox 1442 4831 1559 4886; x_wconf 88' lang='lat' dir='ltr'><strong>virtutis</strong></span> <span class='ocrx_word' id='word_1_646' title='bbox 1576 4831 1622 4886; x_wconf 84' lang='lat' dir='ltr'><strong>[tei</strong></span> <span class='ocrx_word' id='word_1_647' title='bbox 1635 4831 1664 4885; x_wconf 90' lang='lat' dir='ltr'><strong>in</strong></span> <span class='ocrx_word' id='word_1_648' title='bbox 1676 4831 1809 4886; x_wconf 87' lang='lat' dir='ltr'><strong>crucela·</strong></span> 
     </span>
     <span class='ocr_line' id='line_1_93' title="bbox 103 4918 1807 4994; baseline 0.001 -20"><span class='ocrx_word' id='word_1_649' title='bbox 103 4918 154 4974; x_wconf 91' lang='lat' dir='ltr'><strong>Dei</strong></span> <span class='ocrx_word' id='word_1_650' title='bbox 168 4920 287 4988; x_wconf 84' lang='lat' dir='ltr'><strong>tuende,</strong></span> <span class='ocrx_word' id='word_1_651' title='bbox 304 4920 360 4975; x_wconf 90' lang='lat' dir='ltr'><strong>iter</strong></span> <span class='ocrx_word' id='word_1_652' title='bbox 373 4921 501 4993; x_wconf 90' lang='lat' dir='ltr'><strong>arripite,</strong></span> <span class='ocrx_word' id='word_1_653' title='bbox 517 4924 546 4975; x_wconf 94' lang='lat' dir='ltr'><strong>et</strong></span> <span class='ocrx_word' id='word_1_654' title='bbox 561 4937 626 4976; x_wconf 84' lang='lat' dir='ltr'><strong>curn</strong></span> <span class='ocrx_word' id='word_1_655' title='bbox 644 4918 724 4975; x_wconf 86' lang='lat' dir='ltr'><strong>locus</strong></span> <span class='ocrx_word' id='word_1_656' title='bbox 744 4921 924 4992; x_wconf 87' lang='lat' dir='ltr'><strong>percutiendi</strong></span> <span class='ocrx_word' id='word_1_657' title='bbox 978 4922 1067 4978; x_wconf 88' lang='lat' dir='ltr'><strong>tentis</strong></span> <span class='ocrx_word' id='word_1_658' title='bbox 1078 4921 1255 4994; x_wconf 83' lang='lat' dir='ltr'><strong>ignorantes,</strong></span> <span class='ocrx_word' id='word_1_659' title='bbox 1273 4920 1381 4976; x_wconf 89' lang='lat' dir='ltr'><strong>ibidem</strong></span> <span class='ocrx_word' id='word_1_660' title='bbox 1398 4921 1519 4976; x_wconf 86' lang='lat' dir='ltr'><strong>interae</strong></span> <span class='ocrx_word' id='word_1_661' title='bbox 1535 4920 1611 4976; x_wconf 86' lang='lat' dir='ltr'><strong>datis</strong></span> <span class='ocrx_word' id='word_1_662' title='bbox 1628 4919 1807 4976; x_wconf 90' lang='lat' dir='ltr'><strong>crebrisicti·</strong></span> 
     </span>
    </p>
   </div>
   <div class='ocr_carea' id='block_1_15' title="bbox 102 5006 926 5615">
    <p class='ocr_par' dir='ltr' id='par_1_17' title="bbox 102 5006 926 5615">
     <span class='ocr_line' id='line_1_94' title="bbox 102 5006 923 5083; baseline 0.002 -20"><span class='ocrx_word' id='word_1_663' title='bbox 102 5006 229 5074; x_wconf 77' lang='lat' dir='ltr'><strong>siluerit,</strong></span> <span class='ocrx_word' id='word_1_664' title='bbox 246 5008 323 5065; x_wconf 90' lang='lat' dir='ltr'><strong>baud</strong></span> <span class='ocrx_word' id='word_1_665' title='bbox 338 5009 419 5064; x_wconf 92' lang='lat' dir='ltr'><strong>obliti</strong></span> <span class='ocrx_word' id='word_1_666' title='bbox 436 5025 583 5064; x_wconf 84' lang='lat' dir='ltr'><strong>servorum</strong></span> <span class='ocrx_word' id='word_1_667' title='bbox 600 5008 650 5064; x_wconf 90' lang='lat' dir='ltr'><strong>Dei</strong></span> <span class='ocrx_word' id='word_1_668' title='bbox 666 5008 749 5064; x_wconf 82' lang='lat' dir='ltr'><strong>otlusi</strong></span> <span class='ocrx_word' id='word_1_669' title='bbox 759 5011 923 5083; x_wconf 87' lang='lat' dir='ltr'><strong>sanguinis.</strong></span> 
     </span>
     <span class='ocr_line' id='line_1_95' title="bbox 102 5096 924 5170; baseline 0.001 -17"><span class='ocrx_word' id='word_1_670' title='bbox 102 5096 213 5153; x_wconf 85' lang='lat' dir='ltr'><strong>crebris</strong></span> <span class='ocrx_word' id='word_1_671' title='bbox 235 5097 341 5153; x_wconf 90' lang='lat' dir='ltr'><strong>ictibus</strong></span> <span class='ocrx_word' id='word_1_672' title='bbox 366 5097 538 5164; x_wconf 87' lang='lat' dir='ltr'><strong>insistendo,</strong></span> <span class='ocrx_word' id='word_1_673' title='bbox 563 5098 730 5169; x_wconf 91' lang='lat' dir='ltr'><strong>iniquorum</strong></span> <span class='ocrx_word' id='word_1_674' title='bbox 757 5098 924 5170; x_wconf 90' lang='lat' dir='ltr'><strong>superbiam</strong></span> 
     </span>
     <span class='ocr_line' id='line_1_96' title="bbox 102 5184 924 5259; baseline 0.001 -17"><span class='ocrx_word' id='word_1_675' title='bbox 102 5191 294 5258; x_wconf 85' lang='lat' dir='ltr'><strong>prosternere,</strong></span> <span class='ocrx_word' id='word_1_676' title='bbox 311 5189 339 5240; x_wconf 89' lang='lat' dir='ltr'><strong>ot</strong></span> <span class='ocrx_word' id='word_1_677' title='bbox 355 5184 471 5242; x_wconf 91' lang='lat' dir='ltr'><strong>illorum</strong></span> <span class='ocrx_word' id='word_1_678' title='bbox 496 5186 670 5259; x_wconf 87' lang='lat' dir='ltr'><strong>sanguinem</strong></span> <span class='ocrx_word' id='word_1_679' title='bbox 694 5187 841 5242; x_wconf 87' lang='lat' dir='ltr'><strong>etlunderc</strong></span> <span class='ocrx_word' id='word_1_680' title='bbox 864 5205 924 5243; x_wconf 80' lang='lat' dir='ltr'><strong>nie-</strong></span> 
     </span>
     <span class='ocr_line' id='line_1_97' title="bbox 103 5272 923 5346; baseline 0.001 -17"><span class='ocrx_word' id='word_1_681' title='bbox 103 5277 240 5330; x_wconf 90' lang='lat' dir='ltr'><strong>mentote.</strong></span> <span class='ocrx_word' id='word_1_682' title='bbox 259 5272 327 5327; x_wconf 92' lang='lat' dir='ltr'><strong>»His</strong></span> <span class='ocrx_word' id='word_1_683' title='bbox 341 5273 439 5342; x_wconf 90' lang='lat' dir='ltr'><strong>dietis,</strong></span> <span class='ocrx_word' id='word_1_684' title='bbox 456 5274 575 5329; x_wconf 89' lang='lat' dir='ltr'><strong>adorato</strong></span> <span class='ocrx_word' id='word_1_685' title='bbox 589 5274 673 5346; x_wconf 88' lang='lat' dir='ltr'><strong>signo</strong></span> <span class='ocrx_word' id='word_1_686' title='bbox 689 5279 795 5330; x_wconf 80' lang='lat' dir='ltr'><strong>sancta</strong></span> <span class='ocrx_word' id='word_1_687' title='bbox 818 5277 923 5344; x_wconf 90' lang='lat' dir='ltr'><strong>crucis,</strong></span> 
     </span>
     <span class='ocr_line' id='line_1_98' title="bbox 102 5361 926 5436; baseline 0.001 -18"><span class='ocrx_word' id='word_1_688' title='bbox 102 5362 204 5418; x_wconf 87' lang='lat' dir='ltr'><strong>ecdem</strong></span> <span class='ocrx_word' id='word_1_689' title='bbox 218 5361 450 5418; x_wconf 86' lang='lat' dir='ltr'><strong>reverentissime</strong></span> <span class='ocrx_word' id='word_1_690' title='bbox 465 5361 717 5436; x_wconf 90' lang='lat' dir='ltr'><strong>osculato,singuli</strong></span> <span class='ocrx_word' id='word_1_691' title='bbox 732 5364 926 5420; x_wconf 81' lang='lat' dir='ltr'><strong>erectisvcxil-</strong></span> 
     </span>
     <span class='ocr_line' id='line_1_99' title="bbox 103 5449 925 5525; baseline 0.006 -21"><span class='ocrx_word' id='word_1_692' title='bbox 103 5449 139 5505; x_wconf 93' lang='lat' dir='ltr'><strong>lis</strong></span> <span class='ocrx_word' id='word_1_693' title='bbox 154 5450 257 5506; x_wconf 88' lang='lat' dir='ltr'><strong>ordine</strong></span> <span class='ocrx_word' id='word_1_694' title='bbox 270 5449 418 5522; x_wconf 86' lang='lat' dir='ltr'><strong>assignato</strong></span> <span class='ocrx_word' id='word_1_695' title='bbox 434 5451 565 5524; x_wconf 84' lang='lat' dir='ltr'><strong>protecti,</strong></span> <span class='ocrx_word' id='word_1_696' title='bbox 579 5451 737 5525; x_wconf 86' lang='lat' dir='ltr'><strong>gracilibus</strong></span> <span class='ocrx_word' id='word_1_697' title='bbox 752 5452 832 5509; x_wconf 91' lang='lat' dir='ltr'><strong>tibiis</strong></span> <span class='ocrx_word' id='word_1_698' title='bbox 847 5452 925 5509; x_wconf 88' lang='lat' dir='ltr'><strong>tubis</strong></span> 
     </span>
     <span class='ocr_line' id='line_1_100' title="bbox 102 5537 923 5615; baseline 0.005 -21"><span class='ocrx_word' id='word_1_699' title='bbox 102 5537 317 5612; x_wconf 82' lang='lat' dir='ltr'><strong>elangentibus,</strong></span> <span class='ocrx_word' id='word_1_700' title='bbox 329 5538 359 5595; x_wconf 89' lang='lat' dir='ltr'><strong>in</strong></span> <span class='ocrx_word' id='word_1_701' title='bbox 375 5538 425 5598; x_wconf 88' lang='lat' dir='ltr'><strong>Dei</strong></span> <span class='ocrx_word' id='word_1_702' title='bbox 441 5540 628 5608; x_wconf 69' lang='lat' dir='ltr'><strong>nominatim</strong></span> <span class='ocrx_word' id='word_1_703' title='bbox 642 5540 923 5615; x_wconf 80' lang='lat' dir='ltr'><strong>arripiuntlntcrim</strong></span> 
     </span>
    </p>
   </div>
   <div class='ocr_carea' id='block_1_16' title="bbox 979 5007 1807 5614">
    <p class='ocr_par' dir='ltr' id='par_1_18' title="bbox 979 5007 1807 5614">
     <span class='ocr_line' id='line_1_101' title="bbox 980 5007 1806 5075; baseline -0.004 -9"><span class='ocrx_word' id='word_1_704' title='bbox 980 5011 1035 5066; x_wconf 89' lang='lat' dir='ltr'><strong>bus</strong></span> <span class='ocrx_word' id='word_1_705' title='bbox 1051 5009 1130 5065; x_wconf 88' lang='lat' dir='ltr'><strong>neeis</strong></span> <span class='ocrx_word' id='word_1_706' title='bbox 1146 5010 1267 5065; x_wconf 87' lang='lat' dir='ltr'><strong>materia</strong></span> <span class='ocrx_word' id='word_1_707' title='bbox 1287 5009 1390 5073; x_wconf 80' lang='lat' dir='ltr'><strong>effecti,</strong></span> <span class='ocrx_word' id='word_1_708' title='bbox 1415 5010 1451 5064; x_wconf 88' lang='lat' dir='ltr'><strong>ad</strong></span> <span class='ocrx_word' id='word_1_709' title='bbox 1478 5008 1595 5075; x_wconf 83' lang='lat' dir='ltr'><strong>inferos,</strong></span> <span class='ocrx_word' id='word_1_710' title='bbox 1622 5007 1806 5064; x_wconf 84' lang='lat' dir='ltr'><strong>internorum</strong></span> 
     </span>
     <span class='ocr_line' id='line_1_102' title="bbox 979 5096 1806 5170; baseline -0.002 -17"><span class='ocrx_word' id='word_1_711' title='bbox 979 5099 1096 5170; x_wconf 87' lang='lat' dir='ltr'><strong>ignibus</strong></span> <span class='ocrx_word' id='word_1_712' title='bbox 1111 5098 1327 5163; x_wconf 83' lang='lat' dir='ltr'><strong>concremandi,</strong></span> <span class='ocrx_word' id='word_1_713' title='bbox 1344 5114 1402 5152; x_wconf 91' lang='lat' dir='ltr'><strong>non</strong></span> <span class='ocrx_word' id='word_1_714' title='bbox 1418 5096 1538 5152; x_wconf 88' lang='lat' dir='ltr'><strong>redituri</strong></span> <span class='ocrx_word' id='word_1_715' title='bbox 1554 5096 1806 5168; x_wconf 86' lang='lat' dir='ltr'><strong>elapsisunt.Sta·</strong></span> 
     </span>
     <span class='ocr_line' id='line_1_103' title="bbox 979 5184 1807 5259; baseline -0.001 -17"><span class='ocrx_word' id='word_1_716' title='bbox 979 5188 1092 5259; x_wconf 90' lang='lat' dir='ltr'><strong>timque</strong></span> <span class='ocrx_word' id='word_1_717' title='bbox 1108 5203 1209 5242; x_wconf 88' lang='lat' dir='ltr'><strong>omnes</strong></span> <span class='ocrx_word' id='word_1_718' title='bbox 1226 5204 1293 5252; x_wconf 78' lang='lat' dir='ltr'><strong>trun,</strong></span> <span class='ocrx_word' id='word_1_719' title='bbox 1312 5190 1343 5240; x_wconf 91' lang='lat' dir='ltr'><strong>ut</strong></span> <span class='ocrx_word' id='word_1_720' title='bbox 1358 5189 1442 5241; x_wconf 86' lang='lat' dir='ltr'><strong>erant</strong></span> <span class='ocrx_word' id='word_1_721' title='bbox 1457 5189 1574 5241; x_wconf 90' lang='lat' dir='ltr'><strong>centurn</strong></span> <span class='ocrx_word' id='word_1_722' title='bbox 1592 5184 1685 5241; x_wconf 87' lang='lat' dir='ltr'><strong>millia</strong></span> <span class='ocrx_word' id='word_1_723' title='bbox 1696 5201 1807 5258; x_wconf 86' lang='lat' dir='ltr'><strong>pugna-</strong></span> 
     </span>
     <span class='ocr_line' id='line_1_104' title="bbox 979 5273 1807 5347; baseline -0.002 -16"><span class='ocrx_word' id='word_1_724' title='bbox 979 5281 1087 5341; x_wconf 89' lang='lat' dir='ltr'><strong>torum,</strong></span> <span class='ocrx_word' id='word_1_725' title='bbox 1098 5274 1238 5345; x_wconf 80' lang='lat' dir='ltr'><strong>assignati</strong></span> <span class='ocrx_word' id='word_1_726' title='bbox 1255 5292 1272 5328; x_wconf 89' lang='lat' dir='ltr'><strong>a</strong></span> <span class='ocrx_word' id='word_1_727' title='bbox 1286 5279 1413 5346; x_wconf 86' lang='lat' dir='ltr'><strong>quatuor</strong></span> <span class='ocrx_word' id='word_1_728' title='bbox 1428 5273 1807 5347; x_wconf 88' lang='lat' dir='ltr'><strong>mundipartibus,atrocis-</strong></span> 
     </span>
     <span class='ocr_line' id='line_1_105' title="bbox 979 5363 1806 5436; baseline -0.002 -17"><span class='ocrx_word' id='word_1_729' title='bbox 979 5364 1052 5419; x_wconf 88' lang='lat' dir='ltr'><strong>simo</strong></span> <span class='ocrx_word' id='word_1_730' title='bbox 1068 5365 1095 5417; x_wconf 93' lang='lat' dir='ltr'><strong>in</strong></span> <span class='ocrx_word' id='word_1_731' title='bbox 1114 5364 1504 5419; x_wconf 82' lang='lat' dir='ltr'><strong>nostrcsi1·ruerunt.Nostri</strong></span> <span class='ocrx_word' id='word_1_732' title='bbox 1520 5363 1619 5436; x_wconf 89' lang='lat' dir='ltr'><strong>itaque</strong></span> <span class='ocrx_word' id='word_1_733' title='bbox 1633 5366 1707 5417; x_wconf 90' lang='lat' dir='ltr'><strong>nutu</strong></span> <span class='ocrx_word' id='word_1_734' title='bbox 1724 5379 1806 5418; x_wconf 89' lang='lat' dir='ltr'><strong>sum-</strong></span> 
     </span>
     <span class='ocr_line' id='line_1_106' title="bbox 980 5450 1806 5525; baseline -0.001 -17"><span class='ocrx_word' id='word_1_735' title='bbox 980 5452 1019 5508; x_wconf 90' lang='lat' dir='ltr'><strong>mi</strong></span> <span class='ocrx_word' id='word_1_736' title='bbox 1035 5451 1158 5519; x_wconf 85' lang='lat' dir='ltr'><strong>ludicis,</strong></span> <span class='ocrx_word' id='word_1_737' title='bbox 1176 5451 1273 5506; x_wconf 83' lang='lat' dir='ltr'><strong>divina</strong></span> <span class='ocrx_word' id='word_1_738' title='bbox 1289 5450 1397 5508; x_wconf 88' lang='lat' dir='ltr'><strong>ultione</strong></span> <span class='ocrx_word' id='word_1_739' title='bbox 1413 5452 1574 5519; x_wconf 91' lang='lat' dir='ltr'><strong>subacti,ut</strong></span> <span class='ocrx_word' id='word_1_740' title='bbox 1588 5455 1672 5507; x_wconf 88' lang='lat' dir='ltr'><strong>erant</strong></span> <span class='ocrx_word' id='word_1_741' title='bbox 1693 5452 1806 5525; x_wconf 88' lang='lat' dir='ltr'><strong>septin-</strong></span> 
     </span>
     <span class='ocr_line' id='line_1_107' title="bbox 979 5539 1806 5614; baseline 0.001 -17"><span class='ocrx_word' id='word_1_742' title='bbox 979 5541 1057 5614; x_wconf 86' lang='lat' dir='ltr'><strong>genti</strong></span> <span class='ocrx_word' id='word_1_743' title='bbox 1074 5540 1192 5610; x_wconf 90' lang='lat' dir='ltr'><strong>milites,</strong></span> <span class='ocrx_word' id='word_1_744' title='bbox 1209 5543 1237 5597; x_wconf 91' lang='lat' dir='ltr'><strong>et</strong></span> <span class='ocrx_word' id='word_1_745' title='bbox 1251 5539 1548 5614; x_wconf 90' lang='lat' dir='ltr'><strong>triamilliapeditum</strong></span> <span class='ocrx_word' id='word_1_746' title='bbox 1559 5543 1806 5614; x_wconf 83' lang='lat' dir='ltr'><strong>pugnatoramre·</strong></span> 
     </span>
    </p>
   </div>
   <div class='ocr_carea' id='block_1_17' title="bbox 0 0 1912 6006">
    <p class='ocr_par' dir='ltr' id='par_1_19' title="bbox 0 0 1912 6006">
     <span class='ocr_line' id='line_1_108' title="bbox 0 0 1912 6006; baseline 0 0"><span class='ocrx_word' id='word_1_747' title='bbox 0 0 1912 6006; x_wconf 95' lang='lat' dir='ltr'><strong> </strong></span> 
     </span>
    </p>
   </div>
  </div>
 </body>
</html>
