3816 6006
96 270 174 337 itai
664 272 851 335 uotiuis.
868 270 961 339 -11.
984 270 1034 333 DE
1056 270 1229 335 SANCTIS.
1719 271 1802 347 ibib

95 403 121 464 si
129 403 299 462 brevitatem
310 404 373 460 vitu
384 420 500 478 semper
510 404 696 460 meditemur,
710 405 808 477 Longa
820 407 919 459 nostra
933 404 959 470 Α
975 402 1059 474 nulli,
1076 402 1130 460 soli
1147 404 1265 461 nomine
1280 403 1448 473 Christiani,
1465 405 1516 478 qui
1535 404 1598 463 sola
1612 404 1739 463 visibilia
1752 407 1796 463 di·

95 492 243 551 desideria
264 492 396 566 increpat
421 493 516 548 brevis
540 492 595 549 via.
618 493 692 559 Quid
720 493 797 548 enim
825 492 920 564 magis
974 491 1079 565 ligunt,
1096 492 1256 549 invisibilia
1274 510 1331 549 non
1357 496 1508 567 appetunt,
1523 494 1574 567 qui
1589 511 1642 551 nec
1657 511 1721 552 esse
1735 512 1796 552 cre-

96 580 220 639 stultum
236 598 335 655 quam,
352 582 536 638 decrescente
560 581 617 648 via,
640 582 779 637 viaticum
802 597 918 654 augere,
974 580 1057 636 dunt⁴
1076 584 1153 648 Quos
1170 582 1263 637 sancti
1279 586 1421 657 martyres
1435 582 1543 656 quibus
1559 581 1797 655 solemnizamus,

96 673 134 737 et,
151 669 354 727 deficientibus
370 670 484 738 diebus,
501 669 608 726 dictam
624 668 839 742 multiplicare?
974 671 1164 742 redarguunt.
1181 671 1321 744 Nunquid
1345 671 1423 727 enim
1444 689 1474 729 se
1489 671 1530 727 ita
1545 678 1696 745 promptos
1710 673 1798 736 merli
1837 664 1841 671 ⁴

132 759 271 831 Sequitur
295 776 363 833 pars
388 759 604 832 tertiamque
626 759 768 816 Dominus
786 758 922 814 minatur
974 759 1132 826 traderent,
1157 759 1214 815 nisi
1242 760 1422 817 constitisset
1446 760 1489 818 eis
1512 778 1577 818 esse
1604 761 1694 820 vitam
1722 763 1799 820 iutu-

98 848 176 922 quod
195 848 258 923 ipse
284 849 436 906 erubescet
457 849 485 904 in
503 849 600 904 tuturo
616 866 666 904 eos
681 848 731 922 qui
746 848 922 904 erubescunt
975 848 1058 903 rami
1070 849 1104 903 Et
1120 865 1184 904 ecce
1200 848 1242 903 illi
1258 848 1309 921 qui
1323 849 1365 904 ita
1379 848 1575 918 crediderunt,
1588 855 1617 907 et
1631 850 1715 908 miris
1730 867 1797 926 ope·

97 955 166 995 eum
181 938 265 1012 sequi
281 939 378 1006 modo,
395 955 462 994 eum
478 937 645 1010 subjungit:
659 938 713 1006 Qui
725 954 768 992 ure
780 938 921 993 erubuerit
975 936 1057 993 ribus
1072 937 1253 1005 effulserunt,
1270 943 1298 993 et
1314 939 1421 994 mortui
1446 955 1511 995 sese
1531 938 1625 996 vivere
1647 939 1799 999 miraculis

97 1035 124 1089 et
148 1043 285 1084 sermones
313 1043 395 1094 awos,
421 1026 494 1083 hunc
520 1027 611 1084 Filius
638 1028 758 1083 hominis
785 1026 922 1082 erubescet
976 1026 1161 1098 produnthd
1174 1027 1316 1082 exstincta
1327 1044 1582 1101 namqueeorpora
1592 1045 1693 1085 eorum
1704 1027 1799 1089 viven-

98 1133 162 1175 cum
182 1117 288 1175 voterit
311 1117 342 1172 in
360 1117 498 1189 moJ'cstote
519 1132 580 1183 aaa,
597 1123 623 1172 et
645 1116 749 1182 Patris,
769 1123 796 1172 et
817 1122 922 1171 sarecto·
975 1119 1019 1170 tes
1032 1114 1100 1185 regri
1124 1115 1256 1183 veniunt,
1273 1120 1301 1171 et
1316 1120 1477 1185 sanantur;
1494 1117 1602 1189 perjuri
1627 1119 1757 1186 veniunt,
1771 1121 1800 1177 ei

98 1224 163 1266 rum
180 1207 354 1277 ausciorum.
371 1204 429 1262 Hac
456 1206 601 1262 sententia
627 1204 774 1260 invehitur
801 1204 830 1259 in
857 1221 920 1272 nos,
976 1204 1148 1259 adremouio
1172 1209 1332 1274 vexantur3
1348 1204 1517 1262 demoniaci
1538 1205 1669 1274 veniunt,
1685 1212 1714 1263 et
1727 1206 1798 1266 libe·

99 1298 204 1354 iratres
227 1294 294 1364 mei,
311 1295 361 1368 qui
391 1293 507 1352 tametsi
536 1293 684 1351 Christum
713 1295 837 1366 ejusque
865 1310 924 1349 ser·
977 1296 1088 1348 rantur.
1107 1295 1199 1359 Quam
1210 1293 1336 1365 gloriose
1352 1293 1441 1365 igitur
1455 1293 1554 1349 vivunt
1571 1295 1620 1351 ubi
1634 1295 1800 1355 vivuntlSi

100 1402 203 1443 mones
217 1401 267 1441 ore
282 1382 423 1449 confiteri,
444 1400 477 1440 eo
501 1384 579 1456 quod
593 1382 688 1439 ceteri
704 1398 770 1437 eum
786 1383 924 1437 coufiten-
976 1381 1006 1437 in
1023 1386 1065 1438 tot
1080 1380 1230 1437 inimiculis
1246 1383 1345 1439 vivunt
1360 1381 1417 1450 bic,
1428 1381 1476 1439 ubi
1492 1382 1601 1439 mortui
1616 1383 1794 1443 suntiAEler

100 1479 158 1542 tur,
177 1491 234 1531 non
250 1472 461 1538 erubescimus,
479 1475 577 1528 tamen
594 1471 726 1528 moribus
741 1474 770 1527 et
783 1470 841 1526 vita
855 1487 923 1527 eum
978 1488 1046 1526 uam
1063 1470 1262 1543 igiturvitam,
1273 1471 1386 1539 tratres,
1399 1471 1693 1541 credamusfirmiter,
1705 1488 1790 1546 spera

100 1562 232 1620 confiteri
260 1561 500 1618 verecundamur.
524 1560 656 1632 Insignis
683 1559 791 1633 quippe
818 1559 925 1616 Christi
978 1565 1086 1615 musei
1112 1563 1304 1632 appetamus;
1319 1563 1438 1632 propter
1465 1576 1530 1615 eam
1559 1561 1659 1617 omnia
1685 1565 1791 1621 terren

101 1647 524 1725 queinseostouditetaiiis
545 1647 721 1721 predicavit,
738 1652 808 1703 sunt
830 1646 925 1702 humi·
978 1653 1211 1716 contemnamus,
1230 1645 1361 1703 carnales
1389 1646 1552 1720 voluptates
1581 1655 1610 1705 et
1637 1649 1792 1711 volunuuu

101 1742 179 1810 litas,
196 1744 363 1815 paupertas,
380 1738 515 1810 objectio,
531 1737 681 1810 patientia,
697 1736 805 1808 passio,
822 1739 850 1791 et
873 1735 926 1790 hu·
980 1743 1095 1794 nostras
1111 1737 1302 1809 abnegemus,
1318 1752 1434 1792 crucem
1460 1736 1567 1793 Christi
1591 1741 1620 1793 et
1635 1737 1665 1794 in
1680 1738 1791 1817 castip-

97 1829 240 1903 jusmodi.
257 1833 328 1884 Cum
351 1827 449 1900 igitur,
475 1827 588 1894 iratres,
606 1824 765 1893 humiliari,
783 1840 925 1896 pauperes
980 1828 1058 1884 tione
1085 1827 1191 1894 carnis,
1215 1830 1244 1882 et
1272 1825 1301 1880 in
1331 1826 1533 1898 compassione
1561 1827 1696 1899 proximi,
1718 1826 1791 1886 etin

102 1919 175 1988 fieri,
192 1918 288 1991 abjici,
303 1915 460 1982 contemni,
478 1914 537 1987 pati
557 1918 674 1986 propter
699 1913 848 1969 Christum
863 1929 926 1967 eru·
980 1917 1197 1990 {aequanimitate
1213 1914 1429 1988 persecutiones
1444 1915 1587 1989 patienter
1605 1917 1745 1988 ieramus,
1758 1916 1792 1972 ri·

102 2008 261 2074 haesimus,
278 2022 374 2064 nenne
393 2004 541 2060 Christum
558 2007 586 2058 et
601 2019 751 2059 sermones
776 2004 840 2074 ejus
864 2019 927 2058 eru·
980 2011 1040 2061 tam
1056 2010 1084 2061 ct
1101 2006 1264 2061 doctrinam
1280 2004 1386 2060 Christi
1401 2005 1570 2062 omnimodo
1586 2007 1669 2080 sequi
1686 2008 1791 2065 studa·

103 2095 270 2154 bescimus‘l
281 2095 310 2150 si
326 2093 399 2149 sorte
416 2109 483 2148 cum
499 2091 631 2165 proximo
642 2091 776 2163 jurgium
793 2091 925 2160 terimus,
982 2111 1058 2161 mue,
1068 2097 1214 2165 quatenus
1224 2093 1288 2165 ejus
1298 2092 1489 2149 beatitudinis
1500 2094 1657 2168 participes
1671 2112 1734 2153 esse
1744 2112 1793 2155 ne·

103 2187 215 2260 priores
230 2183 398 2240 satisfacere
420 2181 661 2247 verecundamur,
677 2185 705 2236 et
720 2197 786 2236 eum
802 2185 834 2234 ut
849 2179 927 2252 prior
982 2200 1108 2250 reamur,
1124 2181 1187 2255 ipso
1217 2181 1359 2255 largiente
1383 2182 1433 2256 qui
1458 2200 1525 2239 cum
1552 2183 1792 2259 PatreetSpiitu

103 2274 189 2333 nobis
214 2272 612 2344 satisfaciatexspectcmus.
630 2269 666 2326 Ut
696 2270 765 2342 quid
794 2270 849 2325 hoe
872 2271 926 2336 est,
982 2275 1081 2326 sancto
1092 2271 1312 2344 vivitetregnat
1327 2287 1378 2344 per
1393 2271 1492 2328 omnia
1503 2271 1608 2330 sarcula
1619 2273 1793 2333 seculorem.

104 2363 161 2422 nisi
177 2362 247 2437 quia
261 2361 356 2434 magis
379 2359 516 2415 honorari
537 2376 626 2432 quam
650 2358 799 2414 humiliari
825 2357 927 2431 querri-
981 2365 1084 2416 Amen.

104 2471 182 2521 mus,
213 2455 241 2508 et
264 2449 430 2524 exemplum
460 2448 567 2505 Christi
592 2448 676 2521 sequi
704 2447 928 2504 erubescimus?
1357 2448 1430 2507 Xlll.

103 2542 238 2599 Christus
262 2539 340 2596 euim
364 2556 431 2594 cum
458 2537 602 2594 discordia
616 2536 692 2592 iuter
706 2553 760 2593 nos
774 2540 802 2592 et
818 2536 926 2609 ipsum,
1047 2555 1135 2594 umus
1155 2556 1308 2595 utrumme.
1329 2555 1425 2594 seuam
1445 2556 1481 2595 ns
1501 2557 1554 2597 cin.
1575 2557 1741 2601 surrectus.

104 2630 230 2705 peccatis
247 2629 354 2685 nostris
370 2627 562 2701 exigentibus,
578 2632 666 2694 esset,
682 2643 738 2681 non
753 2625 929 2698 exspectavit
1017 2628 1116 2683 Beatus
1131 2629 1174 2682 vir
1188 2629 1237 2699 qui
1252 2630 1377 2684 irruentes
1390 2635 1429 2684 est
1442 2629 1502 2684 sine
1517 2630 1635 2697 macula,
1648 2638 1674 2688 et
1687 2634 1797 2704 quibos!

105 2724 138 2777 ut
157 2737 210 2778 nos
235 2719 347 2793 priores
371 2734 439 2772 enm
464 2716 690 2789 requireremus,
707 2715 758 2770 scd
773 2715 835 2787 ipse
851 2715 930 2785 prior
982 2733 1083 2771 citriam
1097 2732 1151 2772 nori
1167 2716 1245 2785 ridiit,
1262 2718 1443 2788 acceperuut
1466 2718 1496 2773 iu
1518 2719 1645 2789 perunte
1668 2720 1796 2781 thessari:

105 2827 160 2866 nos
175 2808 334 2880 requisivit,
346 2804 608 2862 reconciliationem
624 2798 709 2860 u’obis
724 2803 839 2870 obtulit,
854 2803 930 2876 lega·
983 2805 1076 2876 (dccli.
1092 2808 1246 2873 xxx1),etc.
1268 2803 1486 2876 Quadripartita
1500 2809 1545 2862 est
1559 2805 1620 2862 haec
1635 2805 1730 2879 lectio,
1742 2808 1796 2873 ira·

104 2904 151 2958 tes
173 2897 255 2971 pacis
279 2894 425 2969 apostolos
450 2899 479 2950 et
503 2909 643 2967 sequaces
668 2909 769 2949 eorum
797 2892 887 2958 misit,
901 2894 931 2947 et
983 2897 1042 2948 tres
1055 2892 1122 2948 mei.
1137 2892 1232 2949 Primo
1248 2892 1355 2966 quippe
1371 2893 1437 2964 quis
1446 2892 1484 2948 sit
1494 2893 1598 2950 beatus
1612 2895 1795 2954 demonstrat.

105 2988 204 3044 adhue
219 2985 349 3061 quotidie
368 2983 467 3040 mittit.
485 2982 567 3038 Unde
591 2998 668 3037 unus
693 2997 804 3049 eorum,
822 2980 930 3036 Paulus
984 2981 1128 3048 Secunde,
1145 2997 1213 3036 eum
1237 2980 1431 3037 commendat.
1449 2980 1557 3050 Tertio,
1574 2982 1651 3039 unde
1667 2982 1799 3044 merserit

105 3076 251 3145 videlicet,
271 3074 358 3130 dicit:
377 3097 390 3122 a
403 3073 456 3128 Pro
472 3069 585 3127 Christo
599 3069 744 3143 legatione
768 3070 929 3142 fungimur,
984 3069 1063 3125 dicit.
1095 3071 1214 3136 Quarto,
1240 3069 1271 3124 in
1299 3086 1357 3141 quo
1385 3068 1539 3141 praemium
1572 3071 1636 3142 ejus
1664 3076 1799 3131 conestat

106 3170 248 3240 tanquam
264 3164 322 3220 Deo
338 3161 508 3218 exhortaute
523 3175 637 3232 pernes
650 3176 656 3215 :
669 3159 857 3216 obsecramus
867 3174 927 3224 vos,
944 3145 965 3212 C
984 3160 1121 3216 ostendit.
1139 3159 1268 3215 Primum
1284 3159 1375 3232 igitur
1389 3158 1456 3231 quis
1478 3160 1516 3215 sit
1541 3160 1644 3218 beatus
1667 3165 1798 3235 osterdit,

107 3250 337 3312 reconciliamini
360 3256 416 3306 Deo
441 3250 476 3322 (ii
490 3253 551 3306 tior.
567 3248 605 3320 v).
624 3270 638 3298 n
662 3248 821 3304 Erubescat
842 3247 931 3319 igitur
984 3264 1050 3302 cum
1068 3247 1158 3304 dicit:
1176 3253 1277 3303 Beatus
1291 3249 1335 3302 uir
1350 3249 1398 3319 qui
1421 3249 1545 3303 inuentus
1560 3252 1672 3307 estsine
1685 3253 1798 3321 muta,

107 3342 246 3418 superbia
261 3344 370 3398 nostra.
387 3343 462 3395 Deus
486 3337 615 3394 offensus
635 3354 688 3393 nos
702 3340 868 3409 peccatores
880 3353 931 3409 per
984 3342 1039 3393 otc.
1051 3337 1121 3403 Quis
1136 3341 1180 3392 est
1195 3336 1318 3392 beatus?
1330 3336 1374 3391 vir
1384 3335 1496 3392 scilieet
1511 3337 1561 3410 qui
1578 3355 1635 3395 non
1650 3344 1694 3397 est
1709 3332 1800 3399 millis

107 3432 220 3507 legatos
241 3447 310 3486 suos
334 3430 370 3485 ad
394 3444 494 3499 pacem
519 3426 598 3498 prior
613 3430 696 3499 rogat
710 3426 817 3494 venire,
834 3430 862 3482 et
877 3443 930 3483 nos
984 3443 1037 3482 nec
1051 3426 1246 3495 effeminatus,
1264 3425 1316 3480 scd
1343 3425 1443 3497 potius
1469 3425 1562 3482 virilis
1589 3432 1620 3484 et
1647 3427 1800 3489 virtuosus.

105 3519 206 3579 miseri
218 3517 417 3591 peecatoribus
430 3514 571 3589 proximis
586 3515 693 3571 uostris
709 3514 819 3586 priores
830 3514 930 3572 erube·
984 3515 1061 3571 Deus
1071 3515 1148 3570 enim
1162 3516 1235 3570 duro
1252 3513 1343 3570 milite
1358 3515 1475 3588 gaudet,
1493 3533 1550 3572 non
1566 3533 1599 3573 eo
1615 3518 1666 3591 qui
1680 3516 1801 3592 atiud>

105 3609 216 3666 scimus
231 3606 415 3663 satisfaceret
983 3603 1068 3674 liciis,
1084 3603 1283 3676 voluptatibus
1298 3620 1361 3659 sese
1375 3603 1494 3676 praehet,
1511 3605 1609 3662 sedeo
1624 3605 1673 3680 qui
1697 3609 1727 3665 in
1742 3608 1802 3672 abs·

141 3695 278 3771 Sequitur
300 3712 367 3768 pars
392 3698 505 3767 quarta,
524 3694 553 3749 in
570 3711 629 3767 qua
643 3692 794 3761 Dominus,
810 3693 846 3749 ad
863 3711 928 3766 pro·
982 3692 1124 3761 tinentiis,
1148 3692 1177 3746 in
1207 3691 1425 3765 asperitatibus,
1451 3697 1480 3748 et
1508 3693 1540 3751 in
1565 3693 1714 3754 laboribus
1741 3714 1802 3757 sese

105 3787 189 3844 missi
206 3783 287 3857 regni
303 3783 550 3854 certificationem,
568 3783 712 3854 promittit
728 3782 871 3855 quosdam
887 3782 929 3838 di·
983 3785 1116 3837 exercet:
1133 3802 1147 3831 a
1162 3779 1224 3835 Non
1241 3780 1319 3835 euim
1335 3779 1531 3848 coronabitur,
1544 3780 1599 3838 nisi
1615 3783 1666 3856 qui
1677 3781 1802 3858 legitime

103 3875 285 3953 scipulorum
297 3875 409 3931 visuros
420 3874 504 3930 illum
519 3873 605 3930 eliam
617 3878 684 3929 ante
696 3877 819 3930 mortem
831 3890 928 3940 suum,
983 3869 1134 3925 certaverit
1148 3871 1184 3941 (il
1195 3869 1262 3925 iim.
1280 3869 1320 3940 n).
1332 3891 1345 3918 u
1357 3869 1415 3924 Nec
1431 3868 1597 3941 pervenitur
1612 3871 1648 3929 ad
1664 3889 1802 3948 maguum

103 3983 170 4024 cum
182 3965 282 4021 subdit
294 3980 300 4018 :
312 3965 475 4019 Dicouutcm
485 3965 558 4019 uobis
571 3962 774 4018 verrucarum
782 3964 873 4036 aliqui
880 3964 930 4035 qui
983 3958 1136 4031 premium
1152 3957 1209 4013 nisi
1231 3975 1282 4031 per
1306 3957 1435 4014 laborem
1456 3974 1607 4031 magnum.
1624 3959 1733 4019 Deinde
1746 3963 1802 4019 vir·

101 4073 159 4113 noa
171 4057 319 4125 umectent
339 4061 463 4118 mortem,
479 4051 563 4108 donec
585 4051 694 4108 uideant
716 4053 821 4106 Filium
843 4053 929 4108 iomi-
982 4051 1060 4104 tutes
1075 4046 1151 4103 beati
1165 4045 1218 4102 viri
1230 4045 1355 4118 exponit,
1373 4062 1440 4101 cum
1461 4047 1587 4104 subdit:
1605 4047 1658 4116 Qut
1680 4051 1804 4108 inemtas

101 4147 147 4201 aris
163 4147 191 4201 in
208 4158 291 4214 reque
306 4158 364 4198 suo.
381 4141 415 4195 Hi
437 4139 574 4212 discipuli
589 4143 659 4195 sunt
674 4140 785 4208 Petrus,
802 4141 928 4197 lacobus
981 4139 1094 4194 estsine
1109 4136 1226 4191 irrorata.
1243 4135 1306 4190 Non
1323 4135 1363 4189 ait
1379 4136 1428 4209 qui
1446 4152 1504 4191 non
1520 4136 1623 4193 habuit
1647 4138 1803 4209 maculam,

102 4238 132 4290 et
146 4232 285 4297 loannes,
302 4230 411 4304 quibus
426 4233 612 4302 postseptem
624 4227 696 4296 dies,
714 4231 745 4283 ut
760 4228 789 4283 iu
806 4245 929 4301 sequeu—
983 4225 1122 4299 quoniam
1146 4240 1230 4281 nemo
1252 4224 1382 4280 mundus
1396 4241 1413 4278 a
1426 4224 1520 4292 sorde,
1537 4242 1589 4282 neo
1604 4226 1692 4283 etiam
1710 4227 1805 4285 infans

102 4322 183 4379 tibus
197 4320 372 4387 continetur,
389 4317 531 4375 Dominus
546 4316 669 4390 gloriam
684 4333 768 4372 suam
785 4317 814 4373 in
830 4322 929 4373 monte
982 4315 1067 4389 cujus
1082 4314 1141 4368 vita
1155 4317 1199 4368 est
1214 4312 1302 4368 unius
1317 4312 1374 4369 diei
1390 4330 1479 4386 super
1496 4318 1615 4383 terram,
1631 4317 1681 4372 sed
1697 4319 1746 4389 qai
1760 4318 1804 4375 in·

103 4410 223 4467 Thabor
246 4408 473 4480 transfiguratus
503 4405 713 4461 demonstravit
727 4405 831 4476 (Mettis.
847 4409 927 4476 xvir).
982 4413 1076 4459 venitus
1097 4411 1138 4459 est
1156 4403 1216 4458 siue
1236 4402 1357 4469 maculo,
1374 4401 1402 4457 id
1419 4406 1473 4469 est,
1490 4402 1552 4476 qui,
1568 4403 1622 4459 etsi
1645 4403 1805 4479 aliquando

101 4497 262 4572 Discipulis
273 4497 381 4571 quippe
393 4495 489 4552 adhuc
498 4494 620 4550 rudibus
636 4493 746 4566 aliquid
759 4493 928 4567 promitten·
942 4517 965 4582 D
982 4491 1085 4548 habuit
1100 4490 1256 4546 maculam.
1273 4494 1370 4546 tumen
1385 4488 1523 4564 lacrymis
1538 4508 1609 4547 veras
1627 4493 1804 4565 poenitentis

100 4588 173 4644 dum
188 4587 244 4644 luit
257 4586 288 4642 in
303 4584 440 4660 prasenti
463 4585 532 4652 vita,
550 4588 581 4639 ut
596 4583 626 4638 in
642 4584 699 4639 fide
721 4583 927 4640 roborarentur
981 4599 1045 4637 eam
1062 4580 1155 4636 abluit
1168 4583 1196 4635 et
1209 4580 1388 4648 emundavit,
1401 4581 1487 4651 juata
1515 4580 1593 4652 quod
1625 4579 1803 4641 Psalmista:

99 4682 129 4734 et
145 4677 173 4733 in
189 4693 240 4750 spe
257 4677 371 4732 sutura.
389 4673 435 4732 Sic
451 4678 480 4730 et
494 4672 651 4730 Israelitice
673 4671 781 4745 populo
802 4673 927 4745 promis-
982 4693 995 4721 u
1013 4670 1102 4737 Beati,
1120 4670 1226 4742 iuquit,
1243 4686 1368 4743 quorum
1384 4669 1512 4724 remissae
1537 4674 1606 4725 sunt
1624 4668 1804 4744 iniquitates,

100 4765 192 4823 sionis
206 4771 284 4822 terra
298 4764 489 4838 promittitur,
501 4767 539 4830 ct,
551 4778 619 4818 eum
634 4762 782 4818 vocandus
797 4766 874 4818 esset
889 4762 925 4818 ad
981 4765 1010 4816 et
1027 4776 1152 4832 quorum
1167 4762 1244 4814 tecta
1260 4763 1329 4813 sunt
1347 4761 1464 4831 peccata
1479 4758 1564 4826 (Psoi.
1581 4761 1669 4829 xxm).
1684 4781 1699 4809 »
1713 4759 1804 4816 Voca-

101 4854 240 4924 eoelestia,
258 4852 382 4910 terrenis
407 4850 651 4925 promissionibus
674 4851 815 4906 suadetur
828 4851 924 4918 (Eruci.
981 4855 1030 4904 tur
1044 4852 1141 4904 autem
1159 4846 1360 4902 universaliter
1376 4845 1492 4903 macula
1506 4846 1667 4905 criminalis
1682 4850 1803 4923 peccati,

102 4943 209 5013 111).th
239 4943 309 5016 quid
339 4941 489 4998 hocinisi
520 4938 589 5013 quia
614 4940 685 4995 dum
709 4944 787 4996 esset
815 4940 926 5013 aliquid
981 4935 1146 5011 specialiter
1169 4954 1236 4993 vere
1261 4935 1375 4991 macula
1393 4936 1488 4992 vocari
1513 4941 1608 5009 potest
1629 4936 1804 5008 luxurientes

100 5032 178 5106 quod
208 5048 243 5088 ex
270 5031 365 5086 vicino
394 5030 600 5104 perciperetur,
631 5028 702 5083 illud
726 5030 791 5100 jam
820 5030 927 5085 certius
981 5026 1059 5099 quod
1081 5025 1148 5099 plus
1170 5042 1259 5099 quam
1283 5029 1386 5080 cetera
1408 5024 1595 5082 criminalitia
1615 5029 1675 5083 tum
1698 5045 1804 5103 corpus

101 5120 366 5193 crederetquodei
387 5120 421 5175 de
447 5119 608 5193 longinquo
633 5118 811 5190 promissum
839 5123 925 5175 esset⁴
981 5133 1071 5189 quam
1110 5115 1240 5171 animam
1277 5113 1481 5170 commaculet.
1513 5114 1594 5171 Unde
1621 5117 1802 5191 Apostolus:
1903 5174 1906 5179 ⁴

100 5207 232 5265 Carnalis
258 5208 336 5265 enim
360 5207 497 5281 populus,
515 5208 539 5264 si
569 5223 658 5280 parva
687 5223 744 5262 non
773 5207 924 5279 acciperet,
982 5229 996 5257 u
1012 5205 1105 5261 Omne
1119 5209 1282 5276 peecatum,
1296 5201 1403 5276 inquit,
1420 5204 1616 5279 quodcunque
1639 5206 1804 5265 leceritho·

101 5313 209 5370 magna
225 5314 283 5354 non
298 5295 526 5354 crederetUnde
542 5301 570 5352 et
585 5296 620 5351 de
634 5294 677 5350 eis
693 5293 811 5350 dicitur:
821 5318 834 5344 u
842 5296 927 5352 Dedit
981 5312 1039 5350 mo.
1050 5298 1130 5349 extra
1145 5309 1249 5364 corpus
1266 5296 1318 5347 est.
1332 5291 1386 5360 Qui
1403 5298 1501 5349 autem
1515 5294 1685 5366 fornicatur,
1697 5297 1727 5352 in
1743 5313 1804 5354 cor·
1885 5322 1891 5351 .·

99 5385 143 5442 eis
154 5385 287 5460 regiones
297 5382 599 5459 gentium,etlaborcs
609 5381 782 5455 populorum
793 5384 927 5455 possede-
980 5402 1035 5457 pus
1051 5400 1138 5438 suum
1152 5385 1252 5455 peccat
1267 5381 1291 5454 (l
1305 5381 1364 5438 Cor.
1382 5387 1431 5453 vr).
1443 5404 1457 5432 »
1473 5383 1574 5457 idest,
1592 5385 1671 5441 nullo
1687 5391 1803 5458 peccato
1874 5360 1887 5455 ,⁵

99 5480 181 5541 runt,
196 5479 228 5532 ut
253 5472 421 5531 custodiant
448 5472 675 5545 justificationes
698 5472 773 5545 ejus,
790 5471 926 5547 allegem
980 5474 1022 5530 sic
1038 5477 1117 5529 totus
1131 5471 1218 5527 homo
1235 5470 1365 5543 corporis
1379 5468 1474 5544 ipsius
1489 5474 1631 5547 voluptati
1646 5472 1803 5546 addicitur,

98 5565 165 5640 ejus
186 5563 339 5642 requirant
361 5562 619 5638 (scaturisse
647 5565 716 5620 suut
741 5559 837 5619 adhuc
867 5581 924 5622 non
980 5558 1803 5645 etiueviabiliterafficitur,sieuttoruicatioue,quonicm
