3816 6006
45 334 49 349 .
155 295 215 366 tas

407 298 460 360 aa
481 294 737 361 mauretania
758 295 927 361 APPEND.
950 292 989 356 ll.
1003 323 1043 343 ·-
1056 291 1214 361 MONUM.
1236 297 1287 361 DE
1309 299 1436 365 BELLO
1458 298 1598 366 SACRO.
1798 294 1860 363 500

156 435 229 493 dens
244 433 290 490 his
305 431 431 504 largum,
447 430 508 486 illis
523 430 737 498 selandicum,
762 429 822 486 imo
838 434 866 485 et
880 428 975 485 omni·
989 427 1018 496 A
1032 429 1182 487 affluentia
1195 432 1561 509 thesaurorumouidquid
1573 435 1689 510 uspiam
1700 435 1857 505 uidistimi·

156 527 213 583 bus
226 523 386 580 veridicum
404 521 569 578 exhibebat.
1033 520 1074 576 hil
1087 526 1130 577 est
1143 524 1179 577 ad
1196 523 1224 578 id
1239 523 1376 580 collatum
1388 527 1464 597 quod
1473 526 1549 598 apud
1563 542 1609 581 me
1620 528 1744 592 aetnae
1756 525 1856 581 omnia

157 632 230 689 Vlll.
246 662 281 672 -
296 631 390 686 atocio
406 630 567 700 imperatori
583 627 737 682 llonmoodi
749 635 775 682 et
792 625 921 683 Toocrcdi
935 625 981 681 au-
1034 614 1135 682 fffflfst
1148 611 1201 668 fibi
1217 612 1341 680 ὓθγθΐῑέ»
1356 619 1496 688 tanquam
1521 616 1582 671 filiu
1600 616 1625 672 si
1640 617 1800 690 benignum
1813 621 1853 680 te,

344 710 438 757 ventris
453 707 478 755 et
494 702 606 754 citatorio
617 701 792 754 nuntiantur.
1035 700 1059 754 si
1089 700 1180 756 fidum
1214 702 1286 756 mihi
1315 704 1464 774 parareris
1491 708 1632 777 tanquam
1659 705 1746 761 filius.
1775 706 1857 760 lnre-

196 793 308 849 interea
322 791 526 862 imperatorem
543 787 674 842 Alexium
692 792 742 842 aut
757 787 810 842 hac
825 792 876 842 aut
890 786 980 842 simili
1035 789 1098 844 nies
1123 806 1191 863 ergo
1216 789 1326 846 fontem
1352 793 1426 857 auci,
1443 796 1476 847 ut
1503 794 1620 864 quoties
1648 795 1771 867 quesita
1792 812 1861 849 con-

161 882 327 939 narratione
342 878 464 934 nuntius
489 876 669 948 exploratum
695 876 814 947 missus,
831 875 982 948 perturbat
1035 879 1209 951 sumpseris,
1237 880 1326 936 toties
1354 883 1554 937 consumenda
1583 886 1708 955 repetas,
1739 884 1863 955 repetita

160 987 313 1028 reversus:
332 992 345 1019 ιι
363 967 550 1024 Boamundus
567 964 786 1037 wiscardigena
800 964 981 1020 Adriaticum
1036 967 1099 1024 siue
1114 967 1284 1024 difficultate
1305 974 1489 1042 sumpturus.
1506 970 1543 1026 Ut
1567 974 1665 1026 autem
1691 971 1861 1043 expeditiori

160 1058 402 1127 transivit,et.iam
420 1054 589 1113 Macedonia
605 1054 722 1126 potitur.
741 1052 981 1109 ltlinsvirossa-
1035 1055 1112 1110 uiam
1137 1055 1209 1128 pede
1224 1057 1359 1129 arripias,
1386 1059 1488 1129 paucis
1513 1063 1678 1123 contentus,
1703 1059 1860 1114 adrentum

160 1151 300 1223 piusjam
325 1149 461 1220 expertus
484 1161 515 1200 es
540 1160 673 1215 magnas.
701 1149 732 1198 at
754 1142 982 1216 preterit-asbo-
1036 1144 1157 1200 liberius
1172 1146 1344 1202 maturabis.
1370 1146 1484 1202 Cetera
1507 1148 1782 1216 veromullitudini‚
1807 1149 1861 1203 du-

160 1239 267 1295 diernae
282 1254 338 1293 non
355 1236 454 1291 minus
478 1237 635 1306 superant:
654 1232 737 1304 quasi
759 1248 861 1305 passer
876 1232 982 1304 equite
1036 1234 1120 1290 cibus
1136 1233 1254 1301 relictis,
1270 1234 1318 1289 ria
1334 1251 1367 1290 co
1384 1234 1576 1305 commodior,
1593 1252 1650 1309 que
1666 1237 1783 1310 segnior
1798 1253 1861 1292 car-

159 1326 284 1383 callatus
299 1321 542 1396 superatur.0lim
558 1321 666 1393 quippo
677 1320 715 1375 eit
726 1319 983 1376 militesNorman-
1037 1323 1133 1395 penda
1145 1327 1198 1379 ast.
1218 1346 1232 1372 a

160 1416 218 1479 nia,
242 1413 446 1486 Langobardia
470 1412 581 1485 pedites
600 1410 792 1479 suggerebat:
810 1409 981 1477 Narmanui,
1036 1412 1069 1468 x.
1085 1414 1231 1468 Promissis
1245 1414 1336 1470 alerii
1358 1414 1493 1479 coelectos,
1519 1417 1546 1472 ci
1572 1423 1684 1488 prestat
1708 1415 1862 1471 hominium

160 1505 209 1579 qui
221 1506 368 1559 vincerent
382 1520 388 1569 ;
402 1500 595 1574 Langobardi,
606 1499 654 1571 qui
665 1516 821 1553 numerum
832 1502 982 1571 augerent,
1386 1494 1504 1542 coactus.

161 1596 190 1651 in
202 1593 278 1650 bella
289 1592 479 1648 trahebantur
491 1607 497 1644 :
511 1590 617 1644 hortun
628 1587 841 1661 populus,alter
851 1587 982 1660 belliger,
1073 1573 1173 1644 Lftiffi
1188 1573 1234 1629 ¹¹5³
1249 1577 1353 1644 llfffilffl'
1364 1590 1434 1629 ΜΒ
1448 1575 1584 1631 instructi
1597 1575 1733 1641 fallaciis,
1745 1581 1860 1644 exeunt,

161 1684 233 1741 alter
246 1686 365 1739 uenerat
376 1679 564 1735 ministrator.
577 1678 613 1734 Ut
629 1681 725 1732 autem
737 1677 824 1732 ambo
834 1674 982 1748 belligeri;
1038 1661 1156 1727 adeunt,
1179 1663 1307 1729 obviant,
1333 1661 1520 1736 eloquuntur.
1546 1664 1736 1721 Boamundus
1765 1664 1862 1737 itaque

160 1779 259 1830 tamen
294 1773 352 1827 (1110
379 1773 505 1835 tantum,
540 1772 568 1823 et
596 1767 631 1822 de
666 1767 781 1822 duobus
815 1765 910 1837 pauci,
941 1765 982 1820 Ad
1039 1748 1151 1805 mellita
1174 1750 1329 1806 verborum
1355 1751 1509 1823 superficie
1532 1752 1692 1819 debriatus,
1719 1769 1863 1809 ienenum

1038 1836 1133 1893 latens
1148 1836 1269 1892 iuferius
1285 1855 1342 1893 nou
1354 1839 1442 1895 sentit
1454 1856 1461 1907 ;
1473 1838 1579 1895 fallunt
1588 1857 1656 1896 eum
1668 1840 1770 1896 oblata
1787 1841 1863 1897 ultro

1038 1926 1367 1999 Constantinopolitanae
1382 1925 1498 1995 divitiae,
1524 1933 1642 2001 propter
1666 1945 1741 2000 quas
1753 1934 1863 1984 terram

1038 2033 1072 2070 ac
1086 2014 1208 2088 pelagus
1222 2015 1364 2089 sanguiue
1380 2015 1472 2071 multo
1487 2015 1536 2071 diu
1552 2022 1726 2089 asperserat.
1743 2018 1786 2073 Ad
1802 2018 1864 2072 bac

161 1872 222 1929 hac
239 1868 373 1927 conducti
399 1866 502 1940 pretia,
526 1864 617 1920 coacti
634 1864 738 1927 edicto,
764 1881 822 1918 aon
846 1862 982 1932 ultronei,

162 1979 219 2018 non
235 1959 334 2033 gloria
349 1956 425 2013 auidi
441 1955 621 2010 militabant:
640 1970 717 2008 uirnc
738 1958 839 2008 contra
853 1969 925 2025 gens
940 1957 983 2008 to-

162 2053 221 2108 tius
236 2048 335 2106 Galliae
350 2046 451 2112 excita,
474 2048 566 2099 totam
590 2059 706 2115 quoqne
726 2041 840 2097 ltaliam
865 2042 984 2098 veniens

162 2139 290 2197 sociavit.
307 2137 389 2193 Ultra
404 2135 504 2206 eisque
520 2132 607 2204 Alpes
623 2133 660 2187 ab
671 2130 786 2205 Illyrico
796 2149 889 2205 usque
900 2130 985 2187 Occa-

163 2245 232 2285 num
245 2226 328 2282 nulla
337 2229 381 2281 est
392 2224 471 2296 regio
482 2239 545 2295 quaa
554 2221 723 2277 boamundo
733 2237 815 2275 arma
827 2220 982 2293 negaverit.

163 2318 271 2377 Milites
287 2313 440 2389 sagittarii,
458 2311 620 2367 funditores
644 2326 702 2382 prae
727 2309 916 2365 multitudine
931 2327 985 2366 aua

164 2406 278 2464 nullum
289 2405 379 2460 turba
390 2400 501 2457 imbelli
513 2400 609 2455 lacum
619 2398 780 2454 inexercitu
792 2397 983 2470 reliquerunt.

163 2494 345 2553 Cismariuus
360 2491 445 2565 panis
475 2488 596 2545 armatis
620 2505 678 2544 non
708 2486 834 2543 sufficit:
853 2488 889 2543 ab
912 2487 985 2560 ipsis

161 2592 247 2643 terra
263 2581 394 2640 cai-ernis
408 2584 519 2643 arcitus,
535 2577 643 2632 nedum
655 2576 738 2649 plebs
749 2575 870 2631 inermis
880 2576 917 2632 ab
927 2575 985 2632 otio

166 2694 197 2735 se
213 2680 241 2732 et
255 2671 339 2746 capia
354 2672 389 2726 ad
406 2669 535 2725 laborem
551 2671 578 2721 et
593 2664 721 2720 inediam
736 2665 986 2721 transferret0m-

165 2782 217 2821 nas
233 2762 348 2827 armati,
365 2775 467 2815 omnes
491 2755 598 2820 bellici,
621 2771 723 2810 omnes
745 2752 904 2821 laboriferi,
921 2753 986 2827 qui-

165 2870 280 2926 cunque
303 2847 530 2919 wiscardigenae
555 2843 658 2899 castris
686 2841 875 2897 famulantur.
906 2843 986 2898 Adde

164 2940 364 2999 wiscardidas
378 2935 561 2993 'fancredum
578 2938 605 2988 et
621 2933 725 2987 fratres
736 2930 916 2987 willelmum
930 2932 986 2987 uo-

163 3035 338 3104 bertumque
354 3025 450 3083 Poenis
464 3023 599 3080 leonibus
612 3020 763 3077 audaciam
782 3019 908 3076 similem
925 3024 984 3076 tam

163 3123 334 3196 cognatione
349 3114 474 3190 generis.
500 3129 588 3185 quam
609 3110 677 3166 belli
699 3109 797 3166 studio
822 3108 984 3165 Boaniundi

162 3226 342 3287 germanam.
359 3211 488 3272 Qirorum
514 3201 672 3266 neminem,
697 3204 729 3253 ut
744 3199 894 3270 quondam
909 3197 982 3270 ipse.

162 3298 266 3373 cogit:
297 3295 347 3351 scd
378 3287 576 3347 transfretavit
604 3286 736 3342 omniurn
771 3285 984 3357 supplicatione

161 3391 288 3444 coactus.
306 3383 387 3439 Unde
403 3397 467 3435 reiro
482 3375 616 3447 abrumpi
634 3378 780 3447 poterunt,
793 3390 868 3446 qnos
883 3374 984 3429 uolun-

160 3482 206 3533 tas
222 3493 290 3537 rina,
307 3490 360 3545 par
376 3467 508 3537 intentio,
521 3463 652 3521 stridium
668 3463 745 3519 idem
758 3462 786 3517 in
798 3461 982 3518 concordiam

161 3563 319 3621 foederarit.
337 3582 350 3610 u

195 3653 240 3709 lli.
256 3683 289 3694 -
305 3649 416 3705 Alcetas
431 3645 466 3701 ad
483 3641 672 3699 Boaruoudum
689 3641 831 3712 epistolum
849 3643 947 3698 mittit.

195 3741 246 3797 His
268 3739 402 3794 versutus
431 3733 590 3804 imperator
617 3743 774 3800 percussus
803 3727 981 3794 rumoribus,

159 3846 249 3887 noros
263 3827 349 3882 corde
364 3822 458 3887 dolos,
472 3837 545 3875 nora
557 3822 672 3890 pectore
688 3820 784 3871 versat
798 3815 983 3872 consiliaba-

157 3920 237 3975 tibus
252 3916 349 3970 studet
363 3913 461 3967 leones
473 3907 633 3980 implicare,
651 3922 725 3976 quos
737 3904 881 3960 uenabula
892 3903 982 3961 laces-

157 4023 220 4064 sere
231 4022 288 4059 non
305 4002 401 4058 audet.
418 3998 509 4069 igitur
528 3995 647 4051 nriritios
663 3994 777 4066 laqueis
802 3999 914 4056 onerat.
931 3996 979 4067 qui

1038 2108 1099 2160 tarn
1116 2103 1198 2159 facile
1214 2103 1361 2159 indultum
1387 2121 1451 2160 esse
1475 2106 1593 2178 gaudet,
1611 2106 1689 2177 quod
1706 2107 1733 2161 in
1748 2106 1863 2162 Graecos

1039 2193 1153 2250 diutina
1165 2193 1378 2266 expugnatione
1392 2192 1563 2266 deliquerat.
1590 2194 1672 2250 Unde
1695 2195 1814 2267 placuit,
1831 2201 1863 2251 ut

1039 2282 1102 2356 ipse
1116 2299 1183 2337 eum
1200 2282 1301 2354 paucis
1320 2299 1378 2354 quo
1393 2283 1550 2338 uocabatur
1575 2284 1768 2355 precederet3
1785 2287 1862 2340 Tau-

1039 2372 1145 2428 credus
1158 2387 1226 2426 vcro
1239 2387 1305 2426 cum
1316 2370 1430 2444 reliqua
1440 2371 1629 2428 multitudine
1641 2372 1752 2428 tardior
1761 2390 1862 2447 seque-

1039 2465 1129 2516 retur.
1147 2460 1228 2526 Quod
1245 2459 1428 2516 Marchisida
1452 2461 1573 2517 auribus
1589 2479 1647 2517 non
1662 2461 1813 2534 displicuit
1828 2462 1861 2518 il-

1040 2549 1175 2622 lapsum:
1191 2565 1259 2604 nam
1275 2566 1332 2622 qua
1349 2548 1503 2605 sedulitate
1518 2550 1656 2623 accipiter
1671 2550 1801 2623 laqueos,
1812 2556 1863 2608 aut

1040 2639 1162 2695 hamum
1173 2637 1263 2709 piscis
1275 2655 1281 2704 ;
1294 2655 1326 2692 ea
1342 2638 1368 2693 is
1379 2637 1595 2694 fraudulentam
1607 2639 1771 2696 Graecorum
1782 2640 1866 2697 fami-

1039 2726 1195 2783 liaritatem
1211 2726 1357 2781 horrebat.
1370 2726 1437 2782 ldeo
1453 2728 1530 2800 regis
1546 2744 1668 2783 munera
1678 2735 1863 2800 aspernatus,

1036 2818 1100 2888 Jara
1116 2820 1179 2871 tum
1196 2816 1381 2888 presentiam
1406 2816 1471 2887 ejus
1491 2816 1692 2890 subterfugere
1708 2834 1865 2890 proposue-

1040 2910 1095 2961 rat.
1112 2904 1202 2978 Igitur
1218 2904 1416 2970 Buamundus,
1435 2905 1484 2959 uhi
1510 2923 1585 2976 quas
1609 2905 1710 2973 ductu,
1731 2923 1806 2978 quos
1821 2908 1865 2963 di·

1041 2995 1134 3050 missu
1159 2993 1340 3065 dignaretur,
1366 2992 1561 3049 deliberatum
1586 3000 1649 3062 est;
1666 2995 1702 3049 ab
1728 3012 1761 3051 eo
1786 2998 1864 3068 quod

1040 3081 1216 3155 bempsala
1240 3081 1381 3154 oppidum
1407 3082 1523 3147 dieitur,
1539 3083 1712 3155 digreditur.
1729 3083 1864 3157 Dumque

999 3165 1021 3235 G
1040 3171 1163 3245 fatigant
1179 3171 1325 3244 promissa
1340 3171 1471 3226 animum
1485 3189 1492 3240 ;
1504 3171 1621 3227 animus
1632 3172 1864 3246 equitem,eques

1039 3260 1195 3328 caballum,
1213 3260 1289 3315 iufra
1304 3260 1366 3315 dies
1389 3277 1498 3331 paucos
1521 3260 1803 3333 Constantinopolim
1819 3276 1865 3316 re·

1039 3349 1127 3404 nitur.
1141 3348 1202 3403 lltic
1213 3348 1402 3406 Boamundus
1412 3348 1528 3405 oblatus
1542 3349 1652 3416 Alexio,
1664 3350 1689 3406 ei
1697 3350 1863 3423 jugo,quod

1038 3436 1240 3508 hommagium
1257 3437 1344 3510 rcrlgo
1359 3437 1478 3503 dieitur,
1495 3437 1641 3493 subditur.
1662 3438 1785 3494 Coactus
1800 3439 1864 3511 qui·

1038 3527 1116 3593 dem,
1132 3525 1182 3582 scd
1199 3530 1296 3580 tamen
1312 3529 1394 3581 tenta
1408 3524 1557 3582 Romania
1577 3526 1760 3583 dimensione
1775 3528 1864 3584 doua-

1037 3619 1096 3683 tue,
1113 3614 1142 3670 in
1157 3631 1216 3687 qua
1230 3630 1323 3686 equus
1338 3613 1401 3670 dies
1412 3614 1580 3688 quindecim
1591 3632 1643 3688 per
1657 3614 1858 3690 longum,octo

1037 3708 1133 3759 autem
1151 3705 1325 3775 expenderet
1340 3721 1391 3776 per
1400 3707 1611 3760 transversum.
1623 3704 1681 3761 Nec
1692 3721 1774 3761 mora
1786 3705 1865 3761 fama

1035 3793 1150 3857 volans,
1167 3809 1274 3848 novum
1290 3793 1441 3849 Tanecedo
1458 3794 1593 3866 patefacit
1617 3799 1752 3850 eventurn
1768 3799 1796 3850 et
1811 3795 1866 3850 ad·

1037 3881 1089 3936 dit.
1107 3881 1220 3937 Similis
1235 3898 1351 3954 quoque
1367 3881 1476 3939 deditio
1491 3882 1589 3957 ipsum
1612 3886 1639 3938 te
1654 3883 1704 3956 qui
1720 3883 1864 3955 sequeris,

1036 3974 1135 4025 manet
1152 3986 1186 4025 eo
1200 3969 1295 4035 vilior,
1312 3988 1371 4043 quo
1387 3987 1498 4026 merces
1510 3971 1617 4026 minor.

157 4092 327 4152 Boamundo
341 4086 467 4145 uenienti
488 4101 555 4142 curu
580 4082 749 4156 hujusmodi
766 4081 918 4138 blanditiis
933 4099 980 4138 oc·
1061 4076 1109 4132 lil.
1127 4107 1160 4117 -
1176 4077 1332 4133 Boomuodi
1344 4094 1437 4133 emitto
1452 4078 1555 4136 occulto
1569 4079 1656 4147 qcmit
1672 4079 1834 4134 Tooeredus.

157 4187 294 4240 ΜΝ·
1071 4165 1250 4233 feneratus.
1268 4165 1315 4221 his
1330 4165 1450 4232 auditis,
1468 4166 1638 4223 boamundo
1653 4166 1861 4233 consolamur

193 4293 207 4321 u
223 4272 282 4326 Rex
297 4267 413 4324 hierius
429 4262 599 4320 boamundo
616 4260 751 4316 salutem.
1032 4252 1417 4326 timpt,quipp0pr0ximum
1429 4254 1680 4328 ,idensparietem
1692 4272 1859 4326 accensum,

192 4384 206 4411 a
221 4358 393 4416 Nuntiatum
409 4358 453 4410 ast
469 4350 538 4408 mihi
556 4350 592 4405 cle
607 4353 657 4404 tuo
672 4349 810 4415 adventu,
828 4364 916 4419 quern
928 4366 978 4420 pa·
1033 4359 1087 4399 suo
1098 4359 1156 4399 non
1166 4343 1282 4398 dubitat
1293 4341 1446 4398 imminere
1459 4343 1637 4399 incendium.
1650 4343 1749 4417 ltaque
1760 4346 1860 4402 arrimo

155 4449 248 4508 tornis
263 4445 424 4502 visceribus
435 4440 548 4512 suscepi
567 4438 711 4494 auditum.
729 4435 802 4502 Quia
821 4452 898 4490 nune
914 4437 979 4508 qui·
1031 4431 1131 4497 volvit,
1148 4432 1256 4496 studet,
1272 4432 1412 4503 recogitat
1435 4448 1494 4504 qua
1515 4432 1561 4487 via
1575 4432 1732 4504 praeterire,
1748 4435 1858 4505 quibus

155 4537 222 4593 dem
239 4533 370 4590 moribus
385 4531 445 4586 tuis
460 4529 582 4600 dignum
599 4541 673 4596 opus
684 4539 810 4587 exerces,
827 4540 893 4578 cum
909 4523 977 4579 belli
993 4540 1017 4606 D
1033 4520 1146 4578 artibus
1161 4519 1271 4588 fallere,
1287 4521 1396 4591 quibus
1418 4521 1530 4576 uiribus
1545 4519 1629 4577 dolos
1658 4522 1761 4594 perfidi
1778 4522 1855 4594 regis

155 4626 286 4682 studium
304 4622 339 4677 ad
355 4621 496 4676 barbaros
512 4613 664 4672 convertis.
682 4611 975 4685 Aspiracitmtrideo,
1031 4608 1124 4665 valeat
1134 4608 1248 4681 punire.
1264 4608 1488 4665 Confertautem
1501 4608 1665 4676 hincuires,
1677 4608 1744 4666 inde
1759 4609 1854 4679 dolos,

154 4711 340 4784 Deuscoeptis
351 4711 539 4769 francorum,
551 4720 624 4777 quos
635 4706 715 4756 tanta
727 4699 832 4756 comite
843 4701 978 4757 munien-
1032 4697 1101 4753 hinc
1115 4697 1278 4765 audaciam,
1296 4697 1363 4752 iude
1379 4697 1538 4768 potentiam
1552 4715 1559 4753 :
1574 4697 1641 4753 hiae
1656 4697 1775 4764 milites,
1787 4699 1857 4755 inde

153 4801 207 4858 dos
229 4799 368 4874 praeridit.
393 4795 466 4852 Meis
490 4808 606 4867 qnoque
635 4789 788 4846 desideriis
817 4790 976 4846 efficaciam
1031 4784 1761 4858 diuitiasthincpaucitatem,indemultitudinem.
1779 4788 1854 4855 Quid

151 4895 221 4948 tuus
236 4885 426 4962 singulariter
436 4879 578 4956 promittit
589 4896 723 4935 accessus
735 4884 860 4945 :narn‚ut
874 4882 977 4935 caetera
1030 4874 1147 4931 struat?
1162 4873 1304 4930 dimicet?
1318 4878 1348 4930 at
1364 4875 1508 4947 potentior
1523 4874 1634 4932 bostis:
1652 4874 1856 4949 supplicctt’at

151 4983 275 5044 meeum,
292 4976 347 5048 ipsi
363 4975 449 5028 etiam
467 4975 546 5024 vales
572 4967 658 5024 Turci
689 4967 724 5022 de
753 4967 975 5037 gentcsuatibi
1029 4963 1853 5037 inexorabilisidem:transeatfatpelagusintersaevit,

152 5067 301 5124 destinant
315 5060 490 5134 trirrmphos.
507 5060 586 5129 Euge
611 5057 709 5130 igitur,
727 5055 932 5123 accelerabit,
948 5061 976 5111 et
1029 5051 1138 5108 Videas
1153 5067 1222 5122 ergo
1238 5052 1363 5108 Francos
1379 5051 1469 5107 duces
1486 5050 1646 5124 implicitas
1667 5050 1763 5118 donis,
1781 5051 1854 5108 Boa-

151 5161 180 5213 te
196 5152 425 5229 praestolantium
443 5149 517 5220 apud
537 5164 582 5201 mc
602 5163 700 5202 naoras
724 5147 831 5200 ducum
856 5147 974 5200 ueniens
1030 5141 1173 5197 mundum
1189 5139 1275 5204 dolis,
1292 5156 1323 5195 se
1348 5139 1503 5212 augustiis,
1519 5140 1562 5196 sio
1584 5140 1656 5196 adeo
1671 5139 1790 5207 insistit,
1808 5157 1854 5195 se-

152 5243 280 5302 absnlre.
295 5241 337 5296 Ad
352 5245 380 5295 te
395 5240 494 5304 duces,
512 5237 546 5292 ad
558 5242 742 5308 temerares,
758 5234 794 5288 ad
809 5238 837 5287 te
848 5233 975 5306 populns
1029 5245 1155 5302 cumque
1170 5227 1211 5283 ita
1225 5229 1311 5284 corde
1321 5228 1448 5284 uolutat:
1465 5228 1561 5284 «Proh
1573 5228 1669 5284 scelus
1681 5226 1688 5283 l
1700 5227 1750 5282 ubi
1762 5228 1855 5284 fides?

152 5329 401 5403 omnissuspirat.
428 5329 499 5383 Sciat
527 5326 603 5398 apud
633 5341 680 5378 nro
697 5321 792 5389 Latini
818 5321 974 5388 heroes,et
1028 5320 1077 5375 uin
1095 5314 1851 5391 prudentia‘thominumcordallurjusparfrdum,

151 5419 207 5494 ipsi
225 5420 338 5494 magnis
355 5416 526 5473 muneribus
542 5415 659 5470 donati:
677 5412 726 5468 sed
739 5416 848 5483 ‹piranto
859 5413 888 5465 tu
901 5409 973 5466 mibi
1028 5408 1106 5464 illius
1121 5406 1337 5479 improvidum:
1354 5405 1442 5476 hujus
1457 5405 1492 5459 ad
1505 5406 1668 5460 nocendum
1680 5404 1851 5478 impudenS,

151 5509 262 5565 celeris
278 5509 381 5575 notior,
398 5511 479 5561 tanto
495 5506 607 5573 nrajaca
621 5505 715 5557 restas
730 5504 911 5571 accepturus.
924 5500 973 5554 llio
1027 5496 1105 5552 illius
1121 5495 1157 5550 ad
1173 5494 1408 5566 cognoscendum
1423 5492 1605 5565 imprudens.
1622 5493 1697 5549 uxta
1713 5493 1802 5549 bomo
1813 5495 1850 5549 ad

149 5598 250 5669 pallia,
262 5598 309 5654 hic
319 5613 433 5665 aurum,
446 5594 492 5650 hic
504 5591 619 5658 caballi,
631 5590 677 5645 bic
691 5593 719 5645 te
730 5587 862 5643 amnium
874 5591 973 5643 manet
1026 5584 1141 5642 divitias
1158 5583 1275 5638 nomine
1290 5579 1341 5636 dlii
1363 5580 1489 5649 elicitus,
1505 5580 1598 5653 patris
1612 5581 1774 5639 uisceribus
1790 5598 1853 5638 um-
