3816 6006
54 221 142 307 iiiiii
450 220 501 283 DE
523 220 751 283 salmoneus
774 219 912 283 SACRAE
934 216 1155 281 oratotoriis
1176 217 1361 283 JEROSOL.
1386 238 1392 247 ’
1678 220 1759 285 1098
1856 232 1859 237 ’

92 354 152 413 llos
167 352 242 411 male
257 355 371 425 torquet
386 351 491 422 hiems,
507 357 596 410 astus
611 357 725 411 staura
740 370 857 411 nocens.
895 354 923 421 Α
974 352 1030 409 Sed
1045 351 1136 408 fracto
1151 368 1240 408 corun
1256 350 1363 408 sentiat
1377 366 1459 408 arma
1473 351 1579 418 crucis.

55 445 149 500 Fraus
163 441 284 498 inimica
299 440 415 514 premit,
433 442 514 498 furor
526 443 627 511 allicit,
643 443 686 499 ira
701 442 811 516 fatigat.
935 439 1032 497 Gloria
1048 441 1225 497 Francorum
1241 440 1353 496 dudum
1369 439 1503 512 concepit
1519 439 1669 511 honorem,

92 531 193 589 Pulsat
207 531 311 588 acerba
326 530 400 599 lues,
418 531 552 604 plauctus
569 532 677 605 ubique
691 537 777 588 sonat
936 529 992 586 Sed
1008 529 1104 602 gravis
1119 530 1149 584 in
1166 534 1251 603 partu
1266 529 1387 602 peperit,
1400 529 1569 602 peperitque
1583 529 1724 589 dolorem.

55 621 201 679 Carnibus
215 620 327 678 esuries
341 621 418 677 vesci
434 620 582 693 compellit
597 621 713 694 equinis
728 638 735 677 :
937 619 993 674 Res
1009 618 1143 675 miranda
1157 618 1222 685 luit,
1239 635 1306 674 cum
1322 617 1414 692 gloria
1426 618 1543 674 culmen
1558 618 1677 676 honeris

95 712 213 767 Fossam
229 709 306 784 cogit
320 710 445 766 humum
458 709 586 766 lambere
602 710 681 766 sicea
695 709 774 778 sitis;
937 707 1129 763 Parturiendo
1145 706 1213 775 ruit,
1230 708 1263 763 fit
1277 707 1369 780 gloria
1384 724 1474 764 eausa
1489 707 1608 765 doloris.

54 800 166 873 Virque
180 797 274 855 virum
291 815 468 871 carnemque
478 816 545 856 caro
559 802 649 866 vorat,
662 799 756 855 hostis
768 799 883 855 hostem
937 797 1106 853 Parturiuut
1120 802 1246 865 montes,
1263 797 1431 870 peperitque
1446 797 1585 871 superbie
1598 814 1707 855 mures.

94 889 192 945 Pascit
206 893 233 944 et
250 887 360 944 illicitis
376 887 449 960 proh
465 886 561 945 dolor!
579 887 749 962 ingluviem.
938 886 1022 941 Mons
1037 886 1126 953 cadit,
1139 885 1198 942 alta
1213 891 1314 954 ruunt,
1326 885 1488 958 pereuntia
1499 887 1642 960 sauguine
1651 887 1761 959 plures.

56 977 89 1036 Si
104 976 174 1050 quid
190 977 278 1033 hahet
293 976 409 1051 lugiens
424 981 495 1032 atas
510 978 626 1033 infirma
641 976 789 1048 relinquit,
936 975 979 1031 Ad
996 973 1121 1031 nihilum
1138 975 1212 1030 redit
1226 974 1359 1031 esuriens
1373 974 1516 1033 exercitus
1531 976 1596 1045 istc,

95 1068 208 1140 Pauper
222 1083 331 1140 egenus
345 1082 425 1139 opes,
442 1066 543 1122 tortior
554 1060 640 1123 hrma
654 1065 733 1139 legit.
937 1062 1029 1119 Ablue
1044 1068 1144 1120 nestra
1157 1063 1245 1134 Deus,
1258 1068 1287 1120 et
1301 1065 1413 1122 munda
1426 1063 1559 1133 erimina,
1573 1064 1694 1134 Christe,

56 1156 142 1213 Victa
156 1154 256 1212 labore
271 1155 355 1230 iuga,
366 1156 473 1229 gravis,
486 1156 582 1224 anxia,
597 1157 680 1213 tarda
696 1158 830 1212 senectus
938 1152 1087 1210 Graeculus
1102 1152 1235 1210 esuriens
1250 1169 1304 1209 uos
1319 1153 1444 1210 destruit
1457 1154 1623 1223 esuriendo,

95 1245 184 1302 Ollert
198 1261 229 1301 se
245 1244 360 1319 gladiis,
373 1245 473 1319 jungit
488 1250 627 1317 utrasque
643 1262 758 1301 manns.
938 1242 997 1298 Nos
1011 1241 1088 1315 rapit
1101 1246 1130 1298 et
1142 1245 1238 1298 restat
1252 1259 1358 1298 manus
1373 1259 1476 1315 aspera
1491 1242 1690 1316 perentiendo.

58 1335 130 1391 Pars
144 1337 320 1406 cousumpta
333 1333 421 1401 tame,
437 1351 505 1407 pars
522 1333 742 1391 intolerabiliori
938 1330 1087 1388 Graculus
1102 1335 1172 1398 arte,
1190 1332 1276 1401 tame,
1288 1348 1342 1388 nos
1356 1332 1482 1389 destruit
1495 1331 1668 1402 esurientes,

95 1422 241 1480 Exhalant
257 1422 370 1479 animas
386 1439 462 1490 aere,
478 1423 554 1489 tabe,
572 1421 619 1479 siti
635 1441 645 1478 .·
938 1421 973 1477 Et
986 1419 1084 1476 Parthi
1100 1419 1196 1493 gladio
1213 1420 1366 1477 devastant
1379 1421 1556 1479 deficientes.

59 1512 155 1568 Fortis
168 1517 198 1568 et
213 1511 369 1567 incolumis
388 1511 524 1584 trahitur,
536 1511 663 1567 trahitur
685 1529 787 1586 vagus,
804 1510 885 1568 exsul
939 1509 1073 1581 Dumque
1087 1510 1193 1566 tamem
1210 1509 1350 1582 patimur,
1361 1509 1460 1567 hostes
1475 1511 1620 1569 scutimus
1634 1509 1762 1584 iniquos,

718 1600 758 1676 [et
773 1602 862 1672 exlex,
940 1597 1096 1654 Deficiente
1112 1599 1186 1668 cibo,
1205 1616 1313 1672 paucos
1329 1599 1491 1672 reperimus
1506 1601 1626 1659 amieos.

95 1691 247 1747 blordibus
263 1689 292 1746 in
306 1689 403 1764 gladio
418 1691 527 1747 corruit
542 1695 629 1763 atquc
643 1707 746 1759 seuam
941 1685 1064 1743 Fallitur
1078 1705 1112 1744 ex
1127 1693 1187 1745 toto
1199 1705 1271 1762 gens
1287 1688 1396 1762 inelyte
1410 1707 1485 1762 pane
1497 1693 1621 1747 remoto.

59 1780 188 1854 Corpora
202 1797 276 1838 ease
290 1778 361 1836 locis
378 1779 532 1836 inhumata
542 1781 642 1852 jieent
658 1778 820 1854 inaquosis,
941 1776 1038 1833 Floria
1052 1777 1240 1846 Francorum,
1258 1778 1346 1835 timor
1361 1778 1465 1847 hostis,
1480 1783 1510 1836 et
1524 1796 1606 1837 arma
1619 1783 1749 1849 tuorum,

96 1869 171 1925 Esca
184 1867 352 1926 volatilibus
367 1885 471 1942 sparsa
485 1867 586 1924 relicta
602 1867 678 1924 ieris.
940 1865 1016 1922 Gens
1031 1865 1090 1938 pia,
1107 1866 1190 1940 plebs
1212 1866 1344 1937 celebris,
1360 1869 1508 1941 quondam
1530 1868 1644 1927 ramosa
1658 1868 1766 1927 trium·

60 1962 158 2014 Pauca
171 1962 310 2032 teguntur
324 1957 425 2026 humo,
438 1957 560 2030 sanguis
574 1962 709 2031 terreque
725 1956 858 2030 marique
1666 1955 1746 2032 [phis
1867 2030 1875 2040 ·

96 2046 221 2118 Diiiluit,
239 2064 307 2104 arva
321 2047 451 2116 madent,
467 2044 640 2127 insseiqntur
654 2062 746 2118 aqua,
942 2045 1024 2100 Nunc
1048 2046 1180 2102 Danaum
1202 2044 1332 2103 malefisa
1352 2045 1436 2116 dolis,
1454 2047 1622 2119 terramque
1642 2046 1765 2105 hinem-

61 2135 176 2209 Lingua
190 2135 266 2207 silet,
290 2134 368 2191 mala
389 2135 494 2207 juncta
517 2133 612 2200 malis,
626 2151 719 2208 neque
743 2140 786 2191 tot
809 2136 887 2208 cupit
1677 2133 1747 2210 [que

753 2222 845 2298 [auris
860 2242 866 2280 :
942 2223 1091 2279 Immerito
1106 2224 1209 2295 santis,
1221 2224 1367 2281 satiantur
1381 2229 1409 2281 et
1423 2224 1557 2282 hostibus
1572 2225 1682 2284 hostes.

95 2313 219 2389 Singula
235 2330 320 2370 nosse
335 2313 427 2381 dolor,
444 2318 550 2369 cuncta
565 2314 671 2369 referre
686 2311 778 2369 labor.
941 2313 1011 2379 Quis
1027 2314 1113 2369 modo
1128 2313 1286 2387 gaudebit?
1302 2314 1359 2387 ligo
1375 2330 1444 2385 nou,
1460 2314 1531 2371 dum
1547 2313 1641 2373 Gallia
1655 2298 1758 2373 nebit?

29 2454 31 2458 ,
59 2402 155 2459 Gallia
170 2406 264 2459 meter
279 2403 309 2460 iu
325 2402 371 2459 his
387 2401 480 2471 doleo,
497 2401 570 2458 mihi
586 2399 721 2458 condolet
735 2402 824 2471 orbis,
940 2401 1034 2457 Gallia
1048 2406 1108 2458 tota
1123 2402 1211 2472 dolet,
1223 2407 1252 2458 et
1267 2418 1329 2476 cgo,
1347 2419 1418 2477 gens
1435 2402 1526 2476 impia
1539 2403 1660 2477 gaudet,

97 2493 153 2548 'lot
168 2509 274 2565 queror
289 2497 355 2548 aeta
369 2492 441 2547 mihi
458 2493 576 2557 damna,
592 2491 743 2563 Deumque
758 2491 827 2564 pati.
941 2491 1054 2548 Gaudet
1069 2496 1097 2547 et
1111 2491 1248 2559 exsultat,
1259 2492 1329 2548 dum
1346 2491 1435 2548 tantis
1450 2492 1562 2550 viribus
1575 2491 1677 2551 instat.

15 2571 18 2576 ¹
61 2581 188 2650 Sanctis,
201 2580 324 2650 Christe,
342 2580 423 2650 locis,
441 2597 535 2649 mons,
553 2597 668 2652 murus,
683 2581 810 2648 dextera,
825 2584 887 2637 tur·
941 2580 1019 2637 Gens
1032 2580 1108 2638 mala
1119 2581 1303 2649 Parthorum,
1316 2580 1415 2654 pupuli
1430 2581 1491 2638 iera
1504 2581 1592 2639 turba
1602 2581 1767 2650 Medorum,

819 2667 870 2743 [ris
942 2670 1102 2743 Imperium
1119 2671 1180 2726 ritu
1195 2671 1325 2727 venduut
1338 2675 1367 2730 et
1381 2676 1484 2727 emunt
1499 2671 1639 2729 Elamite.

98 2759 141 2816 Da
157 2777 250 2834 spem,
261 2758 361 2816 confer
375 2776 470 2833 opem,
487 2757 597 2831 respice
611 2759 719 2831 probra
733 2759 838 2814 crucis.
940 2758 1038 2816 Gloria
1053 2759 1121 2815 llere
1136 2764 1243 2832 potest,
1260 2776 1318 2817 uon
1335 2761 1419 2817 nobis
1433 2759 1527 2834 gloria
1542 2760 1669 2834 prodest.

64 2846 105 2906 Ne
121 2865 210 2924 snper
224 2848 307 2906 hoste
322 2847 372 2904 diu
389 2848 468 2905 ierus
482 2846 531 2905 illa
546 2846 697 2922 superbiat
711 2846 816 2915 hostis,
942 2846 1040 2904 Gloria
1056 2864 1123 2904 eum
1135 2847 1216 2905 luctu
1232 2848 1347 2917 teritur,
1361 2848 1445 2924 quasi
1460 2848 1588 2907 llossiue
1602 2849 1710 2907 linctu.

63 3097 1769 3131 Q

610 3349 702 3459 ΒΕ
756 3346 1256 3466 PltlllGltllllS·

168 3588 231 3737 ll
278 3586 595 3737 llllllltll
642 3587 828 3737 tlltl
876 3588 1179 3738 tltttttttl
1222 3588 1676 3750 tllttttlltlll

122 3854 300 3928 (lucanicae
321 3858 471 3927 Anqltc.,t
498 3856 533 3924 ll,
555 3874 582 3929 p.
608 3857 670 3913 489.
686 3873 721 3913 ex
744 3857 832 3915 veteri
857 3873 913 3914 ms.
929 3874 1018 3931 penes
1042 3857 1207 3916 Gilbertum
1231 3858 1334 3928 North,
1358 3858 1722 3934 armigerum‚an.1652.)

819 4063 1032 4079 m

109 4254 238 4313 Maxima
252 4256 328 4313 inter
341 4256 497 4332 plerosque
518 4259 660 4316 hactenus
675 4259 820 4318 dubitatio
836 4260 900 4331 luit,
917 4264 938 4330 c
958 4260 1133 4331 libertatem,
1150 4262 1278 4336 populus
1293 4262 1515 4336 proclamasset,
1530 4263 1660 4336 ingentia
1674 4263 1782 4324 bellas

73 4345 153 4403 uude
169 4349 197 4402 et
208 4362 225 4403 a
235 4345 343 4420 quihus
354 4347 442 4420 Hesp.
456 4347 693 4404 lerosolimerum
707 4349 902 4422 primordium
955 4350 1090 4408 finitimis
1101 4351 1220 4425 regibus
1233 4368 1300 4408 curn
1317 4351 1514 4408 iherosolimis
1524 4357 1608 4425 gesta
1622 4353 1784 4413 suut'l'an

74 4433 374 4507 sumpserit.Quidam
386 4453 460 4492 vana
470 4436 605 4511 sompnia
618 4437 784 4511 ingerentes
795 4438 902 4513 delira·
956 4441 1033 4510 dem,
1059 4439 1175 4497 volente
1203 4441 1338 4509 Domino,
1364 4457 1432 4498 oum
1461 4441 1638 4499 Machabeus
1666 4441 1782 4514 urbam,

74 4526 176 4583 menta
191 4522 292 4597 pocius
303 4540 392 4598 quam
403 4525 553 4582 veritatem
566 4525 902 4596 confinxissevidentur;
958 4546 1066 4598 arcem,
1082 4534 1110 4585 et
1124 4529 1268 4603 templum
1289 4530 1325 4586 dc
1347 4530 1538 4603 prophanatis
1560 4531 1694 4603 gentium
1716 4546 1783 4589 ma·

75 4614 186 4671 veteres
201 4611 279 4669 enim
295 4612 434 4669 historias
449 4613 621 4688 longissime
635 4616 808 4673 abinvicem
824 4633 905 4690 sepa·
959 4619 1047 4675 nibus
1061 4618 1255 4688 vendicasset,
1269 4623 1298 4676 et
1312 4619 1348 4676 sd
1372 4617 1481 4676 bellum
1501 4618 1608 4676 iterum
1623 4619 1784 4694 gerendum

76 4702 167 4766 ratas,
183 4701 347 4773 composito
370 4703 497 4774 quodam
522 4702 653 4777 glutineo
679 4706 903 4776 conjunxerunt.
960 4708 1125 4764 exeundum
1150 4714 1237 4775 esset,
1254 4707 1336 4781 prius
1357 4708 1530 4781 compositis
1553 4708 1583 4764 in
1608 4708 1680 4765 urbe
1701 4708 1786 4766 Jeru-

76 4790 208 4854 Ouorum
224 4794 315 4846 vanas'
330 4790 447 4848 sabulas
462 4791 516 4847 hoe
537 4792 599 4848 loco
621 4793 692 4849 mihi
714 4794 820 4851 reterre
836 4811 907 4850 cura
961 4797 1067 4853 solima
1081 4798 1179 4867 rebus,
1196 4815 1304 4871 magna
1319 4815 1408 4855 manu
1433 4798 1462 4853 in
1487 4798 1586 4855 hostes
1610 4796 1786 4855 Maehsbeus

78 4893 137 4932 non
153 4881 213 4946 est;
235 4879 285 4934 sed
309 4878 345 4935 ad
370 4879 410 4936 rei
426 4881 588 4946 veritatem,
606 4881 635 4937 id
651 4882 730 4954 quod
755 4885 791 4939 de
815 4884 906 4940 sacris
961 4884 1110 4956 profectus
1134 4890 1186 4941 est.
1213 4889 1344 4958 Cumque
1357 4886 1442 4942 multi
1457 4886 1493 4941 de
1516 4884 1622 4961 pupulo
1639 4885 1688 4942 bei
1712 4885 1787 4943 terro

77 4963 236 5023 annalibus
265 4967 418 5042 decerpere
446 4970 538 5042 potui,
555 4974 584 5027 et
604 4988 667 5044 quae
698 4973 908 5045 conjecturaet
963 4974 1149 5042 cecidissent,
1166 4975 1309 5047 multique
1333 4975 1503 5031 vulneribus
1523 4974 1633 5033 debiles
1657 4974 1789 5032 laetias-

77 5054 192 5111 ratione
216 5056 345 5130 assequi,
362 5074 420 5114 uon
445 5059 606 5134 prepositae
624 5060 663 5116 roi
680 5061 785 5118 seriem
801 5061 831 5118 iu
848 5079 907 5119 mc·
964 5066 1039 5132 seut,
1065 5062 1240 5119 Macbabeus
1264 5062 1294 5118 in
1324 5064 1395 5120 urbe
1424 5063 1688 5132 iherosolimitana,
1701 5081 1789 5124 xeno·

79 5142 337 5202 diumadducam.
965 5152 1054 5219 duna,
1074 5151 1129 5208 boe
1156 5155 1202 5207 est
1231 5151 1312 5224 pium
1333 5151 1429 5208 locum
1457 5157 1486 5210 et
1510 5153 1650 5211 debilium
1678 5153 1790 5212 musti·

116 5231 493 5309 Sacram-ierosolymorum
504 5236 674 5311 religionem
683 5237 910 5312 itapriucipium
966 5240 1058 5297 tuisse
1084 5239 1204 5309 dieitur;
1222 5240 1268 5296 cui
1283 5240 1347 5297 loco
1368 5240 1502 5315 ingentes
1528 5243 1641 5316 argenti
1668 5246 1700 5300 st
1726 5241 1792 5309 susi

77 5319 221 5378 habuisse
236 5328 340 5398 reputo
357 5341 363 5379 :
381 5328 454 5382 Cum
470 5327 589 5398 exactis,
606 5330 721 5383 mortuo
735 5326 911 5385 alexandrio
967 5330 1113 5404 dragmas,
1126 5329 1162 5384 ad
1178 5329 1338 5402 expiandus
1351 5331 1558 5389 defunctorum
1570 5332 1686 5391 animas
1699 5335 1795 5391 tmus-

79 5407 217 5485 Philippo
232 5411 426 5471 Macedonum
442 5432 518 5489 rege,
530 5415 566 5472 de
582 5416 654 5472 urbe
668 5415 832 5475 Jerusalem
848 5434 913 5492 pro·
968 5417 1063 5487 misit3
1089 5417 1199 5490 ibique,
1224 5421 1254 5475 ut
1278 5418 1498 5479 miserabilibus
1522 5419 1752 5493 reeepueatam,
1766 5422 1797 5479 st

78 5497 190 5575 phanis
212 5501 351 5576 gentibus
375 5502 600 5563 Msehabeorum
625 5521 715 5581 opera
737 5506 774 5564 ad
794 5524 822 5564 a.
838 5524 868 5582 p.
884 5513 913 5567 et
969 5506 1116 5566 defunctis
1130 5503 1279 5582 piaculum
1295 5507 1533 5578 constitueretur,
1544 5506 1798 5583 imposuimus

245 5630 382 5695 Persou.
406 5629 493 5697 etv.
1595 5633 1634 5699 at
