3816 6006
99 258 180 329 anau
353 255 405 315 aa
428 246 682 324 conaratuuu
706 243 874 321 maana.
896 236 993 310 11.-
1006 240 1161 317 anuuit.
1184 236 1237 317 uti
1254 240 1381 317 aucun
1402 240 1542 309 sacac.
1723 238 1805 315 aaut

98 396 150 466 pta
164 387 295 463 ejusdem
309 384 460 463 templi,ad
477 400 566 457 quam
580 384 711 459 cryptam
726 377 864 435 introitus
879 377 924 431 cst
936 372 967 454 A
980 391 1032 455 per
1046 390 1134 449 quam
1149 374 1251 435 Petrus
1270 390 1337 431 cum
1362 374 1474 433 icauna
1498 373 1646 439 transiens
1670 370 1803 454 pauperi.

100 480 130 534 iu
147 477 266 534 sinistra
290 479 371 549 parte
394 472 498 546 templi
523 475 551 528 et
572 473 691 526 vacatur
714 463 873 525 Confessio.
891 463 923 519 lu
977 462 1191 539 eleemosynam
1207 462 1243 520 ab
1267 462 1311 520 eis
1334 463 1456 536 potenti¹
1474 480 1541 519 cum
1566 466 1644 523 esset
1668 460 1802 529 claudus,

100 567 236 622 narsidem
252 563 348 620 locum
362 560 469 618 dicitur
485 560 636 634 ingressus
652 556 743 611 tuisse
757 552 921 620 Zacharias,
977 550 1050 611 dixit
1066 568 1072 605 :
1091 557 1244 622 Arpentnm
1259 559 1284 608 et
1297 569 1397 611 aarum
1410 569 1466 608 raon
1480 560 1519 609 est
1534 553 1613 618 mihi,
1624 549 1805 610 ethtrum.

99 655 216 730 quando
232 654 269 709 ah
284 650 388 726 angelo
403 649 439 706 de
454 647 642 722 conceptione
665 642 788 701 ioannis
802 646 847 698 est
862 657 922 696 cer·
977 639 1053 696 libet
1067 639 1190 697 istarum
1204 640 1330 697 duorum
1350 639 1504 708 ostiorum,
1519 639 1652 698 videlieet
1667 639 1704 696 ab
1718 637 1802 718 aqui·

99 741 244 811 lineatus,
259 741 313 796 hoc
328 744 422 796 totum
445 737 555 793 iudicat
579 733 702 809 pictura,
719 736 746 789 et
761 729 922 804 superscri-
976 727 1042 785 lone
1058 732 1086 785 et
1101 729 1136 784 ab
1149 728 1308 799 occidente,
1327 728 1414 786 habet
1434 747 1484 787 sex
1503 730 1623 802 januas,
1640 728 1729 785 mado
1743 726 1802 785 val·

100 832 224 907 phones,
241 847 305 902 qus
320 826 393 883 tales
418 830 498 884 sunt.
513 824 642 898 Angelus
666 821 702 878 ad
726 819 896 878 Zachariam
913 833 920 873 ε

97 920 136 988 Ne
151 922 256 986 ticieus,
270 916 412 982 Zacharia,
428 913 559 971 exauditu
573 920 613 969 eat
629 911 715 968 oratic
730 916 788 978 tuo,
803 911 858 964 etc.

975 833 1078 873 uarum
1094 819 1283 890 conjunctam
1298 835 1367 874 nam
1382 817 1454 874 illud
1469 835 1571 876 versus
1586 816 1740 875 meridiem
1751 815 1801 888 ha·

976 905 1025 967 het
1040 910 1175 978 quatuor,
1190 903 1263 962 illud
1278 922 1346 962 vera
1361 905 1397 962 ad
1413 906 1554 964 amentem
1573 907 1648 967 duas
1671 908 1800 973 tantum.

135 1009 166 1075 ln
182 1004 399 1082 superliminari
415 1000 596 1081 conspicitur
610 1000 706 1075 imago
721 995 829 1054 Christi
853 1010 922 1050 cum
976 993 1010 1049 iit
1025 993 1086 1055 bac
1100 994 1178 1050 circa
1192 993 1358 1051 inferiorem
1372 994 1524 1068 parietem.

95 1097 153 1154 'hac
166 1094 326 1179 epigraphe
342 1109 349 1150 :

95 1202 205 1263 Absolve
217 1204 306 1268 pentes
319 1215 366 1257 rna
376 1200 485 1250 crimina
500 1196 576 1248 eorde
588 1196 711 1261 inientes.

134 1312 166 1375 tn
182 1308 291 1383 templo
306 1307 344 1367 ad
360 1306 452 1365 altare
467 1306 546 1378 quad
559 1308 638 1366 extra
650 1305 713 1360 erat
727 1299 782 1357 sub
793 1298 923 1367 olivaro-

95 1404 211 1465 matum
226 1416 244 1463 a
258 1396 367 1470 tempto
391 1395 548 1468 piusquam
572 1410 609 1456 aa
634 1407 752 1464 passus,
766 1386 922 1452 Zacharias

98 1488 179 1553 titius
203 1485 350 1551 barachie
376 1487 486 1554 martyr
507 1480 660 1549 occubuit3
675 1494 765 1550 supra
789 1475 865 1548 quad
891 1473 921 1531 iu

97 1576 193 1638 Veteri
208 1575 394 1639 Testamenta
409 1570 503 1629 iudei
520 1575 650 1627 turtures
666 1572 694 1623 et
708 1563 860 1627 columbas
875 1579 921 1628 sa-

96 1663 235 1727 acilaoeua
249 1659 523 1730 consummantem
541 1651 921 1730 posteaasnraranismm
1019 1703 1025 1714 ,
1110 1703 1116 1715 ,
1187 1703 1192 1715 ⁸

825 1741 921 1799 adhue
935 1741 960 1811 B
974 1709 1004 1759 et
1018 1708 1095 1760 mter
1108 1707 1261 1761 interiores
1274 1703 1426 1761 columnas
1437 1720 1617 1765 marmoreas
1627 1707 1796 1778 utmagnus,

97 1758 192 1818 tatum
207 1756 253 1817 est
266 1751 358 1818 altare
373 1749 444 1808 illud
460 1749 490 1804 in
510 1745 707 1818 horologium,
722 1742 799 1817 quod

97 1841 187 1906 uideri
203 1845 233 1904 ci
247 1837 341 1902 notan
357 1841 533 1911 potissimum
549 1833 647 1908 plures
662 1829 920 1898 Sarraceui‚etiam

96 1931 195 1998 hodio,
210 1927 313 1992 arandi
341 1942 431 1987 causa
454 1925 490 1980 ad
517 1924 627 1997 ipsum,
641 1938 743 1978 versus
768 1919 920 1975 meridiam

98 2018 284 2092 dispositum,
301 2016 440 2087 adquam
458 2011 608 2071 meridiem
629 2009 684 2082 ipsi
709 2025 791 2065 orare
814 2006 919 2074 solent,

97 2105 312 2174 ueniuntldem
327 2120 394 2161 vara
409 2100 552 2173 templum
567 2098 682 2155 Demini
698 2096 772 2154 miro
787 2093 920 2151 tabulatu

99 2211 262 2263 marmorea
278 2194 358 2248 intus
373 2195 401 2248 et
416 2189 552 2258 exterius,
570 2201 776 2260 aquccunque
800 2184 919 2239 demum
992 2234 997 2247 ,

97 2287 289 2352 exstructum,
301 2282 424 2341 sormam
440 2278 528 2334 habet
542 2278 693 2335 decentem
708 2280 738 2331 et
753 2273 919 2339 rotundam,

99 2372 158 2428 imo
173 2369 352 2427 circulariter
365 2373 548 2440 octogonam,
565 2366 594 2421 id
609 2369 663 2432 est,
679 2368 743 2420 octo
755 2360 878 2434 angulos
889 2361 919 2417 iu

98 2460 221 2517 circuitu
242 2459 409 2526 habeatem.
426 2456 519 2527 liujus
534 2452 635 2527 templi
651 2454 745 2525 paries
759 2452 796 2508 de
809 2450 919 2522 optimo

99 2549 211 2606 musiva
225 2563 311 2621 opere
327 2544 507 2602 extrinsecus
531 2544 690 2603 adornatus
715 2546 867 2613 estusque
882 2540 919 2596 ad

98 2638 286 2708 medietatem
301 2637 376 2708 eius.
392 2651 461 2702 nam
477 2632 588 2705 reliqua
602 2649 671 2704 pars
685 2635 730 2689 est
744 2630 779 2687 de
792 2645 919 2693 marma,

99 2727 156 2784 reis
172 2726 330 2799 lapidibus.
347 2725 427 2792 idem
440 2722 537 2795 uarias
551 2720 673 2785 interior
686 2723 732 2785 est
749 2718 918 2786 continuus.

98 2821 291 2891 preterquam
302 2814 379 2887 quod
396 2816 523 2884 quatuor
536 2809 621 2869 ostiis
633 2806 921 2880 interrumpiturha·

96 2905 172 2973 beas
185 2905 222 2972 ad
234 2904 378 2968 ansatum
394 2901 503 2959 ostium
528 2915 631 2965 unum,
649 2897 696 2963 cui
721 2897 860 2968 adiuncta
875 2899 920 2952 est

96 2992 210 3067 capella
223 2992 253 3053 ia
268 2991 408 3058 bonorem
423 2988 516 3047 sancti
531 2987 631 3054 iacobi
651 2990 828 3049 consecrata.
845 2985 918 3041 Nam

97 3084 134 3152 ab
148 3101 183 3141 ea
195 3086 277 3156 parte
290 3081 328 3147 de
341 3084 417 3138 tecta
430 3075 532 3150 tempti
548 3077 611 3149 ipsa
629 3074 836 3148 praecipitatus,
853 3090 917 3146 per-

96 3171 154 3238 tiea
167 3169 288 3239 tullonis
302 3173 347 3229 est
361 3169 487 3235 accisus,
504 3166 554 3238 qui
579 3165 693 3239 primus
717 3163 845 3236 pontifex
864 3161 919 3217 tuit

97 3261 154 3328 sub
170 3277 249 3325 aare
263 3258 337 3332 legis
351 3256 444 3331 gratia
458 3256 487 3319 in
501 3252 759 3312 ierusalemUude
774 3257 802 3308 et
816 3251 846 3307 hi
860 3268 920 3307 ver·

95 3366 150 3416 ,etus
164 3353 234 3416 sunt
249 3345 372 3420 appositi
388 3345 418 3403 in
437 3345 539 3403 eadem
564 3342 685 3415 capella,
702 3342 731 3397 in
756 3340 845 3397 latere
867 3356 919 3412 pa·

1011 1082 1078 1143 Jam
1093 1081 1122 1138 in
1139 1083 1281 1155 superiori
1298 1087 1380 1158 parte
1395 1083 1528 1156 eiusdem
1545 1081 1675 1158 parietis,
1690 1081 1800 1141 scilicet

976 1169 1026 1231 ubi
1042 1171 1191 1236 musivum
1207 1187 1281 1245 opus
1296 1172 1442 1251 optimum
1465 1170 1632 1250 appositum
1648 1174 1703 1242 cst,
1723 1171 1799 1228 lenc·

976 1266 1041 1316 stra
1058 1264 1126 1316 sunt
1141 1260 1302 1318 interserta·
1319 1260 1371 1331 sic,
1388 1260 1461 1317 utin
1472 1260 1648 1334 quolibctde
1659 1263 1726 1323 octo
1736 1259 1800 1319 late

975 1348 1058 1410 ribus
1073 1348 1134 1407 sint
1149 1347 1278 1425 quinque
1293 1349 1436 1417 fenestrae,
1453 1355 1646 1422 preterquam
1667 1348 1720 1409 ubi
1734 1351 1800 1406 sunt

975 1437 1050 1497 ostia
1060 1437 1206 1512 templi‚in
1219 1437 1325 1514 quihus
1337 1443 1451 1497 tantum
1464 1443 1591 1512 quatuor
1600 1437 1798 1501 continentur.

974 1527 1098 1583 Summa
1113 1526 1250 1587 universa
1265 1526 1459 1584 fenestrarum
1482 1525 1615 1591 ascendit
1628 1527 1666 1583 ad
1680 1525 1800 1602 triginta

975 1615 1059 1675 duas.
1077 1615 1155 1673 Inter
1168 1615 1258 1673 istum
1274 1615 1444 1673 exteriorem
1461 1614 1630 1675 incircuitu
1647 1614 1796 1690 parietem,

974 1808 1038 1864 quac
1054 1808 1176 1848 numero
1191 1796 1261 1848 sunt
1274 1791 1470 1862 duodecim,et
1481 1795 1652 1851 sustentant
1662 1791 1748 1853 illum
1758 1789 1797 1850 in·

975 1877 1120 1948 tenorem,
1133 1883 1161 1935 et
1176 1879 1361 1953 strictiorem,
1375 1885 1404 1937 et
1418 1881 1564 1948 latiarem,
1580 1885 1609 1938 ct
1623 1880 1744 1954 penitus
1758 1896 1798 1937 rc

974 1969 1101 2033 tundam
1118 1968 1269 2041 parietem,
1287 1969 1338 2043 qui
1353 1969 1441 2027 habet
1464 1969 1619 2026 duodecim
1642 1970 1796 2045 fenestras,

975 2057 1136 2132 suppositis
1150 2059 1238 2114 etiam
1259 2058 1315 2115 sibi
1340 2063 1467 2132 quatuor
1491 2058 1642 2132 quadratis
1666 2058 1796 2132 basibus,

974 2146 1050 2201 inter
1065 2146 1153 2214 huna,
1169 2145 1301 2219 inquam,
1318 2150 1347 2202 et
1362 2146 1447 2204 illum
1464 2147 1604 2220 parietem
1624 2151 1696 2204 sunt
1718 2147 1797 2214 sede-

974 2251 1030 2290 cim
1047 2234 1200 2303 columne,
1217 2238 1246 2294 et
1260 2240 1324 2291 octo
1341 2236 1426 2292 bases
1439 2253 1507 2299 cum
1523 2236 1676 2311 quadratis
1694 2234 1796 2311 lapidi-

974 2322 1030 2378 bus
1044 2324 1230 2394 marmorcis,
1238 2340 1305 2380 cum
1317 2325 1411 2397 spatio
1422 2328 1486 2380 octo
1498 2322 1797 2401 passuum,abhincat

974 2411 1041 2467 inde
1056 2416 1256 2470 sustentantes
1271 2416 1379 2469 tectum
1396 2413 1526 2469 medium
1543 2414 1618 2475 inter
1631 2413 1796 2481 interiorem

974 2503 1002 2562 et
1017 2500 1186 2561 exteriorem
1207 2500 1359 2581 parietem,
1376 2505 1404 2558 et
1427 2501 1595 2559 interiorem
1620 2501 1709 2558 etiam
1733 2500 1796 2560 stri·

974 2589 1095 2657 pliorem
1124 2606 1191 2645 cum
1221 2589 1426 2664 pulcherrimis
1450 2589 1631 2662 laqueariis:
1650 2607 1743 2669 supra
1769 2606 1796 2661 sc

974 2677 1063 2734 etiam
1074 2678 1159 2749 juxta
1173 2682 1280 2736 tectum
1292 2677 1388 2734 locum
1401 2677 1665 2735 deambulatorium
1678 2678 1797 2737 circum·

974 2782 1090 2838 quaque
1105 2766 1320 2836 exhibentibus,
1337 2771 1365 2823 et
1380 2767 1556 2823 habentibus
1571 2767 1687 2823 canales
1703 2766 1795 2841 pium·

974 2855 1053 2923 beas,
1072 2855 1121 2927 qui
1138 2872 1245 2927 aquam
1261 2855 1441 2929 pluviatilem
1458 2861 1606 2913 evomunt.

1009 2944 1103 3017 Super
1111 2943 1189 3000 hunc
1197 2943 1373 3000 strietiorem
1382 2944 1521 3016 parietem
1532 2944 1655 3025 erigitur
1664 2945 1694 3000 in
1705 2943 1795 3015 altum

973 3033 1091 3092 testudo
1107 3033 1260 3098 rotundus,
1277 3031 1357 3092 intus
1368 3031 1588 3107 depictus‚taris
1598 3032 1721 3114 plumbo
1731 3051 1795 3097 coo·

932 3104 954 3180 C
974 3127 1083 3194 pertus,
1096 3121 1142 3178 cui
1159 3120 1276 3196 signum
1291 3127 1397 3177 sanctae
1412 3121 1508 3180 crucis
1520 3121 1549 3184 iu
1566 3139 1705 3195 supremo
1717 3122 1795 3201 apice

973 3226 990 3265 a
1005 3209 1178 3265 Christianis
1193 3214 1238 3264 est
1251 3209 1495 3281 appositun1.ilac
1506 3211 1602 3283 ipsum
1615 3211 1736 3283 siguum
1746 3211 1794 3269 Sa·

974 3297 1086 3355 racenis
1100 3301 1143 3353 est
1158 3296 1241 3353 valde
1257 3298 1480 3366 contrarium,et
1495 3299 1579 3354 multi
1594 3298 1659 3356 auri
1675 3299 1722 3362 sui
1737 3298 1794 3356 dis·

973 3386 1078 3459 pendia
1092 3386 1199 3443 vellent
1213 3402 1277 3443 csse
1293 3390 1449 3444 remotum.
1460 3388 1534 3443 Nam
1548 3386 1615 3445 licet
1630 3387 1719 3450 fidem
1735 3404 1795 3468 paa-

97 3435 177 3503 rietis
194 3453 200 3492 :

96 3550 205 3600 lacobus
218 3549 326 3613 Alpini,
342 3548 446 3598 Domini
459 3547 551 3598 similis
564 3548 649 3612 faciei,

97 3630 167 3681 Finit
179 3644 227 3695 pra
242 3629 353 3685 Cir-istc.
369 3628 463 3691 templu
472 3627 593 3690 depulsus
606 3627 639 3675 at
653 3627 710 3675 isto.

97 3710 140 3770 Sic
152 3708 274 3768 iacobum
287 3710 396 3772 justum,
410 3707 591 3772 predicantem
605 3706 704 3770 peones
720 3705 859 3765 Ciu-istum,

96 3788 171 3841 Plebs
183 3787 253 3839 maia
266 3788 406 3849 mulctavit,
423 3786 530 3836 rationis
544 3786 641 3849 pertica
655 3788 754 3835 strauit.

973 3474 1065 3533 sionis
1080 3475 1187 3532 Christi
1204 3493 1261 3531 non
1277 3475 1415 3542 habeant,
1432 3480 1560 3540 attamen
1575 3475 1630 3533 hoc
1653 3474 1795 3553 temptum

971 3568 1158 3632 venerantur,
1174 3568 1200 3620 et
1217 3563 1285 3619 huic
1299 3563 1358 3619 vim
1374 3563 1485 3640 nullam
1495 3563 1626 3625 inierunt
1637 3581 1643 3620 τ
1656 3565 1730 3640 quin
1740 3564 1796 3623 ima

973 3653 1003 3717 in
1019 3653 1073 3709 hoc
1087 3652 1150 3724 ipso
1164 3652 1230 3709 licet
1245 3652 1354 3726 templo
1374 3653 1538 3711 Creatorem
1564 3669 1651 3710 suum
1678 3655 1797 3715 adorent

973 3742 1173 3810 etiam‚tamen
1184 3759 1236 3815 pra
1247 3740 1408 3800 idololatris
1417 3746 1490 3799 tcste
1499 3743 1663 3816 Augustino
1672 3740 1797 3800 habendi

974 3829 1107 3903 sunt‚qui
1122 3847 1256 3903 expresse
1270 3831 1383 3899 asserit,
1399 3831 1585 3888 idololatrium
1599 3848 1655 3888 esse
1667 3829 1797 3911 quidquid

96 3907 132 3963 Et
144 3905 173 3961 hi
189 3903 257 3960 dicti
273 3920 375 3960 versus
390 3902 472 3959 intus
486 3907 515 3959 et
537 3901 607 3958 ioris
631 3901 716 3975 quasi
741 3918 793 3975 per
815 3918 919 3975 gyrum
973 3920 1004 3991 fig
1014 3927 1116 3992 prpter
1129 3919 1210 3990 fidem
1226 3920 1337 3975 christi,

97 3995 229 4068 ejusdcm
245 3992 361 4066 capelle
377 3991 406 4048 in
422 3992 546 4048 circuitu
562 3990 756 4058 continentur,
773 4008 833 4048 una
852 4008 919 4047 cum
1011 4009 1042 4064 11,
1056 4007 1179 4063 circuitu
1194 4007 1296 4080 templi
1312 4008 1396 4080 quasi
1413 4009 1467 4068 suh
1482 4011 1558 4064 tecto
1573 4010 1655 4064 exem
1670 4009 1797 4068 meino.

100 4083 186 4140 istis:

96 4188 205 4239 iacchus
219 4187 318 4253 Alpi-ri
330 4189 415 4252 frater
430 4187 529 4237 domini
540 4187 661 4248 Nazarei,

98 4270 223 4327 Piscator.
240 4270 300 4329 rita,
316 4283 374 4318 uere
386 4269 437 4332 mu
453 4267 586 4330 tamenim·

98 4350 135 4400 De
149 4347 237 4414 tempii
249 4350 331 4413 pinno
345 4346 488 4398 compulsus
501 4348 599 4410 fraude
613 4347 737 4411 neutiqua,

97 4430 141 4482 Ad
150 4429 279 4480 Christum
293 4428 365 4479 letan
379 4429 502 4493 miprwit
514 4430 583 4478 vecte
595 4431 748 4493 peremptus.

974 4098 1022 4160 tur
1035 4095 1096 4151 heo
1112 4094 1209 4150 littera
1221 4093 1250 4150 iu
1266 4111 1389 4153 ascensu
1404 4112 1507 4152 versus
1522 4094 1703 4152 accidentem
1719 4100 1797 4159 :ror

973 4192 1078 4242 aeterm
1100 4184 1134 4239 ub
1157 4192 1261 4241 eterna
1285 4184 1366 4240 Patre
1386 4186 1423 4240 sit
1446 4184 1511 4240 huic
1533 4182 1637 4239 domui.
1654 4183 1797 4248 Benedicta

973 4274 1063 4345 pierio
1077 4273 1188 4328 Domini
1201 4271 1233 4328 de
1248 4271 1304 4328 ioco
1318 4280 1411 4328 sancta
1425 4288 1484 4328 suo.
1500 4270 1609 4327 Versus
1625 4270 1795 4337 meridiem:

974 4363 1045 4418 Bene
1064 4362 1181 4435 fundata
1204 4368 1243 4417 est
1266 4360 1362 4418 domus
1387 4362 1502 4418 Domini
1523 4377 1607 4434 supra
1629 4361 1741 4434 fimum
1751 4376 1797 4441 pe·

974 4459 1055 4507 tram.
1071 4452 1149 4507 Beati
1164 4451 1213 4523 qni
1227 4450 1351 4506 habitunt
1364 4452 1395 4505 in
1409 4451 1486 4507 dama
1502 4459 1558 4517 tua,
1576 4451 1605 4512 in
1620 4450 1726 4506 secuto
1746 4464 1797 4506 sa?-

134 4536 178 4591 Ab
190 4535 325 4610 aquilone
339 4535 452 4592 habens
467 4533 597 4591 officium
613 4551 704 4590 unum
720 4552 823 4591 versus
839 4533 920 4591 clau·
974 4542 1098 4596 culorum
1113 4539 1267 4594 laudabunt
1280 4547 1314 4595 te.
1330 4538 1439 4596 Versus
1455 4539 1596 4595 orientem
1614 4538 1798 4602 :Vereiiorni-

99 4628 193 4682 atrum
214 4625 414 4691 Dominarum,
431 4625 460 4680 in
483 4623 568 4695 cujus
587 4621 804 4696 superliminari
821 4622 921 4696 plures
973 4647 1025 4685 nus
1049 4636 1086 4685 est
1109 4631 1139 4684 in
1163 4629 1219 4684 loca
1243 4630 1304 4695 isto,
1321 4637 1346 4684 et
1365 4645 1411 4700 cqc
1424 4629 1586 4690 nesciebam.
1602 4626 1634 4688 tn
1649 4626 1730 4684 mmo
1743 4635 1798 4695 tuo,

98 4712 201 4770 littere
217 4713 393 4771 Saracenicae
408 4712 751 4785 suntappositaelbidem
762 4715 921 4786 verojuxta
974 4719 1097 4783 Domine,
1114 4733 1206 4774 omnes
1231 4717 1321 4772 dicent
1343 4718 1472 4789 pluriam.
1489 4716 1598 4772 Versus
1625 4715 1799 4790 septentrio·

100 4801 176 4858 idem
193 4803 301 4858 ostium
317 4809 361 4859 est
376 4802 459 4859 locus
474 4800 552 4857 iltius
568 4818 648 4874 aque
664 4800 801 4858 salutaris
817 4803 851 4858 de
863 4820 922 4875 qua
975 4824 1040 4865 nem
1059 4822 1065 4862 :
1085 4805 1223 4877 l'crnptnm
1236 4807 1350 4861 Domini
1362 4814 1487 4861 sunctum
1501 4812 1551 4871 est,
1562 4806 1613 4860 Dei
1626 4805 1737 4867 cultura
1751 4812 1798 4871 est,

100 4892 242 4966 propheta
259 4910 265 4947 ἰ
285 4892 349 4949 Vidi
364 4908 464 4965 “quum
481 4890 662 4960 euridieniim
675 4891 708 4946 de
722 4891 815 4957 latere,
830 4897 884 4948 010·
975 4899 1025 4954 Dei
1037 4894 1185 4965 edificatio
1199 4902 1248 4948 est.
1264 4894 1347 4949 Intus
1357 4910 1424 4950 vero
1439 4894 1468 4948 in
1485 4893 1594 4966 templa
1609 4893 1639 4949 in
1654 4882 1800 4967 superiori

137 4980 167 5035 ln
184 4981 305 5036 introitu
320 4979 432 5052 templi,
448 4996 549 5035 versus
564 4979 754 5046 occidentem,
771 4997 861 5052 supra
874 4997 921 5036 ve·
976 4986 1053 5041 linea
1068 5000 1118 5057 per
1133 4981 1288 5038 circuitum
1304 4983 1471 5055 oppositum
1488 4986 1532 5038 est
1556 4980 1672 5057 magnis
1695 4980 1801 5043 litteris

101 5067 243 5126 stibulum
259 5067 365 5124 Christi
380 5067 478 5139 imago
493 5070 546 5135 est,
564 5067 641 5122 circa
655 5085 744 5140 quam
759 5067 813 5124 hoc
828 5070 922 5125 canti·
976 5073 1049 5130 illud
1073 5072 1292 5146 responsorium
1309 5087 1316 5127 :
1333 5071 1414 5138 Andr,
1431 5072 1554 5139 Domine,
1571 5071 1717 5144 hymnum,
1733 5075 1801 5151 etc,

101 5162 188 5214 netur
201 5157 383 5229 epigramma
398 5173 405 5211 :
422 5157 486 5212 iiaec
500 5155 595 5212 doinus
618 5173 687 5223 nica,
703 5157 798 5214 damus
822 5160 923 5215 cratia·
977 5179 1044 5228 num
1057 5178 1141 5217 versu
1159 5178 1211 5217 suo
1230 5177 1236 5215 :
1255 5161 1372 5233 Respice,
1388 5161 1512 5225 Domine,
1527 5164 1582 5216 etc.

100 5247 146 5302 uit
160 5244 309 5301 vocabitur.
1012 5249 1122 5308 Deinde
1136 5249 1166 5304 in
1190 5248 1319 5305 interiori
1344 5248 1458 5305 ambitu
1484 5265 1551 5305 cum
1577 5247 1675 5306 aureis
1698 5247 1802 5313 litia*

136 5333 295 5389 timaridis
310 5332 644 5406 quoquehahetostium
657 5335 923 5400 versusaeditlcium
977 5339 1098 5412 quidam
1112 5336 1248 5394 versiculi
1274 5338 1309 5393 ds
1334 5336 1384 5393 illa
1409 5336 1517 5412 hymno
1535 5353 1541 5392 :
1561 5336 1628 5402 mur
1650 5338 1804 5401 immicus

103 5420 278 5479 Salomonis.
296 5422 340 5477 Ab
356 5422 504 5478 accidente
519 5421 606 5478 etiam
627 5421 715 5480 habet
737 5425 846 5482 ostium
861 5443 923 5491 ver·
979 5429 1067 5500 beata,
1083 5431 1150 5496 etc,
1165 5427 1353 5483 contineatur
1367 5425 1596 5499 inscripti.ldem
1606 5424 1753 5505 templum
1764 5424 1804 5491 ste

103 5524 155 5571 sus
182 5509 350 5588 sepulcrum
378 5509 504 5582 Domini,
533 5510 583 5568 uhi
612 5515 641 5567 et
667 5517 751 5586 porta
776 5513 923 5592 Speciosa,
980 5516 1114 5580 decenter
1143 5514 1340 5590 compositum
1365 5518 1395 5580 et
1412 5517 1560 5590 ornatum,
1575 5512 1807 5603 circumquaque
