3816 6006
62 331 140 395 roci
463 332 655 398 inuratur
677 332 751 397 un.
775 332 858 397 too.
882 333 938 399 ss.
955 297 1099 400 aaran
1119 332 1364 402 lacusancti.
1688 336 1767 400 {aaa

60 465 134 535 ruit;
149 466 611 541 vinuleverobomintimprimis
625 468 733 524 ictibus
743 467 887 538 excecati,
903 469 1010 538 Alitcs
1026 469 1220 544 praeludentes
1235 470 1519 538 advenerunt‚visuri
1527 468 1767 527 Christicolarum

60 555 240 611 Francorum
250 555 536 613 manibusoorruunt
547 557 886 630 indispcrsionemcllu·
940 560 1110 616 exercitum.
1128 560 1202 627 Quid
1218 559 1312 616 ultrei
1326 559 1397 616 visis
1413 558 1592 615 Christicolis
1602 556 1768 615 hostilisie·

59 642 130 716 gali.
146 643 182 700 Ut
197 643 267 716 quid
284 644 419 718 singula?
434 645 536 719 persidi
551 649 624 702 nutu
640 646 690 703 Dei
706 645 887 704 Christicolis
941 648 1048 704 recitas
1063 649 1168 706 timore
1184 649 1315 716 subacta,
1332 653 1416 705 nocte
1440 648 1568 704 collectis
1591 647 1726 705 tentoriis
1740 649 1769 703 et

58 736 89 789 et
103 732 197 789 Medis
213 750 272 790 una
286 735 454 805 prebeatur
473 735 561 790 caedis
583 734 748 804 materia,et
763 740 796 792 ut
810 735 886 792 sorio
940 741 1008 793 ante
1024 753 1054 794 se
1069 737 1240 810 premissis,
1257 742 1388 794 castrum
1412 737 1515 794 ledere
1529 736 1624 793 desiit.
1636 735 1701 809 Ipse
1719 734 1768 792 Al-

58 821 246 878 existentium
271 821 301 877 in
325 823 461 880 condictu
478 823 647 893 didicimus,
660 824 689 879 iu
707 824 776 898 iuga
791 825 885 898 spatio
940 825 1002 899 gazi
1018 842 1084 881 cum
1108 827 1171 883 suis
1195 825 1327 899 Alapiam
1347 843 1481 883 reversus
1505 829 1558 896 est,
1575 827 1709 897 arreptus
1719 840 1767 898 ge-

58 907 388 977 triumdierumhabita,
398 915 571 967 corruerunt
581 911 773 985 regaligladio
783 919 887 986 quater
940 931 1008 971 nero
1024 914 1117 970 morbi
1135 914 1296 988 paralytici.
1312 916 1365 980 Oui
1382 932 1448 972 eum
1465 912 1555 970 nollet
1569 912 1649 968 istud
1670 911 1766 987 prodi,

58 997 884 1074 centummillia;idemqueltlgaziiucupiterulneratus‚
940 1002 1089 1060 simulavit
1118 1021 1149 1060 se
1175 1003 1281 1060 iterum
1307 1004 1388 1060 etin
1422 1003 1501 1060 brevi
1536 1005 1597 1057 tam
1636 1000 1767 1057 Arabum

57 1087 217 1162 peremptis
232 1104 305 1160 pene
320 1089 459 1144 omnibus
474 1089 537 1144 suis
553 1089 747 1162 permissione
757 1091 883 1160 Domini,
940 1108 1028 1165 quam
1048 1095 1076 1148 et
1100 1090 1273 1148 Parthorum
1299 1091 1457 1147 maximam
1480 1094 1597 1164 gentem
1622 1088 1767 1146 adductu-

57 1177 562 1249 cumpauciseiiugatus‚incrmisct
571 1179 723 1235 famelicus
735 1180 883 1236 conductu
940 1197 1020 1248 rum;
1038 1180 1115 1251 quod
1132 1179 1157 1237 si
1172 1185 1249 1237 essct
1264 1179 1409 1253 suijuris,
1435 1179 1549 1235 ardenti
1572 1175 1670 1233 animo
1693 1174 1766 1231 invi-

57 1266 137 1340 rcgis
165 1266 292 1323 Arabum
316 1266 484 1338 repatriavit
508 1268 729 1324 semimortuus.
746 1269 884 1341 Sequenti
939 1270 1061 1343 gilasset
1088 1269 1327 1326 Christicolarum
1352 1267 1535 1325 exterminio.
1559 1266 1686 1340 Contigit
1713 1283 1765 1322 au·

55 1372 125 1414 aero
138 1372 215 1412 anno
230 1354 434 1412 convalescens
456 1356 491 1412 ad
513 1356 710 1413 obsidendum
727 1358 884 1426 Sardonas‚
940 1362 998 1413 lom
1014 1357 1044 1413 in
1060 1356 1163 1414 lectica
1177 1376 1236 1431 qua
1250 1359 1398 1415 serebatur
1412 1375 1463 1431 pro
1487 1356 1598 1413 honore
1618 1358 1648 1412 et
1670 1353 1766 1429 impo-

48 1445 135 1520 ‘qnod
153 1461 242 1501 manu
253 1444 331 1518 regie
341 1445 523 1501 refirmatum
533 1445 886 1519 iuerat,quotquotpctuit
939 1445 1111 1515 tentia,cum
1127 1447 1293 1520 egressione
1308 1446 1369 1503 fimi
1386 1445 1496 1503 ventris
1511 1443 1604 1518 ipsius
1615 1443 1765 1502 sordidam

56 1531 187 1589 militum
203 1550 236 1589 oc
249 1533 383 1606 peditum
399 1533 581 1607 constipatus
596 1533 774 1608 agminibus,
785 1550 885 1592 mense
939 1551 992 1607 per
1006 1551 1116 1590 annum
1133 1534 1237 1592 exiisse
1251 1536 1392 1605 animaru,
1404 1539 1432 1592 et
1444 1535 1621 1592 abstractam
1635 1531 1765 1590 inferna·

55 1621 135 1679 lulio
151 1621 246 1679 rediit.
263 1623 325 1689 Quo
340 1621 637 1691 audito,Goscelinus
653 1623 885 1679 comeslidessa-
938 1622 1011 1679 lium
1036 1624 1225 1697 scorpionum
1251 1626 1402 1699 unguibus
1425 1622 1571 1681 corruisse
1598 1622 1628 1678 iu
1657 1620 1764 1678 inferni

55 1728 124 1779 uus,
147 1714 265 1783 sumpto
290 1711 327 1766 ab
353 1711 535 1767 Antiocheno
561 1711 727 1785 patriarcha
751 1710 883 1768 consilio.
940 1710 1184 1782 inferiorisollas,
1200 1711 1303 1786 plenas
1328 1712 1400 1770 diris
1424 1711 1554 1786 ignibus,
1580 1709 1763 1780 ardentibus,

54 1815 124 1856 cum
140 1798 204 1856 suis
218 1803 248 1855 et
262 1797 451 1857 Antiochonis
467 1800 667 1868 bellatoribus,
686 1801 721 1858 ad
737 1800 884 1857 Samaria·
900 1843 924 1908 B
939 1801 1003 1857 sine
1015 1802 1074 1857 fine
1089 1801 1329 1858 comburentibus
1344 1805 1374 1857 et
1389 1797 1663 1873 inexstinguilibus;
1675 1815 1692 1855 a
1706 1813 1764 1870 quo
1830 1871 1833 1876 ι

56 1904 129 1945 uum
146 1887 296 1962 proiectus
311 1892 365 1956 est,
384 1893 415 1944 ut
430 1889 614 1946 obsidionem
638 1889 785 1946 Sardonas
808 1887 884 1946 bcllo
939 1906 992 1946 nos
1008 1888 1111 1946 liberet
1125 1889 1219 1962 ipsius
1235 1888 1352 1945 Domini
1368 1888 1462 1945 nostri
1477 1887 1548 1944 lesu
1573 1886 1683 1943 Christi
1697 1901 1764 1959 gra·

57 1975 192 2049 dissipet.
217 1977 279 2042 Quo
303 1978 415 2046 audito,
437 1996 486 2034 rex
513 1978 795 2051 llicrosoiymitanus
816 1994 884 2034 cum
939 1979 981 2034 tia
1004 1982 1032 2035 ot
1052 1978 1263 2046 misericordia,
1280 1977 1366 2050 cujus
1392 1976 1517 2049 imperio
1538 1979 1642 2049 parent
1665 1972 1765 2032 omnia

55 2064 885 2140 hierosolymitanisadveniena‚citisgrcssibusillucper·
939 2065 1077 2134 caelestia,
1098 2067 1250 2123 terrestria
1272 2070 1300 2122 ct
1324 2064 1490 2133 infernalia,
1514 2081 1566 2138 per
1590 2062 1764 2120 seculorum

54 2156 216 2225 renitente
230 2156 316 2228 cujus
331 2156 481 2213 tentoriae
492 2155 626 2229 partibus
637 2155 816 2229 perildorum
828 2155 884 2212 mi·
938 2153 1054 2213 saecula.
1070 2157 1172 2211 Amen.

115 2299 276 2372 Repliciant
290 2298 455 2356 Andochena
470 2299 552 2371 letto,
568 2306 628 2356 acta
642 2316 658 2355 a
674 2299 799 2368 nonno
816 2299 944 2370 principe
955 2297 1119 2354 Antiocheno
1135 2297 1214 2367 heila·
1228 2295 1299 2369 qaod
1312 2296 1475 2355 Falcterias
1487 2311 1571 2369 capra
1585 2295 1616 2352 in
1629 2293 1710 2367 lajas

696 2370 845 2427 notaminis
859 2368 971 2426 exordio
986 2368 1128 2442 descripsit

53 2557 1763 2599 W

371 2772 796 2874 FRE'I'HLM
842 2767 1453 2872 cncnanoaccm

795 2993 1033 3098 LIBER

83 3226 448 3387 acconen
479 3224 941 3383 sluorunuu
971 3220 1737 3381 runanruuusnnn
1842 3374 1847 3380 ,

609 3498 725 3570 (hanua,
741 3497 871 3570 hisacii,
886 3495 956 3554 odit.
972 3494 1079 3567 Mansi,
1094 3495 1116 3564 1,
1135 3495 1210 3565 tea.)

534 3838 711 3901 tonantis
732 3836 947 3901 cantamus
968 3836 1091 3903 usust
1112 3835 1293 3899 LECTORI.

92 4066 172 4134 θυαμ
184 4066 269 4118 statim
277 4064 362 4130 coulpe
375 4062 478 4115 Frelelli
491 4062 586 4114 libellas
599 4076 688 4113 nomen
706 4061 813 4112 aectoris
822 4065 845 4112 el
859 4059 961 4112 litatem
975 4057 1042 4109 baad
1056 4058 1167 4123 innatam
1193 4057 1294 4108 eruditis
1315 4057 1432 4123 [παίσω
1449 4059 1581 4121 alrampae
1594 4055 1660 4106 enim
1674 4049 1772 4109 amoni

58 4158 92 4195 ea
104 4142 256 4196 Bibliotheca
268 4139 356 4191 latim
366 4139 455 4190 medic
469 4143 493 4189 et
504 4139 596 4202 infima
618 4137 698 4188 atatis
720 4136 822 4188 loannis
848 4134 943 4187 Allerll
965 4130 1078 4185 Fabricii.
1102 4132 1152 4185 Sed
1173 4132 1237 4183 nihil
1257 4132 1389 4196 puidpaam
1403 4133 1502 4184 rescisse
1515 4133 1571 4184 illos
1579 4131 1652 4183 oredo
1662 4133 1768 4184 allerias

58 4219 109 4273 sire
120 4219 152 4270 de
166 4217 228 4269 libro
241 4218 301 4283 ipsc,
316 4216 365 4266 siae
379 4215 409 4266 de
419 4220 526 4280 tempore
536 4227 583 4277 pac
595 4217 680 4263 auctor
693 4211 820 4262 scrihebat.
835 4208 869 4262 Ac
883 4209 913 4261 de
931 4216 1039 4274 tempore
1057 4207 1121 4258 nihil
1134 4220 1178 4272 epa
1192 4207 1267 4258 halec
1274 4206 1392 4272 proferre,
1408 4207 1457 4258 nisi
1470 4208 1630 4272 condecoras.
1647 4205 1769 4260 Fretellao

59 4293 203 4361 opaecalarn
218 4293 264 4342 hoc
275 4305 348 4342 snam
357 4291 447 4340 dicavit
461 4288 605 4353 liapmanda
619 4287 703 4338 comiti
721 4287 835 4337 Toletano
851 4285 1006 4349 (Toloeana);
1021 4282 1133 4346 camald
1145 4281 1208 4345 [orte
1228 4282 1293 4332 idem
1318 4286 1353 4332 est
1376 4282 1534 4346 Ropmandas
1547 4295 1628 4333 comes
1636 4282 1680 4347 pai
1692 4296 1768 4348 repo.

60 4370 124 4421 lituo
136 4369 230 4435 naptiis
243 4381 299 4418 mem
314 4365 414 4423 lirrosa.
429 4366 482 4429 fllia
496 4351 620 4428 ,ildefonsi
633 4363 665 4415 Vl
674 4362 738 4427 repis
752 4360 874 4420 castellae.
890 4361 978 4426 dignas
991 4358 1027 4409 est
1041 4355 1159 4408 halim?
1176 4354 1227 4420 Quo
1242 4357 1303 4407 aicit
1316 4357 1404 4408 occulo
1419 4371 1495 4408 sacre
1509 4357 1722 4422 peregrinationes
1734 4357 1769 4409 orl

61 4446 115 4498 loco
128 4448 214 4496 melo
231 4443 378 4494 obtinebant.
394 4441 472 4492 Porro
485 4438 643 4504 Rapmondns
657 4452 688 4487 rar
704 4436 795 4489 llrraca
813 4436 915 4501 ranjape
935 4436 1015 4499 filiam
1037 4432 1124 4484 retulit
1145 4429 1312 4495 aldefonsum,
1336 4432 1388 4497 pai,
1410 4432 1510 4483 ineante
1527 4432 1617 4483 secula
1644 4443 1687 4492 ιιι,
1702 4447 1768 4484 anno

60 4521 154 4573 wicel
165 4519 239 4578 ttae,
250 4519 282 4568 od
294 4517 537 4569 Toletanamscliam
551 4515 649 4572 mettas,
664 4512 708 4562 sal
730 4512 830 4562 nomiae
850 4509 975 4574 lideforisi
988 4508 1032 4562 Vll
1047 4507 1166 4573 regnauit.
1191 4506 1254 4557 Hinc
1276 4504 1307 4556 de
1334 4510 1501 4571 temporeque
1516 4505 1639 4558 Fretellae
1651 4507 1769 4558 scrihebat

61 4596 227 4659 wnjeelarom
236 4607 321 4659 capere
335 4591 488 4643 licetl³crra
503 4589 624 4642 Fretelias
638 4589 683 4638 iste
697 4587 897 4638 archidiaconem
910 4599 936 4635 se
950 4583 1145 4650 appellatorias
1158 4586 1242 4632 lamen
1261 4581 1377 4633 Ecclesia
1399 4595 1444 4631 nec
1457 4582 1525 4644 dicit,
1540 4595 1585 4633 nec
1608 4580 1685 4632 lateo
1703 4580 1770 4632 ande

61 4671 109 4723 hoc
122 4670 273 4735 masticem.
284 4669 312 4719 ld
325 4671 422 4718 canstat
437 4667 466 4717 de
476 4665 634 4717 locissnnctis
648 4667 683 4714 ita
698 4664 770 4714 illam
780 4662 906 4721 dissmere,
921 4664 949 4711 at
959 4659 992 4710 tii
1006 4659 1081 4723 episee
1095 4657 1173 4708 uideri
1184 4659 1259 4722 possit
1270 4671 1277 4715 ;
1289 4656 1354 4708 ande
1370 4671 1427 4709 eam
1442 4661 1559 4720 tanquam
1581 4656 1706 4707 malam
1720 4660 1771 4706 les-

61 4750 114 4797 tem
128 4744 280 4798 Romanam
293 4758 323 4794 eo
336 4744 366 4794 de
380 4757 406 4794 re
422 4743 591 4805 interruperit.
609 4740 686 4802 llnjas
700 4740 776 4804 ipitar
790 4736 892 4789 Fretelli
906 4735 1025 4795 libellam,
1048 4747 1121 4797 quem
1140 4736 1164 4783 el
1182 4731 1355 4783 Adriclromiao
1376 4732 1404 4782 in
1413 4745 1458 4783 sac
1475 4732 1578 4782 Theatra
1592 4731 1771 4783 Terrnsancla

61 4821 211 4872 mnsataisse
224 4834 250 4871 se
261 4819 401 4885 profitetur,
417 4818 489 4868 modo
504 4817 599 4880 emlpo,
615 4819 740 4881 acceptam
761 4827 793 4863 ec
809 4811 969 4864 collectaneis
978 4808 1075 4862 Nicolai
1096 4807 1208 4860 Rossellii
1230 4807 1356 4871 dracontii,
1373 4807 1414 4870 pai
1428 4806 1472 4858 suh
1485 4805 1627 4857 innocentio
1645 4805 1678 4858 Vl
1685 4805 1773 4872 ponti·

61 4897 108 4961 με
122 4911 154 4947 ec
166 4896 284 4946 monacho
299 4894 401 4945 illustris
414 4893 508 4944 ordinis
521 4891 548 4944 S.
559 4891 683 4941 dominici
698 4891 723 4939 in
737 4888 901 4940 cardinalium
910 4887 1039 4951 callepiam
1050 4883 1182 4933 translatas
1196 4887 1231 4932 est
1247 4896 1312 4932 anno
1331 4881 1405 4941 1356,
1421 4885 1445 4932 et
1463 4881 1507 4933 rai
1528 4881 1626 4933 Nicotai
1639 4882 1772 4934 cardinalis

62 4971 288 5037 drapaniinomine
301 4970 400 5021 claruit.
415 4969 458 5020 llis
467 4967 629 5019 miscellaneis
643 4965 743 5016 tilulum
758 4963 865 5015 indidit:
877 4961 1006 5016 cumulatio
1022 4959 1098 5010 tratris
1115 4958 1202 5010 Nicolat
1216 4957 1324 5021 aragonii
1336 4973 1363 5009 ex
1382 4958 1479 5009 diversis
1500 4958 1603 5022 registris
1613 4963 1637 5008 et
1650 4957 1717 5009 libris
1730 4970 1772 5009 ca·

61 5047 290 5112 nore,opcstolirc‚
302 5051 327 5096 et
336 5045 388 5096 aliis
401 5045 498 5095 diversis
510 5042 574 5093 libris
584 5047 607 5091 et
618 5039 742 5092 Cluaniris
765 5038 913 5103 compilata3
927 5050 983 5100 pac
996 5035 1067 5086 aeria
1080 5038 1137 5084 sant
1151 5033 1234 5086 iacobi
1243 5033 1349 5091 Etrusci.
1359 5033 1402 5097 qai
1425 5047 1490 5085 anno
1513 5034 1578 5086 1505
1600 5032 1708 5084 codicem
1716 5046 1771 5084 ser·

62 5125 148 5176 rotam
162 5125 190 5174 in
200 5120 442 5174 ecclesiacaliedrali
454 5116 682 5170 Lneensi'scrilehal
697 5113 861 5179 exemplatum,
872 5117 900 5165 al
909 5113 959 5179 ipre
973 5111 1042 5162 addit
1051 5125 1083 5162 ee
1092 5115 1183 5162 vetusto
1197 5114 1221 5161 el
1233 5109 1296 5173 sorte
1310 5109 1426 5175 originali
1435 5110 1524 5162 codice.

98 5198 162 5253 Cam
168 5213 225 5250 aero
238 5211 310 5250 mmo
325 5197 373 5248 hac
386 5210 461 5261 usqae
472 5196 573 5246 divitem
587 5193 650 5243 lanc
662 5190 829 5242 collectionem
843 5188 973 5254 diligenter
982 5188 1062 5240 adhuc
1072 5186 1259 5252 investigaverit,
1275 5200 1307 5237 ec
1324 5185 1370 5237 hoc
1388 5187 1439 5253 ipso
1458 5201 1522 5254 pene
1539 5199 1625 5239 maere
1640 5184 1772 5254 mihipte·

60 5275 129 5328 rinna
142 5273 223 5336 licuit,
233 5287 360 5340 nmquam
370 5271 506 5324 matelacin
515 5270 594 5322 lacem
606 5270 727 5320 astructa.

812 5442 1026 5464 m
