3816 6006
427 241 464 304 P.
486 238 684 306 abnuebat
707 240 809 306 Hls'l.
831 244 882 304 nu
904 240 1111 309 Halaesae.
1137 240 1229 306 lala.
1246 241 1375 307 -Lla
1397 239 1435 306 V.

577 557 784 645 laetata
814 558 983 646 LIBER
1014 557 1283 672 QUINTUS.

314 736 351 791 lle
372 736 469 791 itincre
488 736 669 791 Hierusalem.
922 734 1026 802 Alam
1043 735 1229 806 edificatum,
1246 736 1334 792 nimis
1351 736 1422 792 lorte
1438 705 1563 793 staalda
1578 737 1680 795 altam.
1698 740 1787 797 Deor-

114 827 198 880 Anno
222 822 380 880 millesimo
404 824 593 897 nonagesimo
617 830 728 890 octavo,
752 824 908 897 appropin-
963 841 1029 881 saut
1043 830 1087 881 est
1102 824 1204 881 civitas
1215 825 1394 881 honorabilis
1406 830 1492 898 atque
1502 827 1687 896 conveniens,
1698 829 1779 885 omui

78 918 190 986 quante
204 913 340 980 termino,
362 911 496 969 videlicet
518 912 656 970 Omnium
679 913 853 970 Sanctorum
868 914 909 971 le·
963 914 1077 986 basque
1092 919 1195 971 ornata
1210 915 1380 982 honoribus,
1397 916 1535 988 quoniam
1547 916 1577 971 in
1593 933 1627 972 ea
1641 921 1712 974 sant
1723 917 1789 991 pul·
1861 960 1865 969 .

78 1002 219 1070 scisitate,
235 1001 362 1075 regressi
378 1006 447 1058 sunt
461 1000 554 1058 nostri
571 1003 700 1058 seniores
715 1001 745 1059 in
763 1002 909 1058 civitatem
963 1003 1114 1059 cherrima
1129 1021 1211 1076 aque
1227 1022 1290 1077 qaue
1306 1008 1411 1060 exeunt
1426 1005 1461 1060 de
1478 1005 1651 1062 montaneis.
1668 1006 1747 1063 Mille
1761 1012 1790 1065 et

78 1091 252 1159 Antiochia,
269 1096 387 1163 excepto
407 1092 588 1158 Boemundo,
614 1092 664 1164 qui
680 1092 786 1147 eratin
803 1091 910 1148 Rome·
964 1092 1095 1147 ducente
1111 1091 1238 1148 ecclesie
1254 1093 1283 1147 in
1308 1109 1343 1148 ee
1357 1091 1598 1159 suntedificate,
1615 1099 1746 1151 tercenta
1759 1099 1789 1153 st

79 1181 136 1237 nia
152 1180 285 1253 partibas
309 1181 388 1253 gravi
415 1180 586 1236 infirmitate
601 1186 763 1253 correptus.
782 1181 847 1236 ldeo
871 1181 909 1237 ad
963 1180 1114 1253 sexaginte
1135 1181 1313 1239 monasteria
1336 1179 1365 1234 in
1389 1197 1420 1236 se
1444 1179 1547 1236 hebuit
1566 1182 1788 1240 monachorum.

79 1270 217 1326 eamdem
228 1270 387 1325 terminum
400 1270 497 1326 venire
508 1286 566 1325 nen
577 1268 669 1325 licuit.
680 1276 751 1325 t'um
760 1287 825 1326 vero
837 1269 908 1326 illud
964 1269 1024 1325 Sub
1037 1270 1108 1342 jugo
1124 1271 1254 1327 continet
1268 1268 1433 1343 patriarcha
1444 1273 1561 1324 centum
1577 1269 1791 1344 quinquaginta

80 1365 200 1432 tempus
223 1358 340 1416 advenit
364 1358 394 1414 in
419 1376 476 1431 qao
503 1358 622 1414 militari
648 1358 753 1432 potuit,
769 1360 909 1415 continuo
964 1358 1125 1431 episcopos.
1142 1357 1295 1415 Clauditur
1316 1363 1414 1414 eutem
1431 1358 1545 1413 dnobus
1561 1358 1653 1415 muris
1668 1359 1789 1430 civiles3

79 1448 190 1504 civitati
215 1447 385 1513 Antiochia,
402 1446 432 1502 in
456 1465 515 1520 que
542 1451 626 1504 erent
653 1447 702 1504 elii
729 1446 908 1521 congregati,
964 1448 1188 1520 majorqaoqus
1204 1446 1292 1503 nimis
1308 1444 1455 1514 astallus,
1472 1451 1501 1503 et
1514 1447 1687 1504 mirabiliter
1700 1448 1789 1520 letus,

80 1538 138 1593 cito
153 1536 280 1593 advenit.
299 1537 407 1593 Deinde
422 1553 524 1593 omnes
540 1537 670 1593 seniores
685 1538 852 1610 congregati
867 1537 911 1592 in·
965 1537 1138 1609 magnisque
1155 1535 1302 1609 lapidibus
1317 1536 1506 1609 compositus,
1522 1537 1552 1592 in
1567 1554 1625 1610 quo
1636 1542 1706 1596 sunt
1715 1540 1791 1610 ordi,

80 1626 182 1694 simul,
199 1630 348 1700 coeperunt
372 1626 519 1700 inquirere
533 1626 659 1698 qualiter
673 1626 766 1682 seneli
783 1625 910 1698 sepulcri
964 1630 1038 1681 nate
1053 1626 1274 1698 quadringente
1291 1625 1506 1698 quinquaginta
1517 1631 1623 1697 turres,
1638 1627 1792 1703 modisque

80 1717 136 1772 iter
151 1716 267 1772 valeant
281 1731 429 1789 peragere,
445 1716 595 1771 dicentes:
615 1737 629 1766 a
645 1715 784 1787 quoniam
800 1716 909 1771 honum
964 1712 1102 1770 omnibus
1116 1718 1160 1771 est
1175 1713 1277 1770 civitas
1302 1715 1439 1770 formosa.
1456 1715 1500 1770 Ab
1521 1715 1631 1772 oriente
1646 1717 1792 1775 clauditur

80 1811 110 1861 et
125 1803 271 1878 optimam
287 1808 406 1876 tempas
418 1807 472 1859 est.
484 1804 558 1869 Ouid
571 1803 726 1860 moramini
739 1803 910 1876 amplias‘l»
965 1806 1092 1874 quatuor
1106 1802 1221 1876 magnis
1237 1801 1411 1871 montaneis,
1428 1804 1465 1858 eb
1475 1803 1624 1861 occidente
1634 1822 1719 1863 secus
1730 1823 1793 1864 mu-

81 1895 138 1951 Sed
166 1893 354 1949 boamundus
370 1892 499 1965 quotidie
515 1893 736 1949 conventionem
752 1893 910 1967 querebat,
965 1907 1014 1947 ros
1028 1889 1152 1947 civitatis
1167 1890 1232 1947 llait
1248 1891 1396 1965 quoddam
1407 1892 1516 1947 llamen
1530 1908 1670 1967 magnam
1681 1896 1727 1951 cui
1745 1914 1794 1954 uo-

80 2000 173 2057 qaam
188 1999 291 2039 omnes
314 1981 363 2038 alii
379 1982 508 2038 seniores
533 1982 711 2049 hahuerunt,
732 1982 866 2039 videlicet
880 1981 911 2038 in
967 1996 1032 2036 meu
1059 1985 1104 2037 est
1129 1981 1287 2055 Pharphar.
1306 1981 1339 2036 at
1362 1981 1426 2037 ideo
1443 1982 1520 2054 quod
1538 1988 1583 2039 est
1597 1988 1657 2040 mm
1672 1985 1750 2042 bona
1764 1991 1794 2045 et

82 2072 232 2128 reddenda
257 2069 382 2127 civitate.
410 2071 562 2144 Magisque
588 2072 765 2143 querebatur
790 2071 826 2126 de
842 2072 910 2126 Rai-
966 2076 1026 2126 tem
1042 2069 1174 2142 pulchra,
1190 2070 1348 2127 noluerunt
1358 2069 1446 2126 stulte
1457 2069 1602 2129 dimittere
1612 2073 1739 2147 regalem
1750 2075 1794 2133 ci·

83 2159 196 2217 mundo
222 2158 321 2216 Sancti
342 2158 448 2232 AEgidii
472 2158 587 2226 comite,
604 2159 782 2232 eoquoded
799 2159 911 2215 nullam
966 2159 1085 2214 vitatem
1110 2158 1304 2228 Antiochiam,
1333 2176 1397 2231 qum
1422 2161 1508 2214 tante
1529 2162 1711 2220 auctoritatis
1726 2164 1792 2235 luit,

82 2249 305 2306 conventionem
320 2253 418 2304 tenere
438 2264 507 2319 erge
521 2248 726 2304 Bnearandam
742 2264 772 2304 se
787 2249 911 2314 volebat,
967 2248 1044 2320 quod
1060 2265 1124 2303 eam
1141 2247 1222 2320 prius
1237 2247 1422 2321 septuaginta
1435 2252 1464 2302 et
1483 2248 1613 2322 quinque
1626 2267 1708 2324 reges
1722 2269 1795 2310 con·

82 2338 154 2412 quie
170 2338 293 2393 timebat
308 2354 338 2394 se
353 2337 503 2410 perjurare
518 2342 619 2393 contra
629 2336 846 2409 imperatorem.
858 2336 912 2391 Ta·
967 2336 1261 2408 stitueruntquorum
1273 2335 1469 2392 nominasent
1479 2337 1556 2405 hec,
1569 2338 1794 2413 Margulendas,

82 2444 152 2484 men
168 2443 245 2498 sape
269 2427 387 2482 luerunt
402 2426 438 2480 ad
453 2425 570 2496 justum
582 2424 729 2496 Judiciam
745 2425 912 2480 laciendum
968 2424 1150 2493 Elirendons,
1163 2424 1355 2492 Lemalolres,
1366 2424 1543 2494 Redemons,
1556 2425 1642 2496 Elias,
1655 2429 1796 2488 Braman·

82 2532 162 2572 unas
178 2531 247 2588 erga
261 2514 386 2570 alterum
401 2513 429 2568 in
446 2514 544 2569 Sancti
560 2514 636 2569 Petri
656 2506 778 2570 ecclesia
793 2530 913 2586 congre·
968 2514 1034 2576 das,
1046 2513 1216 2586 Margarias,
1228 2514 1370 2582 Pharaon,
1383 2514 1580 2584 Brumandas,
1592 2516 1716 2586 Brelion,
1729 2520 1793 2576 Lai·

83 2606 155 2679 gati,
172 2604 373 2668 Boemuudus,
389 2608 418 2659 ct
442 2603 627 2659 Reimandas
651 2602 750 2658 Sancti
766 2603 869 2675 AEgidii
886 2605 915 2658 et
968 2602 1032 2671 dus,
1043 2602 1216 2670 nudandas,
1227 2603 1648 2675 ludashlechahaeas,Nubles,
1659 2606 1795 2684 Samson,

83 2695 144 2750 dux
158 2692 344 2759 Godelcidas,
360 2699 389 2748 et
405 2693 560 2749 lietbertus
575 2692 806 2761 Northmannus,
821 2690 913 2747 etalii
970 2691 1056 2746 David
1083 2692 1247 2758 hereticus,
1273 2691 1421 2760 Salomon,
1444 2692 1565 2762 Pilatus,
1584 2696 1721 2765 llerodcs,
1736 2697 1797 2756 lili·

83 2783 215 2840 seniores
231 2786 259 2838 et
274 2782 413 2850 minores,
430 2786 461 2837 ut
476 2798 525 2838 ecs
536 2782 755 2837 concordarent.
767 2782 914 2837 Boamun·
969 2779 1045 2848 dias,
1063 2779 1206 2847 Galerius,
1232 2779 1405 2851 Radandus,
1430 2780 1590 2852 Geclerias,
1607 2784 1795 2858 blorplurius,

84 2873 142 2928 dus
165 2888 233 2927 vero
256 2869 397 2927 recitabat
423 2888 507 2927 suern
532 2869 752 2926 conventionem
776 2868 915 2926 omnibus
970 2870 1063 2926 Fortis
1079 2868 1220 2935 Castrias,
1238 2869 1512 2942 Meraon,Argolas,
1529 2870 1798 2941 Ordocias,F0rtis-

84 2959 285 3027 audientibus,
301 2964 330 3015 ct
344 2975 443 3015 cemes
456 2959 555 3015 Sancti
569 2957 674 3032 AEgidii
701 2975 796 3014 suam.
820 2957 916 3014 Verba
971 2956 1796 3034 Lamusteo,alapreshmiralias,Morabilis,0rgilandus,

86 3049 228 3106 narrabat
241 3052 270 3105 cl
289 3047 501 3120 jusjurandum
524 3047 601 3120 quod
616 3046 784 3118 imperatori
809 3047 916 3102 lecerat
971 3044 1130 3114 ttorahilis,
1148 3043 1318 3111 Medianas,
1330 3044 1483 3119 Organdas
1494 3046 1605 3120 impius
1615 3049 1651 3105 de
1662 3050 1797 3111 Seremu-

86 3156 140 3212 pro
157 3137 318 3194 Boemandi
342 3135 475 3192 consilio.
500 3136 635 3208 Episcopi
660 3151 727 3190 vero
740 3139 768 3190 et
783 3135 842 3190 dux
857 3134 917 3190 Go-
971 3133 1029 3202 nia,
1055 3133 1259 3204 Brujerandus‚
1277 3133 1376 3189 Morus
1399 3133 1468 3203 Rex,
1485 3134 1617 3205 Pulcher,
1633 3137 1797 3211 Derandus,

87 3225 465 3295 delridas,etFlandrensis
476 3242 572 3280 comes
584 3223 917 3292 Rothertas,etRotber
970 3222 1128 3288 Ariandon,
1146 3222 1206 3277 Rex
1221 3221 1349 3289 Thenas,
1367 3223 1518 3291 Essemus,
1535 3225 1640 3293 Duras,
1656 3227 1799 3303 Dorman-

88 3322 139 3373 tus
155 3331 252 3372 comm
278 3313 505 3382 Northmannus,
523 3319 552 3370 et
567 3312 741 3369 Eustachias
764 3328 872 3381 comes,
888 3314 917 3367 et
971 3311 1038 3380 das,
1056 3304 1242 3378 Rex'Visioa
1257 3310 1417 3378 Sicharius,
1434 3312 1573 3384 Thebas,
1590 3315 1717 3386 Lintiou,
1735 3319 1800 3377 Ma·

86 3403 137 3461 alii
153 3380 283 3460 senibres
304 3402 388 3459 divisi
412 3408 482 3458 sant
497 3403 532 3458 eb
547 3401 623 3472 eliis,
640 3404 669 3457 et
680 3401 862 3456 intraverunt
886 3400 918 3456 iu
971 3400 1083 3467 lardus,
1100 3399 1317 3471 Deiramcrdus,
1334 3401 1524 3467 Mordandus,
1544 3403 1708 3474 Orationes,
1725 3408 1800 3464 Bru.

86 3494 258 3551 cathedram
269 3493 299 3550 S.
311 3492 399 3548 Petri.
411 3491 634 3558 Cathedreeret,
647 3495 680 3545 ut
691 3490 719 3545 in
733 3488 783 3545 ille
793 3487 915 3545 ecclesia
930 3479 951 3544 C
971 3488 1093 3557 meruel,
1108 3488 1311 3560 Apparendus,
1328 3489 1485 3556 Effrenion,
1502 3491 1677 3565 Noirendus,
1693 3495 1798 3552 Fortis·

86 3582 287 3639 discernerent
311 3582 387 3636 inter
408 3585 576 3652 utrumque.
603 3580 658 3636 Sed
675 3578 716 3634 illi
729 3579 866 3634 timentes
881 3595 917 3634 ne
971 3578 1073 3645 Brues,
1091 3576 1275 3648 Gorgandus,
1292 3576 1412 3634 Udonas
1424 3579 1542 3651 impius,
1553 3581 1732 3652 Tomendus,
1743 3584 1798 3641 Το-

84 3671 180 3728 sancti
196 3670 324 3743 sepulcri
335 3670 382 3725 via
395 3674 566 3735 remaneret,
582 3668 740 3724 noluerant
754 3671 852 3739 aperte
863 3669 914 3739 J'a·
970 3666 1086 3732 landus,
1102 3664 1245 3732 Delalres,
1256 3665 1418 3734 Troandus,
1434 3667 1576 3725 candelos
1587 3670 1656 3743 Rex,
1668 3671 1798 3729 Ramba-

84 3760 198 3816 dicium
213 3760 319 3815 dicere.
335 3760 415 3824 Quod
441 3775 506 3814 cum
524 3757 597 3813 vidit
622 3757 805 3812 Raimandus
818 3772 916 3812 comes
970 3753 1085 3824 landas,
1098 3753 1227 3818 Gecemi,
1239 3754 1386 3822 Mirmion,
1396 3755 1528 3830 Oringes,
1538 3759 1668 3827 Brulion,
1680 3761 1798 3819 Mexdo·

84 3847 186 3906 Sancti
209 3847 327 3921 AEgidii,
353 3847 443 3903 dixit:
471 3870 485 3897 a
502 3846 677 3918 Priusquam
693 3846 740 3900 vie
763 3845 857 3901 sancti
873 3860 916 3900 sc·
970 3843 1071 3912 lienes,
1098 3842 1272 3911 bariandus,
1287 3843 1424 3911 Berilion,
1445 3845 1599 3915 Gauianus,
1624 3848 1796 3922 Bronarius,

82 3935 180 4009 pulcri
202 3939 363 4002 remaneat,
380 3935 404 3990 si
430 3935 620 3990 Boemuudus
642 3933 793 3989 vobiscum
817 3932 916 3989 venire
969 3931 1129 3988 Antiochus
1153 3931 1203 4005 qai
1228 3932 1286 3988 dux
1310 3932 1365 3987 luit
1388 3933 1523 4000 aliorum,
1539 3940 1568 3992 et
1583 3936 1619 3992 ab
1634 3953 1668 3993 eo
1690 3939 1799 3998 dicitur

82 4024 218 4090 uoluerit,
234 4023 377 4095 quidquid
402 4021 543 4095 episcopi,
560 4026 588 4078 et
608 4021 798 4088 Godelredus,
814 4026 844 4076 et
859 4021 915 4077 Ro·
969 4020 1132 4077 Antiochia.
1147 4021 1237 4076 lstem
1253 4020 1398 4077 civitatem
1409 4025 1566 4079 tenuerunt
1576 4025 1720 4097 peregrini
1733 4045 1798 4086 san-

83 4115 199 4170 tbertus
213 4111 444 4178 Northmannus,
457 4115 485 4167 et
497 4110 654 4166 lietbertus
666 4109 853 4165 Flandrensis
869 4125 914 4165 co·
969 4109 1008 4165 cti
1022 4108 1148 4181 sepulcri
1163 4110 1326 4177 obsessam,
1352 4109 1438 4165 sicali
1460 4112 1596 4182 saperius
1610 4115 1730 4182 audisti,
1746 4133 1798 4189 per

83 4216 158 4268 mes,
174 4204 204 4257 et
218 4199 268 4256 elii
282 4199 412 4257 seniores
427 4197 620 4270 laudaverint,
636 4215 688 4272 ago
699 4197 801 4254 libenti
816 4197 915 4254 enimc
969 4202 1033 4254 octo
1049 4214 1174 4263 menses,
1191 4201 1327 4253 stanam
1343 4197 1431 4253 diem.
1457 4198 1559 4256 Postea
1583 4201 1663 4258 intas
1680 4204 1797 4263 luerunt

83 4286 336 4362 perficiam,sulva
346 4286 485 4344 fidelitate
496 4287 691 4360 imperatoris.
702 4287 804 4353 «Quod
816 4286 917 4343 laada·
969 4283 1075 4342 reclusi
1092 4302 1143 4358 per
1155 4286 1191 4340 26
1205 4284 1268 4341 dies
1279 4284 1420 4352 aTarcis,
1434 4290 1462 4342 et
1472 4288 1507 4343 ab
1519 4286 1586 4345 aliis
1596 4291 1727 4363 paganis.
1739 4293 1796 4350 Ta·

82 4377 125 4442 ait
139 4377 329 4434 Boamandim
343 4382 372 4433 et
386 4376 503 4443 annuit,
518 4381 547 4432 et
562 4375 605 4431 ita
620 4375 817 4449 promiserant
827 4375 914 4432 ambo
969 4391 1036 4430 men
1053 4373 1198 4446 adjutorio
1221 4372 1271 4429 Dei
1286 4377 1314 4428 et
1328 4374 1421 4429 sancti
1437 4375 1564 4447 sepulcri
1579 4376 1637 4434 illis
1664 4379 1795 4449 devictis,

82 4465 114 4521 in
143 4467 283 4523 manibus
313 4466 530 4538 episcoporum,
559 4465 728 4521 videntibus
753 4463 914 4537 peregrinis
969 4463 1172 4535 requieverant
1183 4461 1326 4535 peregrini
1343 4478 1410 4518 cum
1422 4479 1529 4536 magno
1539 4466 1645 4538 gaudio
1656 4472 1686 4524 et
1696 4466 1797 4528 letitia

81 4553 176 4610 sancti
185 4554 322 4628 sepulcri.
332 4553 440 4611 Deinde
452 4553 565 4627 accepit
574 4554 763 4610 Boemuudus
773 4569 840 4609 cum
852 4553 914 4609 suis
969 4551 998 4606 in
1014 4550 1167 4606 Antiochia
1182 4566 1234 4622 per
1247 4549 1377 4622 quinque
1392 4566 1509 4608 menses
1523 4558 1551 4608 et
1565 4553 1732 4611 dimidium.

80 4642 253 4700 hominibus
279 4643 446 4715 consiliam,
474 4644 620 4716 quomodo
641 4642 769 4698 muniret
783 4646 913 4698 castrum
1075 4639 1178 4695 Ciuitas
1191 4642 1290 4695 Merra
1305 4638 1410 4694 obsesso
1422 4647 1462 4695 est
1476 4657 1494 4695 c
1508 4641 1686 4698 Christianis.

80 4732 118 4788 de
134 4732 194 4788 alta
208 4736 366 4789 montanea
380 4733 415 4788 de
440 4732 525 4789 bonis
540 4731 631 4789 armis
646 4736 676 4788 et
689 4732 725 4787 de
750 4731 837 4793 victu.
864 4729 914 4802 qai
1004 4728 1107 4784 Postea
1120 4732 1219 4784 octavo
1236 4726 1282 4782 die
1297 4732 1419 4783 exeunte
1440 4727 1612 4786 Novembrio
1635 4748 1734 4789 mense
1749 4734 1796 4790 di·

80 4837 140 4877 non
154 4821 292 4878 deiiceret
305 4820 391 4894 longo
407 4825 548 4894 tempore.
567 4821 602 4876 ut
617 4820 803 4876 Reimundus
814 4819 912 4874 Sancti
928 4846 951 4911 D
969 4817 1072 4873 acessit
1086 4815 1269 4872 Raimundus
1294 4832 1391 4872 comes
1411 4816 1503 4872 sancti
1518 4817 1624 4890 AEgidii
1649 4835 1716 4876 cam
1740 4838 1794 4881 suo

78 4908 186 4982 AEgidii
201 4908 339 4966 similiter
355 4909 480 4966 munivit
496 4908 638 4982 palatium
654 4907 785 4964 Cassiani
800 4907 912 4963 Ammi·
967 4905 1095 4963 exercitu
1110 4905 1146 4960 ab
1161 4903 1324 4971 Antiochia,
1340 4921 1391 4976 per
1406 4922 1495 4961 anem
1516 4907 1632 4964 veniens
1648 4909 1795 4969 civitatem

79 4997 157 5067 retii,
173 5002 203 5054 et
227 4999 333 5055 turrim
349 5015 413 5071 que
429 5002 474 5053 est
489 5014 578 5070 super
592 5000 707 5069 portam
722 4996 832 5070 pontis,
848 5011 912 5068 qua
966 5011 1030 5067 qua
1042 4997 1163 5049 vocatur
1175 4992 1254 5063 Lice,
1266 4996 1294 5048 et
1304 5009 1355 5064 per
1370 4991 1458 5050 aliam
1469 5010 1533 5065 qne
1544 5003 1664 5054 vocatur
1675 4997 1792 5057 Albara.

79 5090 127 5144 est
140 5103 175 5143 ex
189 5091 272 5161 parta
287 5090 390 5161 portus
405 5086 502 5144 Sancti
518 5084 676 5142 Simeonis.
966 5085 1073 5150 Quarto
1089 5081 1267 5138 dieexeants
1278 5080 1450 5137 Novembris
1461 5084 1637 5154 pervenitad
1648 5085 1793 5146 civitatem

353 5177 391 5232 lle
404 5177 461 5232 sila
473 5174 636 5232 Antiochea.
966 5189 1029 5244 qua
1044 5176 1165 5228 vocatur
1180 5170 1287 5237 Merra,
1303 5168 1333 5224 in
1344 5186 1403 5242 qua
1417 5169 1546 5228 maxima
1556 5172 1715 5231 multitado
1726 5176 1794 5232 Sur·

116 5262 157 5320 De
173 5263 288 5321 civitate
301 5280 368 5321 vero
383 5280 477 5337 pauca
491 5261 638 5336 loquenda
661 5265 739 5319 sunt.
755 5264 822 5318 Hac
837 5278 912 5334 quo-
965 5276 1138 5317 racenoram
1153 5264 1216 5316 erat
1238 5261 1423 5332 congregata,
1440 5262 1469 5315 ct
1482 5259 1656 5330 Tuscorum,
1671 5266 1701 5319 et
1723 5264 1793 5321 Ara·

79 5369 138 5426 que
153 5351 259 5410 civitas
273 5350 356 5409 valde
368 5356 415 5409 est
429 5367 546 5425 magna,
558 5354 587 5409 et
597 5350 730 5425 pulchra,
744 5356 773 5407 et
785 5349 912 5408 honora·
965 5348 1047 5417 bum,
1063 5351 1092 5405 et
1107 5346 1302 5420 plurimorum
1317 5361 1510 5420 paganorum.
1529 5347 1714 5408 Raimundus
1723 5368 1793 5426 argo

79 5440 160 5511 bilis,
177 5439 248 5515 quia
262 5440 338 5498 inlra
350 5456 451 5498 muros
461 5439 526 5513 ejus
536 5444 607 5498 sunt
615 5443 740 5514 quatuor
750 5441 912 5498 mananseo
965 5452 1063 5493 comes
1078 5453 1146 5492 cum
1161 5452 1216 5493 saa
1227 5438 1315 5508 gente
1329 5434 1457 5492 crastiua
1470 5433 1518 5493 dia
1529 5435 1638 5496 invasit
1649 5452 1728 5510 aam;
1740 5441 1792 5500 aad

81 5529 218 5622 madae
232 5533 263 5593 et
277 5530 367 5596 nimis
381 5529 457 5592 alta.
473 5529 506 5591 la
518 5528 615 5592 attica
625 5544 743 5608 qaoque
756 5530 802 5591 est
811 5527 912 5592 catal·
966 5540 1070 5605 capere
1083 5540 1142 5588 aaa
1156 5523 1261 5604 potuit,
1288 5521 1358 5603 quia
1372 5538 1431 5587 aaa
1444 5528 1563 5588 venera
1574 5525 1710 5592 voluntas
1727 5524 1792 5597 oe
