3816 6006
58 229 116 296 unt
649 189 868 298 nunninae.
891 231 1022 297 nourr.
1046 235 1187 298 aaron.
1708 239 1767 299 sca

94 367 329 435 Osuuuous,Dei
340 368 435 443 gratia
445 369 639 426 astoricensis
649 369 885 443 episeopusdonr,
901 367 930 436 Α
944 367 1120 425 babuerunt.
1128 372 1258 442 Cumque
1272 371 1378 426 iterum
1393 386 1465 444 gons
1481 370 1690 426 Saracenorum
1702 371 1767 428 His·

58 455 152 514 nobili
167 454 335 513 boloniensi
350 456 520 526 comitissas,
538 457 664 515 sulutem
678 458 708 513 in
725 456 851 514 Christo.
942 457 1060 530 panium
1077 462 1255 533 perurgeret,
1265 458 1395 533 episcopi
1412 463 1440 516 et
1454 475 1556 515 omnes
1571 459 1623 514 viri
1640 454 1779 533 religiosi

94 545 241 613 Quoniam
255 550 435 604 tuasumma
446 547 602 620 prudentia
617 546 887 621 investigareinsu·
941 547 978 602 ad
1008 551 1124 604 nostrus
1146 547 1393 620 Alpes,videlicet
1414 549 1621 615 Asturicansos,
1638 565 1702 621 qua
1731 550 1767 605 ab

57 652 110 711 per
122 634 256 691 invenire
269 633 417 693 desiderat
431 635 558 711 qualitor
568 636 671 694 civitas
682 635 814 693 Asturica
825 634 889 692 reli·
941 636 1073 692 Asturica
1101 636 1210 692 habent
1237 654 1354 706 nomen,
1375 637 1541 711 confugere,
1567 642 1596 694 et
1623 637 1767 711 quidquid

56 724 144 799 quiae
159 728 257 781 tantm
273 723 448 798 capillorum
464 730 572 784 sanata
587 725 686 783 Maria
701 725 752 782 Dei
765 723 889 783 Genitri·
942 725 1121 799 precipuum
1137 725 1293 797 ducebant,
1310 730 1541 799 asportaverunt,
1557 730 1586 783 et
1600 726 1630 782 in
1652 727 1768 784 civitate

56 814 100 871 cis
114 813 264 882 babuerit,
275 817 304 870 et
315 814 393 871 uude
404 814 556 883 invenerit,
568 816 673 873 sancia
688 813 819 889 petitioni
830 818 887 871 tua
942 818 1043 871 nostra
1058 814 1188 871 Asturica
1201 819 1288 888 atqua
1303 816 1391 872 Oveto
1407 815 1507 872 omnia
1531 815 1767 873 recondiderunt.

55 908 85 960 et
97 901 318 976 investigationi
328 902 463 976 piissime
479 908 716 978 satagere,prout
730 903 760 960 in
775 908 889 962 senten
942 903 1000 960 Nos
1015 921 1081 959 voro
1097 902 1205 976 posteri
1219 903 1261 961 sio
1276 922 1325 960 eas
1341 905 1493 973 habentus,
1509 908 1537 961 et
1552 910 1695 979 precepto
1715 923 1768 961 no·

55 991 105 1048 tiis
119 989 267 1048 librorum
282 996 452 1049 nostrorum
475 991 651 1062 invenimus,
668 994 724 1050 sub
749 992 888 1049 brevitate
942 991 994 1048 stri
1010 991 1098 1066 regis,
1113 991 1247 1049 videiicet
1260 993 1408 1061 Adeionsi,
1425 1011 1483 1049 non
1509 994 1668 1061 obviantes,
1686 993 1768 1050 misi-

57 1078 254 1138 decrevimus.
265 1079 436 1138 Invenimus
450 1099 579 1154 namquo
595 1081 889 1155 quod,persecutiona
942 1097 1009 1138 mus
1023 1081 1106 1138 vobis
1122 1081 1157 1137 de
1173 1081 1344 1139 melioribus
1368 1086 1396 1138 ot
1419 1082 1604 1157 dignioribus
1628 1100 1767 1158 magnum

58 1168 218 1244 gentilium
233 1170 597 1244 urgente,iiierosaipmam
613 1173 724 1245 septem
739 1169 888 1244 discipuli,
942 1170 1262 1244 purtem,obseoruntes
1279 1177 1310 1227 ut
1325 1172 1392 1228 sitis
1403 1171 1592 1229 memoratrix
1601 1173 1767 1230 asteriacu-

59 1260 229 1334 Torquatus
245 1264 275 1316 et
289 1259 393 1327 Istius,
409 1276 476 1317 eum
492 1259 604 1317 ceteris
628 1259 768 1334 quinque,
785 1258 888 1332 Hispa·
942 1258 983 1316 sia
998 1258 1142 1316 Ecclesia.

59 1349 136 1407 mum
149 1347 335 1423 navigarent,
347 1348 512 1406 deierantes
521 1366 571 1406 eus
579 1353 608 1406 et
619 1348 691 1407 alias
701 1347 889 1423 quampluri·
977 1349 1036 1422 Ego
1047 1365 1112 1405 vero
1120 1349 1284 1406 Adeiousus
1296 1366 1345 1406 rex
1359 1351 1434 1407 hanc
1445 1350 1577 1406 chortam
1590 1350 1648 1405 vidi
1659 1354 1687 1407 et
1698 1349 1765 1424 legi,

61 1455 121 1496 mus
136 1453 238 1512 usque
253 1436 385 1494 Toletum
401 1442 606 1512 pervenerunt.
622 1439 682 1495 Rex
696 1454 762 1495 vero
787 1437 888 1511 iiispa·
942 1440 971 1493 et
994 1453 1176 1511 quaeeunque
1200 1438 1229 1494 in
1255 1455 1288 1495 ea
1312 1440 1422 1514 scripta
1446 1444 1527 1507 sunt,
1544 1438 1662 1512 propriu
1676 1456 1765 1496 manu

58 1527 107 1585 nia
123 1531 156 1585 et
171 1527 272 1585 omnia
291 1525 420 1600 populus
435 1528 500 1600 eJus
522 1527 681 1584 bouarissoe
696 1530 890 1601 susceperunt
903 1527 928 1596 Β
942 1526 1122 1603 confirmavi.

59 1633 115 1688 eus,
127 1620 161 1676 et
175 1615 207 1675 in
224 1632 334 1692 magua
347 1615 509 1674 reverentia
522 1616 581 1674 laeti
596 1633 656 1687 eas,
666 1616 752 1674 sicuti
760 1615 890 1684 decebat,

386 2046 718 2201 inuititur
766 2009 1002 2197 tuitii
1048 2044 1441 2197 tutuutttttttt

669 2319 739 2392 liu.
768 2320 806 2392 L.
834 2319 872 2390 C.
900 2316 1152 2391 BETHMANN.

340 2521 402 2597 (ip.
418 2521 520 2596 Panna,
535 2520 708 2580 deveniente
723 2520 879 2580 mmmm
896 2519 1038 2591 historica,
1054 2518 1160 2593 Script.
1177 2522 1248 2576 tom.
1265 2518 1311 2589 IX,
1327 2535 1394 2594 pag.
1409 2520 1486 2593 299.)

10 2916 14 2963 ᾗ
93 2861 294 2937 Carolinpicae
302 2862 593 2937 damasceneatopia
606 2863 714 2934 primis
724 2859 992 2935 temporibusuttra
1008 2859 1179 2917 daibertum
1188 2875 1246 2915 nan
1256 2861 1400 2917 ascendit.
1416 2860 1475 2917 Sed
1479 2855 1631 2936 postquam
1644 2880 1764 2937 reanum

61 2939 161 3010 adepti
172 2941 242 2992 sunt
258 2934 424 3007 Garntinpi,
439 2951 497 2993 non
512 2935 671 3005 desuem-nrt
685 2938 790 3008 quiens
814 2950 847 2989 er
859 2931 1038 2990 attractatam
1048 2949 1069 2987 a
1079 2931 1257 3004 tteraciupis
1268 2932 1456 3000 deducerent,
1465 2935 1573 2990 seilicet
1584 2944 1615 2990 ut
1628 2933 1764 3009 tepitinro
1869 2992 1872 2999 ,

64 3009 250 3067 hereditatis
257 3011 331 3080 jure
376 3006 485 3062 uuidere
495 3007 668 3063 uiderentur
675 3007 708 3063 id
719 3024 775 3082 pua
803 3021 908 3062 reuera
915 3020 970 3078 per
983 3006 1042 3060 eim
1058 3008 1175 3058 tantum
1185 3013 1273 3074 atque
1282 3019 1399 3058 assensu
1407 3004 1514 3075 popuii
1521 3007 1711 3072 possidebant
1721 3024 1765 3063 re·

63 3099 158 3156 asma.
172 3082 319 3152 Hujusmo
343 3079 436 3134 irunt
450 3081 635 3152 peneatopiae
644 3080 726 3155 insra
734 3096 765 3151 p.
781 3079 834 3134 996
847 3083 875 3133 et
894 3077 945 3134 SS.
957 3076 993 3143 11,
1005 3076 1058 3132 308
1070 3074 1239 3147 proposita.
1248 3076 1356 3158 Eorum
1366 3091 1434 3129 uero
1443 3078 1502 3202 qui,
1519 3077 1576 3133 trac
1586 3079 1680 3146 stirpe
1695 3096 1766 3135 are·

63 3170 118 3227 oso
132 3154 318 3208 Francorum
332 3150 461 3223 doccia,
470 3149 669 3224 percuratum
684 3150 786 3206 ducem
801 3165 839 3205 er
848 3147 908 3205 itta
919 3152 1132 3222 processerunt,
1140 3144 1346 3217 aeneatopcam
1360 3161 1440 3219 comp
1457 3163 1522 3202 urea
1535 3147 1675 3204 renident
1685 3150 1766 3207 codi-

64 3241 107 3283 ces
115 3243 127 3291 ,·
183 3223 198 3278 ἰ
210 3222 343 3297 quamuis
357 3221 482 3278 muttum
497 3222 577 3278 inter
588 3237 618 3277 se
632 3219 786 3351 diffrant,
801 3223 845 3278 ad
859 3237 949 3277 renam
963 3226 1060 3274 tamen
1070 3233 1169 3272 ornnes
1182 3217 1285 3272 reduci
1291 3224 1421 3287 possunt.

95 3300 128 3354 Λ.
166 3309 286 3420 οιιιιιιΕιιι
301 3292 483 3365 primariam,
497 3310 574 3350 anno
587 3293 651 3370 sere
681 3293 735 3350 (196
758 3293 919 3362 conditam,
935 3306 997 3366 qua
1011 3290 1168 3363 atriamo
1187 3303 1275 3362 usque
1293 3289 1332 3344 ad
1356 3288 1549 3360 dodefridum
1562 3288 1763 3349 Buttonensem
1781 3354 1784 3359 ,

64 3365 226 3425 dmendit
268 3380 318 3420 am
329 3366 469 3422 continet.

97 3440 125 3511 11
138 3438 239 3496 eaden
249 3435 446 3493 Bnaaetieneie
460 3453 488 3492 ι.
503 3436 576 3494 9823
589 3453 655 3494 saec.
670 3452 721 3494 su.
736 3433 808 3491 otim
819 3431 963 3500 Pometia,
974 3438 1034 3487 turn
1045 3447 1101 3489 sac.
1116 3431 1181 3487 iesu
1192 3432 1358 3504 tirunensis,
1373 3432 1513 3488 annitens
1525 3435 1646 3490 debenti
1658 3443 1686 3491 et
1699 3433 1764 3491 rot

64 3511 145 3568 eteri
159 3509 317 3574 nmmos,
340 3508 571 3581 descriptionem
588 3510 684 3564 Terra
696 3511 816 3564 sumta.
840 3503 997 3579 catalanos
1016 3519 1080 3590 epp.
1098 3503 1203 3558 Hieros
1216 3545 1225 3568 ,
1239 3519 1352 3576 repam,
1366 3519 1525 3576 paparum,
1543 3505 1766 3579 descriptionem

63 3579 234 3641 maduerit
245 3579 460 3652 iateranensis,
470 3576 652 3635 miraculum
666 3580 699 3636 in
711 3579 857 3651 sononia,
870 3582 978 3649 reptem
995 3592 1062 3631 rnzr.
1087 3574 1204 3646 usundi,
1224 3573 1433 3649 aesculapium
1452 3592 1555 3651 repam
1569 3582 1766 3648 Francorum,

64 3669 184 3714 carmen
201 3652 240 3708 de
253 3651 429 3721 Matumed,
443 3649 650 3723 penetratam
663 3656 806 3707 nostram.

97 3728 126 3796 2)
143 3723 309 3780 Vaticanus
321 3723 477 3782 christina
494 3741 523 3779 n.
537 3722 591 3779 236
602 3728 667 3796 past
682 3719 854 3779 tiitdeberti
867 3717 1012 3790 epistates
1025 3716 1237 3792 peneatapiam
1253 3715 1349 3785 tutet,
1361 3734 1422 3792 pure
1436 3718 1566 3794 sortasse
1581 3721 1713 3793 ejusdem
1723 3737 1769 3794 aa·

66 3801 290 3926 ”ingestionis
304 3863 421 3948 inmitia
435 3864 552 3946 codices
565 3863 702 3932 dicimus,
713 3864 766 3938 aui
778 3863 875 3920 eidem
887 3861 1026 3919 notitiam
1037 3859 1187 3928 Quomodo
1200 3857 1381 3931 disjunctum
1398 3859 1437 3916 sit
1448 3876 1571 3934 regnum
1587 3862 1768 3920 Francorum

69 3957 85 3998 s
134 3936 223 3997 uenia
255 3934 383 3993 aitarolr
399 3936 851 4010 Magnusubjeceruntnciticet.

117 4014 230 4081 >stam
251 4008 469 4082 insensatam
483 4008 646 4065 caurensis
658 4025 688 4064 n.
704 4007 789 4065 838r.
805 4023 856 4076 ru,
871 4005 908 4062 de
917 4021 982 4080 cuo.
1008 4003 1046 4075 et.
1064 4007 1150 4061 Perta
1170 4001 1285 4060 Aratio.
1312 4003 1391 4071 Vltt,
1406 4004 1469 4077 130,
1486 4005 1588 4062 eadem
1601 4005 1665 4082 sere
1678 4006 1769 4064 conti·

66 4079 384 4210 Ἢξυιιῖιῌίιιιξιιίξιιι.
399 4149 470 4236 9937
483 4166 507 4206 s.
520 4167 569 4221 ru,
587 4132 593 4140 ⁰
617 4154 644 4207 st
656 4150 744 4208 Beda
758 4148 929 4206 Chronicoa.
1052 4216 1060 4232 .

99 4226 120 4280 3
146 4224 307 4281 Vaticanus
320 4221 481 4280 christina·
493 4239 522 4278 n.
538 4224 572 4278 59
595 4238 636 4289 ,ι.
651 4236 702 4294 ru,
714 4227 778 4292 past
792 4218 966 4294 caniacum
976 4221 1058 4292 pontu
1083 4233 1159 4275 curn.

101 4296 118 4352 1
144 4294 309 4353 Vaticanus
321 4293 476 4352 christina
487 4310 519 4351 ιι.
545 4293 608 4359 712,
624 4293 758 4355 membr..
777 4293 928 4350 continens
943 4292 1060 4348 tioterte
1082 4297 1111 4345 et
1134 4285 1275 4345 Fretctveri
1298 4289 1452 4346 Historias.
1484 4294 1516 4346 11.
1541 4291 1767 4365 descriptionem

67 4372 171 4426 Terrae
181 4372 303 4439 meta,
317 4367 416 4423 cataio
438 4381 470 4420 as
483 4379 548 4436 epp.
573 4366 700 4434 Hieros,
727 4365 954 4436 descriptionem
974 4361 1145 4418 sanctuarii
1162 4360 1377 4431 lateranensis,
1398 4361 1564 4432 catatonum
1582 4364 1766 4436 pontificum,

67 4439 144 4497 iane
158 4436 383 4512 penmtopiam,
396 4381 625 4504 dimisionem
638 4438 807 4494 sanctuarii
821 4434 992 4492 Constantia
1030 4432 1151 4517 atitaui²
1168 4431 1330 4517 lamentum
1344 4432 1382 4488 de
1400 4432 1509 4490 Caroto
1524 4434 1710 4493 Flaudrensi.

102 4509 425 4580 inuitamenta.
442 4525 472 4564 ιι.
487 4507 540 4564 631
554 4508 692 4566 ciartac.
706 4525 731 4565 s.
746 4525 814 4576 svn,
829 4507 981 4564 cardinem
1023 4503 1149 4560 iniarde
1165 4503 1257 4560 tetam
1271 4504 1383 4576 Canuti,
1402 4506 1499 4562 Vitam
1514 4506 1678 4580 ludowici,
1692 4508 1767 4564 iane

67 4583 193 4782 ῗῶῑὲζ
218 4581 333 4710 {dardi
344 4649 570 4720 suasionemir,
585 4652 709 4708 muttum
724 4651 920 4725 interpetatur
932 4652 961 4706 et
974 4646 1017 4703 ad
1028 4662 1056 4702 a.
1073 4642 1138 4702 1111
1159 4645 1311 4717 deductus,
1327 4662 1409 4720 quem
1424 4645 1521 4704 edidit
1538 4649 1672 4725 vectorp
1686 4652 1765 4725 Spic.

98 4767 134 4852 'a
148 4794 254 4852 Tertia
269 4794 387 4853 familia
401 4798 443 4851 est
457 4793 510 4869 qui
522 4810 542 4850 a
558 4791 665 4850 Garoto
680 4791 769 4850 cuiun
779 4793 883 4867 incipit
893 4796 921 4849 et
932 4793 965 4848 in
978 4788 1137 4845 Eustochio
1149 4786 1259 4844 desinit
1269 4786 1363 4845 eaden
1376 4788 1404 4844 S.
1421 4791 1567 4860 Quintini,
1581 4793 1652 4848 dein
1664 4799 1769 4850 Parne-

70 4865 118 4930 tu.
132 4875 197 4924 tum
211 4883 270 4934 soc,
284 4871 354 4926 tau
368 4866 536 4938 tirunensis,
544 4865 612 4936 jam
628 4863 840 4932 Bruuettensis,
855 4882 887 4922 a.
903 4862 974 4920 1227
986 4879 1040 4934 per
1053 4866 1172 4916 Petrum
1184 4858 1358 4916 risonactcum
1373 4869 1541 4927 rauracus,
1559 4874 1601 4919 ost
1616 4869 1641 4922 11
1646 4882 1768 4939 upanem

68 4936 300 5006 divionensem,
314 4937 353 5013 cs.
368 4943 456 4995 Parte
479 4937 597 4992 Arateis.
616 4936 674 4992 Vtt.
691 4937 754 5007 531,
770 4954 808 4992 ea·
819 4953 874 5011 quo
887 4952 954 4993 eane
969 4930 1127 4989 ediderunt
1141 4930 1257 4987 Mirans
1271 4929 1347 5004 Dipl.
1364 4931 1440 5006 Balg.
1457 4933 1478 5005 1,
1493 4881 1557 4990 soi.
1573 4940 1609 4992 Le
1624 4941 1683 5010 ttop
1700 4937 1768 4993 bai·

72 5012 185 5069 doinus
195 5008 374 5067 dresdensis
385 5024 414 5078 p.
430 5009 457 5064 2.
472 5007 598 5063 Buttens
610 5007 757 5133 Tropbtcs
772 5012 797 5079 1,
813 5023 936 5081 preuves
951 5009 978 5062 5.
1300 5073 1307 5090 .

103 5087 142 5140 D.
157 5083 276 5149 Quarta
289 5080 406 5137 familia
420 5079 537 5137 codices
550 5095 571 5136 a
587 5081 665 5134 noro
681 5095 699 5134 a
716 5083 826 5153 Mapno
840 5097 908 5138 eam
923 5076 1068 5148 incipiunt
1082 5081 1110 5129 et
1132 5072 1173 5128 ad
1196 5071 1375 5129 Batdurnum
1397 5084 1511 5132 reatum
1535 5078 1594 5135 siue
1608 5081 1649 5136 ad
1661 5098 1770 5138 annum

69 5155 135 5293 mie)
143 5153 406 5293 mmm&
416 5223 480 5297 jam
495 5219 757 5294 duneurdurpensis
770 5238 799 5277 ιι.
814 5221 859 5288 22,
877 5221 913 5278 de
927 5235 983 5294 qua
997 5216 1036 5347 cl.
1054 5215 1173 5272 Archia.
1200 5214 1272 5285 tut,
1288 5216 1351 5285 593,
1366 5221 1517 5276 corttinens
1531 5222 1709 5300 Frecutsum,
1723 5229 1773 5286 to·

68 5295 198 5356 tanum
213 5299 250 5356 de
265 5312 336 5373 repe
349 5300 377 5354 et
391 5302 499 5366 septem
508 5292 693 5363 sapientibus
720 5296 778 5350 Tur
799 5295 891 5360 inuno,
905 5308 999 5366 penca
1016 5307 1033 5346 a
1057 5290 1115 5344 iam
1131 5291 1273 5343 nostram.

101 5370 130 5440 2)
145 5369 297 5428 &diruis
309 5383 394 5447 quem
407 5366 505 5425 edidit
520 5363 648 5421 dartene
664 5335 741 5423 ides.
759 5314 806 5432 tii,
824 5365 892 5421 1131
907 5364 1019 5420 atinde
1034 5306 1123 5416 {ciat
1136 5359 1217 5427 Xtti,
1233 5359 1295 5416 585.

102 5445 131 5520 1)
141 5443 312 5504 enatem
322 5439 494 5503 aratrum
507 5439 712 5513 apapraptum
729 5437 809 5496 inter
823 5434 1005 5496 Batuuianos
1015 5447 1089 5492 arm.
1103 5445 1134 5503 ιι,
1145 5446 1178 5508 p.
1190 5430 1218 5504 1,
1230 5447 1259 5491 n.
1270 5431 1298 5490 3.

1388 5535 1420 5592 b.
1432 5531 1462 5595 G.
1476 5534 1633 5602 omnin.
