3816 6006
91 205 149 265 94¹
422 212 577 275 GILONIS
599 213 726 276 annis.
750 213 850 275 fflsr.
874 213 1081 278 HIEROSOL.
1098 249 1137 260 -
1151 217 1317 282 ansani.
1340 220 1469 285 Pani.
1741 195 1801 293 aas

90 343 120 398 el
135 338 271 398 barolum
287 340 406 398 Calvum
422 360 456 399 ex
475 344 587 401 iudith.
605 346 727 402 Karalus
742 346 847 404 Calvus
867 363 915 420 ge·
930 348 959 414 Α
973 363 1040 404 cum
1070 349 1207 406 comitem
1234 352 1270 408 de
1298 352 1436 410 Durboio.
1451 356 1596 429 Gerbcrga
1623 374 1690 414 vero
1717 378 1800 420 soror

89 430 157 486 nuit
185 431 375 500 Ludoviaum‚
393 432 442 505 qui
469 433 541 490 nihil
566 435 641 503 lecit,
659 435 729 508 quia
750 440 864 492 lanium
888 454 918 493 ιν
972 436 1179 509 Ermengardie
1193 441 1295 513 genuit
1313 442 1472 499 chrioum
1488 444 1638 503 Saniorum
1660 449 1797 507 comitem

89 520 177 576 annis
206 519 386 594 viniilleqm
416 522 502 578 annis
530 523 623 595 reniti.
644 525 808 582 Ludovicus
836 524 916 583 filius
972 524 1177 583 deBrusseHn.
1197 529 1336 587 ilenricus
1361 531 1463 589 Senior
1479 534 1581 606 genuit
1607 535 1797 595 Lamberlum

89 608 229 665 Ludom'ci
255 610 375 682 [Karoii]
400 612 502 684 genuit
527 613 661 668 tiernium
687 613 866 686 simplicem,
887 619 916 672 ei
962 615 1118 681 comitem,
1135 621 1164 672 ei
1182 618 1339 675 chricum
1355 622 1474 677 tratrem
1489 624 1564 694 ejus,
1581 627 1610 680 cl
1635 624 1796 683 Maliildam

88 697 329 755 Karlemannum.
347 699 469 756 Karalus
484 717 551 756 vero
573 701 697 775 simplex
711 703 747 758 ab
764 702 913 760 Heribarlo
969 721 1099 762 sororem
1124 708 1198 778 ejus.
1216 709 1295 765 Hanc
1321 710 1483 767 Maltildem
1508 713 1591 768 duxit
1614 730 1733 771 uxorem
1749 732 1796 772 aa·

87 793 192 860 captus
211 793 264 844 esi.
276 787 330 854 Qui
353 788 478 847 Karalus
493 807 527 845 ex
542 789 631 863 Ogiva
657 791 760 863 gcnuib
789 791 913 848 Ludovi-
969 811 1031 850 mes
1047 795 1224 852 Eustachius
1239 799 1275 853 de
1296 798 1424 867 Bolanis,
1442 804 1470 856 ei
1483 801 1584 874 genuit
1606 819 1640 858 cx
1664 821 1697 859 ea
1722 804 1796 863 duos

86 893 166 933 oum.
185 878 465 952 Ludovicusgenuil
486 879 914 955 Lethariumregcmeiiiaro·
968 882 1060 950 filios,
1090 886 1282 942 Eustachium
1323 894 1352 944 et
1388 890 1588 946 Lambortam.
1618 893 1794 951 Eustochiae

85 966 149 1022 lum
165 967 269 1023 ducem
285 984 319 1023 ex
334 965 489 1040 Gerberga.
507 968 662 1024 Lolhnrius
678 969 844 1043 rexgenuit
860 971 913 1027 Lu·
966 989 1033 1029 uero
1049 975 1160 1047 accepit
1183 992 1303 1033 uxorem
1319 977 1360 1032 fili
1371 995 1409 1033 im
1424 978 1582 1049 Godelridi,
1598 980 1692 1050 ducis,
1713 983 1794 1039 Idam

85 1056 221 1113 doviourn
233 1057 384 1128 juvenem,
400 1060 427 1112 el
450 1054 570 1112 Karalus
586 1058 644 1113 dux
671 1059 759 1114 irater
783 1059 912 1116 Lotherii
967 1063 1096 1134 nomine,
1121 1064 1248 1121 nabilem
1274 1082 1379 1139 gauere
1408 1072 1436 1123 ct
1464 1069 1596 1125 maribus
1613 1087 1619 1124 :
1636 1074 1665 1126 et
1692 1070 1795 1144 genuit

84 1146 279 1220 regingennil
297 1147 526 1219 Ermnngardem
547 1147 777 1221 eiGerbergam.
793 1149 913 1206 Ermen-
967 1169 1001 1208 cx
1025 1170 1059 1209 ea
1083 1158 1141 1209 tres
1169 1152 1255 1222 filios,
1272 1156 1463 1212 Eustachium
1492 1158 1629 1214 comitem
1658 1159 1792 1229 Bolonie,

83 1235 184 1310 gardia
198 1235 301 1309 genuit
325 1234 476 1291 Alberlum
499 1235 635 1292 comitem
659 1236 695 1291 de
721 1236 862 1294 Namuao.
877 1237 913 1294 Ei
967 1244 995 1296 el
1009 1242 1197 1298 Godesridum
1213 1246 1242 1299 ei
1256 1243 1431 1301 Baiduinum
1449 1262 1531 1320 reges
1546 1245 1760 1322 Hierosolymo.

81 1324 218 1381 biberius
233 1324 336 1399 genuit
358 1323 520 1393 bibentum,
538 1329 566 1380 et
583 1324 701 1380 tratrem
717 1326 781 1397 ejus
807 1327 911 1383 ilenri-

79 1530 1853 1577 ww.

154 2015 158 2022 .
415 1819 874 1980 ursinam
940 1821 1457 1987 (insinuari

244 2123 360 2272 nn
414 2119 632 2270 insin
686 2121 986 2272 intirim
1040 2124 1612 2276 irinnnnnnn

846 2392 1014 2452 AUCTORE

430 2585 807 2721 arnone
851 2589 1424 2757 ansmtisl

323 2843 484 2913 (Minium,
503 2843 577 2899 ibes.
595 2841 720 2900 incedat.
738 2842 786 2910 ΙΙΙ,
802 2841 865 2911 uit,
881 2858 916 2900 ex
930 2858 987 2900 ms.
1002 2842 1172 2901 manasterii
1188 2843 1217 2901 S.
1234 2843 1371 2902 Germani
1387 2862 1404 2901 a
1419 2844 1534 2919 Patris.)

568 3274 570 3278 Χ
615 3340 982 3436 onsnnvnrro
1015 3340 1242 3436 annun

106 3601 269 3655 laturarios
282 3600 401 3652 betlormn
415 3605 523 3662 euentus,
547 3603 633 3666 quibus
653 3604 791 3669 presertim
813 3602 953 3654 illustratur
980 3603 1084 3655 bistoria
1097 3603 1270 3665 eeclesiastico,
1289 3605 1399 3669 primum
1422 3604 1468 3653 sibi
1490 3604 1571 3654 iocum
1592 3603 1782 3656 omdiootsocra

68 3677 196 3743 expeditio
210 3675 441 3740 Hierosolymorum
457 3681 491 3727 tot
504 3679 630 3742 preclaris
643 3678 792 3741 foenoribus
805 3679 939 3737 illustrato,
956 3682 993 3729 tot
1016 3680 1126 3730 uirorum
1148 3679 1268 3730 nobilium
1290 3680 1409 3743 sanquine
1428 3679 1552 3740 decorata,
1568 3682 1603 3729 tot
1619 3678 1739 3744 prodiqbs
1752 3693 1782 3731 as

64 3753 187 3820 ponentis
196 3753 352 3816 confirmata.
368 3752 430 3804 Hinc
444 3755 691 3818 quicunqneonnates
713 3756 886 3805 ecclesiasticos
904 3755 1036 3819 aliquando
1058 3755 1197 3806 scribendos
1210 3759 1377 3820 susceperunt,
1404 3756 1513 3820 sinqnlas
1531 3755 1607 3820 ipsius
1620 3755 1782 3806 circumstan-

67 3830 116 3880 tias
127 3828 279 3879 adamussim
292 3842 425 3887 recensere,
438 3830 550 3893 plerique
564 3830 640 3879 etium
653 3830 789 3894 sinqulores
803 3830 833 3880 de
847 3829 892 3879 illa
906 3829 1086 3881 lucubrationes
1105 3832 1213 3897 posteris
1241 3830 1359 3880 mandare
1369 3835 1497 3881 curarunt.
1516 3830 1605 3883 Verum
1622 3843 1705 3880 omnes
1719 3831 1784 3882 inter

68 3903 125 3955 iilos
138 3907 250 3954 auctores
260 3905 371 3970 palmam
385 3904 451 3970 opud
464 3906 573 3955 eruditos
586 3904 659 3967 focile
679 3904 786 3969 referunt
804 3905 901 3969 antiqui
922 3907 1059 3971 scriptores,
1075 3907 1102 3956 bi
1113 3906 1252 3971 prasertim
1272 3907 1315 3970 qui
1329 3907 1399 3957 rebus
1413 3907 1487 3971 qestis
1502 3904 1674 3970 interfuerunt,
1690 3908 1733 3956 out
1743 3919 1786 3957 eas

67 3981 98 4032 ab
111 3980 218 4032 oculatis
226 3981 327 4030 testibus
341 3985 452 4045 acceptos
463 3982 603 4045 posteritati
618 3982 825 4031 transmisemnt:
841 3984 924 4046 utpote
938 3981 980 4046 qui
990 3982 1094 4031 certiora
1109 3995 1162 4045 proe
1174 3996 1200 4032 se
1218 3980 1324 4045 [erentes
1334 3983 1443 4033 ueritatis
1457 3981 1558 4040 indicio,
1575 3994 1624 4031 non
1635 3980 1786 4031 solumsuo-

67 4056 203 4106 virricum
219 4055 388 4116 delectatione,
403 4057 446 4107 sed
459 4057 550 4120 mojori
563 4058 640 4107 etiam
655 4072 711 4107 cum
723 4057 806 4120 fructu
822 4071 918 4122 semper
935 4057 1059 4122 lequntur.
1078 4055 1239 4122 Quapropter,
1256 4059 1354 4107 tametsi
1376 4058 1432 4108 belli
1445 4057 1509 4107 sacri
1526 4057 1654 4121 scriptores
1668 4059 1785 4120 quotquot

66 4133 177 4197 reperire
188 4132 308 4196 potuerit,
321 4132 381 4182 duos
396 4133 421 4182 in
431 4133 641 4197 tomoscalieqerit
656 4134 686 4184 de
699 4147 726 4183 re
736 4134 858 4184 litteraria
872 4133 963 4198 optime
981 4133 1084 4183 meritus
1104 4133 1205 4183 lacobus
1214 4133 1371 4196 [tonqortius
1393 4132 1544 4194 edideritque
1554 4145 1619 4181 asino
1635 4131 1711 4190 ibit,
1727 4135 1786 4182 tan·

69 4212 109 4258 tus
123 4207 203 4258 nibilo
213 4211 296 4257 tomen
310 4209 395 4258 minna
409 4208 478 4259 labor
488 4209 596 4258 uirorum
610 4210 764 4260 eruditorum
778 4209 928 4259 desiderium
945 4223 994 4258 non
1009 4207 1109 4258 omnino
1123 4207 1247 4271 expleuit:
1265 4207 1308 4256 sed
1330 4208 1371 4269 qui
1389 4209 1444 4271 post
1457 4208 1536 4271 ipsum
1551 4206 1725 4271 rempublicam
1741 4207 1786 4257 lit·

68 4282 190 4333 teroriam
204 4283 255 4333 suis
267 4284 363 4348 scriptis
375 4285 532 4334 illustrarunt
541 4284 696 4349 antiquitatis
716 4284 827 4343 studiosi,
848 4284 1049 4335 bibliothecarum
1071 4283 1233 4346 insiqniorum
1246 4281 1338 4346 forulos
1365 4281 1506 4342 amittanda,
1535 4285 1672 4346 ueteresque
1693 4295 1786 4332 mann·

68 4359 173 4422 scriptos
184 4358 278 4409 codices
292 4360 445 4421 reuoluenda,
456 4364 571 4424 quotquot
586 4360 754 4424 brrimcemodi
776 4359 1046 4424 expiscaripotuerunl
1072 4371 1112 4408 eos
1125 4362 1242 4420 tanquam
1254 4358 1362 4422 pretiosa
1389 4357 1544 4419 antiquitatis
1566 4361 1727 4407 monumento
1740 4371 1787 4422 pu·

69 4433 200 4497 bliciJ‘uris
213 4433 294 4498 iacere
307 4450 358 4486 nan
371 4437 541 4501 neqteaerunt.
573 4435 645 4488 Certe
659 4437 707 4486 dua
735 4451 767 4486 en
797 4437 886 4486 nostris
900 4435 977 4486 lucos
1001 4435 1119 4487 Aclerins
1133 4438 1156 4485 et
1178 4435 1283 4485 loannes
1313 4432 1468 4484 blobillonins
1494 4447 1565 4483 suom
1589 4433 1634 4482 boc
1659 4434 1685 4482 in
1698 4445 1787 4497 qenere

69 4523 171 4574 operam
185 4510 360 4562 contulerant:
376 4512 418 4562 ille
428 4512 526 4575 quidem
540 4526 596 4562 eum
612 4512 681 4563 Gesta
694 4512 736 4562 Dei
749 4526 790 4576 per
808 4513 936 4562 Francoso
960 4511 1073 4564 Gniberto
1097 4509 1181 4560 abbate
1208 4508 1337 4573 Nooiqenti
1362 4508 1430 4558 edito
1455 4522 1505 4557 una
1526 4522 1582 4557 cum
1611 4507 1667 4556 aliis
1677 4507 1785 4569 eiusdem

71 4585 200 4649 scriptoris
214 4586 327 4651 operibus
339 4588 444 4646 recudit,
460 4588 506 4637 iste
520 4602 575 4637 curn
590 4587 646 4637 belli
661 4589 725 4638 sacri
747 4588 879 4638 bistoriom
897 4587 924 4637 in
942 4588 1106 4650 manuscripto
1128 4585 1209 4635 codice
1234 4583 1360 4637 Gasinensi
1382 4584 1516 4642 incentum,
1532 4596 1576 4632 suo
1590 4583 1680 4635 Museo
1694 4582 1783 4632 ltoiico

69 4661 184 4709 inseruit.
199 4660 232 4711 ΕΙ
246 4665 304 4711 onte
313 4676 354 4712 eos
369 4663 503 4714 Gallicana
516 4663 649 4713 academie
659 4664 742 4713 lumen
751 4663 896 4713 Froaoiscns
910 4663 947 4714 bn
962 4662 1064 4720 Gbesne
1080 4661 1142 4710 illst.
1159 4659 1247 4710 Frons.
1263 4664 1322 4710 tom.
1339 4658 1383 4719 ll',
1394 4659 1495 4708 Petrum
1509 4658 1668 4708 Tcrutbatdnm
1682 4659 1706 4705 et
1720 4654 1786 4706 Fnl·

69 4735 181 4784 cberium
198 4734 373 4788 Gamotensem
383 4741 504 4789 auctiores
513 4744 536 4788 et
548 4739 725 4789 emendatiores
734 4740 850 4804 uutqooit.
865 4739 950 4802 quibus
967 4738 1060 4790 Gitonis
1075 4736 1220 4786 Parisiensis
1234 4736 1363 4785 historiam
1377 4735 1537 4799 capeditionis
1555 4731 1784 4795 Hierosolymitaaa

70 4828 87 4861 a
102 4810 190 4860 locabo
200 4810 331 4863 sirmondo
345 4820 478 4879 acceptam,
494 4815 600 4874 addidit,
611 4815 667 4865 licet
682 4818 718 4865 tat
730 4815 824 4865 lacunis
837 4813 964 4878 sedatam,
979 4817 1007 4863 ut
1022 4812 1134 4865 Gitonem
1153 4812 1233 4875 ipsum
1250 4809 1301 4874 sere
1317 4812 1343 4860 in
1358 4812 1408 4876 ipso
1430 4809 1515 4862 Gitone
1525 4823 1620 4874 quaeras
1633 4821 1724 4872 :quom
1740 4807 1784 4857 ni·

72 4885 210 5010 hitorpinbuls
228 4888 292 4937 tanti
305 4887 410 4952 [emtuir
421 4890 540 4949 nuditus,
556 4892 584 4940 nt
595 4890 730 4955 pretiosum
754 4895 871 4954 tanquam
895 4890 1037 4940 tbesaurum
1052 4887 1116 4939 illud
1144 4887 1300 4950 antiquitatis
1323 4888 1510 4937 monumentum
1525 4885 1617 4950 publici
1626 4883 1689 4948 iuri,
1704 4881 1785 4948 facere

69 4973 122 5010 non
154 4961 294 5012 uioaerit.

114 5034 177 5087 Gom
191 5052 246 5088 acro
260 5042 350 5088 nostre
363 5037 510 5089 Parisiensis
518 5037 545 5090 S.
563 5036 678 5090 Germani
693 5037 842 5089 bibliothecae
856 5038 948 5089 codices
962 5035 1140 5100 manuscriptos
1159 5035 1302 5094 erninerem,
1327 5034 1414 5084 incidit
1437 5033 1463 5084 in
1477 5047 1566 5084 monas
1578 5046 1646 5085 mens
1664 5031 1729 5082 idem
1744 5029 1786 5084 Gi·

75 5110 142 5162 lonis
153 5112 299 5164 Parisiensis
313 5126 372 5178 opos
386 5127 441 5164 cum
455 5114 500 5164 boc
514 5114 644 5178 epiqropbe
658 5112 756 5164 deberit
777 5115 855 5165 nostri
869 5128 945 5164 mona
958 5116 1080 5164 exarato.-
1104 5110 1210 5176 Sequeas
1229 5111 1325 5162 tristaris
1349 5109 1411 5160 abita
1430 5109 1522 5173 quidem
1541 5113 1577 5160 est
1595 5109 1618 5159 in
1629 5109 1674 5159 line
1685 5108 1741 5158 tami
1755 5105 1785 5158 lv

78 5186 190 5239 Historias
199 5190 340 5241 Francorum
352 5190 450 5241 lairen
461 5190 496 5241 bu
507 5190 605 5249 chesas,
619 5195 642 5240 at
653 5190 750 5241 maxima
763 5205 789 5241 er
800 5195 864 5255 parte
874 5189 960 5241 diflert.
976 5190 1083 5240 Preterae
1097 5186 1159 5238 ebila
1172 5187 1238 5252 plenu
1249 5193 1285 5237 esi
1298 5186 1407 5236 laeanist
1424 5199 1450 5235 es
1465 5184 1493 5235 de
1512 5199 1581 5236 causa
1596 5184 1645 5235 bec
1660 5197 1704 5233 ms.
1716 5181 1785 5244 dique

73 5267 113 5313 cst
140 5263 204 5328 prela
222 5264 337 5316 submitti.
352 5265 421 5317 Hono
432 5279 488 5316 cum
502 5266 622 5330 leqissem,
632 5267 717 5316 statim
731 5266 813 5331 rapuit
827 5280 867 5316 me
880 5265 1027 5317 desiderium
1046 5263 1140 5313 editum
1154 5276 1211 5313 cum
1233 5263 1399 5327 manuscripta
1422 5258 1571 5324 conferendi,
1584 5259 1695 5323 saeuius
1707 5256 1788 5307 colla-

69 5337 140 5389 tione
153 5341 232 5405 reperi
246 5354 297 5391 nan
309 5342 390 5392 solam
404 5341 521 5392 ducentas
535 5342 631 5392 circiter
646 5343 746 5393 lacunas
759 5342 847 5392 sarciri
857 5355 936 5408 posse,
945 5341 1076 5405 pluresque
1095 5338 1160 5389 locos
1180 5339 1278 5389 uitiatas
1298 5338 1433 5396 emendari,
1458 5335 1501 5386 sed
1521 5338 1619 5401 portem
1634 5334 1690 5384 libri
1704 5331 1786 5396 quarti

71 5427 131 5466 rum
145 5416 264 5479 quintoet
273 5421 342 5468 secto
357 5419 452 5482 inteqro
467 5418 493 5468 in
507 5417 579 5468 editis
593 5417 746 5478 desiderori,·
759 5422 906 5484 quopropter
918 5421 1082 5483 opportunum
1092 5428 1142 5465 esse
1156 5414 1295 5464 existimant
1309 5416 1336 5464 ut
1358 5411 1477 5463 Toncredi
1492 5410 1578 5470 Gestis,
1597 5408 1690 5461 Gitonis
1704 5408 1784 5458 bisto-

67 5490 138 5547 rt’arn
146 5491 327 5560 mammen,
341 5507 386 5545 nec
394 5495 616 5546 convenientiorem
624 5494 649 5545 ei
662 5495 743 5546 lacum
756 5493 831 5547 tribui
837 5507 917 5560 posse.
930 5491 1052 5548 Guterum
1061 5490 1141 5558 operis
1149 5490 1200 5558 ipre
1210 5490 1296 5542 titulun
1307 5492 1432 5541 auctorem
1441 5487 1593 5540 demomtrat
1604 5498 1655 5537 esse
1664 5495 1779 5535 coenan.
