3816 6006
95 229 155 297 tta
349 226 402 295 Ml
423 225 680 295 metuerunt
701 226 870 291 APPEND.
892 227 931 290 tl.
948 257 988 274 -
1005 226 1162 303 NONUM.
1185 229 1237 292 uu
1258 229 1385 294 uultu
1406 227 1544 295 saeuo.
1728 227 1798 293 ⁴821

94 362 455 437 mememoratur
473 363 630 419 accuratius
653 361 810 419 emmeant.
834 361 958 446 idemq
1007 362 1043 418 ut
1056 377 1132 435 page
1145 361 1194 420 2tl
1216 379 1222 418 :

94 451 142 512 hic
171 449 352 521 Fulcherius,
366 449 417 524 qui
444 449 475 506 iu
501 449 653 508 obsidione
679 448 859 507 Antiocheno
884 450 918 507 Α.
1011 491 1066 506 .....
1082 452 1303 509 rotctcriesittc

96 539 166 602 1098
180 544 265 600 caute
279 556 313 597 ac
323 539 437 596 fortiter
451 555 510 598 rem
528 538 629 612 gessit,
645 539 681 595 de
704 556 762 613 quo
785 538 848 596 Gilo
864 540 920 596 Pa·
1008 542 1097 596 Notos
1110 539 1232 607 Concoti,
1245 556 1370 613 proceres
1383 538 1536 613 precedere
1550 540 1637 606 mille,

94 629 227 691 risiansis
242 629 316 687 libro
330 643 382 698 vn,
398 628 475 686 acad
489 628 678 685 Edmundum
694 629 823 685 Matiene
847 634 868 686 t.
881 629 920 686 lli
1009 630 1068 686 Noe
1083 630 1160 686 timet
1173 631 1285 688 inuictae
1295 646 1448 702 properans
1462 629 1497 686 ud
1512 631 1613 686 moeaic
1628 629 1714 685 edla.

92 720 319 788 Aueodotorum,
334 734 364 793 p.
380 718 446 776 att.
879 748 880 751 ¹
1009 721 1069 775 Noa
1086 719 1159 775 baec
1182 719 1274 776 tardat
1293 735 1362 776 ceos
1382 719 1482 792 clypei,
1498 718 1544 776 sal
1569 718 1605 775 etl
1628 718 1718 775 ordeo
1738 735 1799 790 pre

1044 824 1108 864 uus.

134 940 188 958 .....
202 896 366 957 Fulcberies
379 898 504 955 imminet
517 903 581 953 cete
1008 896 1304 970 Eoototermoperens
1318 896 1589 970 smtaequeviriliter
1602 897 1723 963 meac,

133 994 187 1047 Per
201 988 324 1045 tenebras
339 987 403 1060 tecit
417 986 465 1044 ille
478 987 538 1044 vies
548 1001 642 1056 pressu
656 986 802 1053 titubante,
1009 985 1093 1042 litum
1108 986 1247 1043 Veneticae
1260 988 1383 1060 sequitur
1396 1005 1406 1042 .·
1419 995 1508 1060 stupet
1521 987 1604 1045 bostis
1621 988 1746 1059 iniquus.

132 1079 193 1137 illis
206 1077 371 1150 tenporibus
386 1074 477 1132 radios
490 1074 604 1132 ducente
614 1082 718 1133 coemto
1012 1075 1044 1133 tlt
1057 1076 1132 1131 stetit
1145 1077 1176 1131 in
1189 1078 1278 1133 muris
1292 1076 1463 1144 Fetcberisc,
1480 1091 1544 1134 cese
1557 1076 1595 1149 (t)
1614 1083 1749 1136 eccon-ter

132 1166 404 1227 Praemouttrcbetur
416 1165 496 1238 repeti
505 1165 621 1223 mutatio
640 1164 716 1231 tatto,
726 1171 777 1221 etc.
1011 1162 1154 1221 Fulmineo
1169 1165 1278 1236 visites,
1292 1171 1317 1221 ct
1331 1164 1367 1221 od
1382 1165 1479 1238 infinie
1489 1166 1710 1238 precipitantur.

1010 1252 1125 1311 liculmt
1137 1254 1232 1324 cicer,
1247 1263 1298 1312 etc.

93 1458 107 1511 t
130 1382 158 1456 t)
171 1383 217 1439 lta
229 1379 386 1454 legendnm
400 1381 482 1452 puto,
497 1394 556 1435 nen
579 1392 647 1447 ecce,
662 1379 697 1435 ut
720 1377 809 1435 habat
830 1375 966 1434 Marteuii
988 1375 1088 1445 editio,
1106 1394 1175 1435 uam
1199 1379 1277 1453 apud
1306 1378 1471 1437 Chesneum
1492 1395 1548 1436 vox
1569 1381 1632 1436 tota
1655 1378 1804 1436 desidera·

107 1470 153 1513 ar.

95 1602 309 1637 *ἔξω

394 1775 859 1881 rotantem
903 1776 1488 1882 GARNM'ENSIS

853 1971 1041 2032 PRAEFATIO

315 2137 382 2237 ΙΝ
426 2131 819 2235 HISTORIAM
863 2133 1585 2231 Httteosoutnttuentu

608 2310 718 2388 (Edidit
731 2311 765 2370 D.
778 2311 927 2378 Mnaseus,
944 2309 1019 2377 iles.
1035 2311 1161 2370 Anmdot.
1177 2312 1199 2382 1,
1214 2314 1292 2383 acl.)

844 2448 1058 2473 -----

384 2551 498 2636 lncipit
511 2553 664 2634 Prologus
679 2552 712 2615 in
727 2554 828 2616 Gestis
842 2556 1036 2616 Francorum
1050 2555 1225 2616 Jerusalem
1241 2555 1521 2636 peregrinantium.

138 2720 235 2778 Placet
248 2715 368 2791 quidem
382 2713 464 2784 vivis,
476 2713 595 2787 prodest
608 2713 699 2771 etiem
714 2714 925 2783 mariniacum
939 2714 964 2783 Β
979 2714 1050 2772 ravi.
1067 2713 1141 2781 Quin
1158 2713 1227 2780 imo,
1244 2715 1274 2770 in
1289 2732 1346 2788 quo
1367 2714 1555 2789 disparantur
1568 2713 1598 2770 hi
1610 2716 1751 2788 postremi
1767 2718 1805 2775 ab

103 2808 325 2886 gestavirorum
341 2803 638 2877 sortiumpraeserum
649 2803 709 2861 Duo
723 2801 924 2873 militantium,
979 2803 1039 2860 illis
1054 2802 1168 2876 primis,
1182 2802 1225 2860 vel
1247 2803 1425 2868 israeliticis,
1449 2802 1493 2859 vel
1518 2804 1702 2873 Machetieis,
1730 2823 1805 2879 quos

101 2898 148 2958 vel
167 2897 275 2971 scripta
288 2895 437 2969 leguntur,
451 2892 496 2949 vel
511 2892 541 2948 in
568 2892 674 2949 mentis
689 2892 844 2949 armariolo
864 2908 925 2948 me·
980 2891 1098 2964 quidem
1114 2891 1242 2948 vidimus
1257 2892 1287 2947 in
1309 2891 1477 2964 regionibus
1502 2909 1602 2948 eorum
1625 2910 1701 2966 sape
1726 2895 1806 2967 apud

103 2980 550 3054 muimmunteinternuetes
565 2980 925 3050 sobriercoitanlur3nam
979 2997 1044 3048 nos,
1061 2985 1112 3036 ant
1139 2980 1318 3046 audivimus,
1340 2980 1427 3054 longe
1455 2999 1473 3037 a
1500 2981 1585 3038 nobis
1611 2983 1722 3055 positos
1751 2999 1805 3055 pro

103 3077 155 3153 qui
168 3076 269 3132 meant
284 3073 315 3130 in
331 3071 453 3138 maudo,
470 3069 570 3127 audite
584 3069 746 3127 intentione
760 3070 808 3143 pia
819 3070 927 3144 prede·
980 3085 1079 3126 amore
1093 3068 1200 3135 Christi
1219 3069 1405 3136 emembrari,
1422 3069 1564 3143 crucifigi,
1588 3069 1739 3138 excoriari,
1756 3088 1804 3127 aa·

103 3181 251 3225 cessurum
268 3161 410 3228 tidelinm,
427 3158 584 3232 quomodo,
600 3158 703 3215 muudi
722 3159 793 3215 flore
816 3161 925 3232 spreto,
980 3157 1088 3234 gitteri,
1105 3158 1206 3225 secari,
1223 3163 1252 3214 et
1267 3159 1380 3214 diverso
1405 3160 1533 3233 martyrii
1550 3176 1803 3234 genereconsum·

103 3255 162 3314 Deo
177 3253 373 3318 adheserunt,
390 3253 419 3306 et
433 3253 580 3321 parentes,
595 3264 757 3321 uxoresque
772 3264 851 3314 suas,
863 3263 927 3319 pos·
979 3246 1064 3314 mari,
1082 3262 1135 3303 nec
1150 3247 1248 3310 minis,
1266 3264 1317 3303 nec
1333 3246 1640 3322 blanditiisaliquibus
1655 3267 1741 3323 posse
1756 3268 1805 3306 su·

103 3344 250 3402 sessiones
266 3355 382 3413 quoque
397 3335 596 3410 quantaslibet
618 3335 828 3408 relinquentes,
841 3336 927 3407 juxta
979 3335 1074 3408 parari
1083 3352 1089 3402 ;
1107 3336 1178 3408 quin
1194 3335 1292 3408 potius
1305 3336 1328 3391 si
1345 3354 1402 3392 non
1414 3337 1528 3392 deesset
1543 3338 1725 3410 percussoris
1739 3339 1803 3412 gla-

103 3434 280 3506 precaptum
296 3423 604 3499 evangelicum,1]eum
629 3423 721 3480 secuti
736 3426 815 3490 sunt,
827 3423 863 3479 ad
880 3422 926 3478 di·
981 3424 1057 3492 dius,
1074 3424 1160 3480 multi
1176 3429 1310 3480 nostrum
1327 3442 1379 3498 pro
1395 3424 1502 3482 Christi
1514 3443 1612 3483 amore
1627 3426 1731 3500 perimi
1748 3445 1807 3484 non

102 3518 253 3595 ligandum
268 3516 360 3572 Deum
376 3513 527 3570 ardentius
553 3511 732 3584 compuncti,
745 3512 809 3586 ipso
833 3511 927 3584 iuspi·
981 3517 1176 3570 recusassent.
1193 3513 1215 3570 0
1231 3518 1302 3585 quot
1316 3513 1409 3570 millia
1429 3518 1590 3588 martyrum
1607 3514 1635 3569 in
1652 3514 1706 3570 hac
1721 3532 1809 3588 expe·

103 3605 391 3675 ranteanimeutur.
421 3600 541 3656 ttortuis
570 3599 716 3672 siquidem
743 3598 774 3655 in
803 3598 926 3656 Domino
981 3602 1092 3659 ditione
1106 3603 1190 3659 beata
1206 3607 1298 3658 morte
1314 3603 1465 3659 finieruntl
1482 3603 1537 3660 Sed
1564 3604 1631 3676 quis
1653 3604 1808 3661 tamsaaci

102 3694 187 3754 valdo
202 3692 332 3767 prodest,
347 3706 415 3746 eum
431 3688 539 3745 auditis
564 3687 702 3761 operibus
725 3704 827 3745 eorum
842 3686 928 3748 bonis
981 3697 1025 3749 eat
1040 3691 1146 3757 cardis,
1162 3690 1212 3763 qui
1228 3691 1289 3748 hec
1304 3691 1355 3748 Dei
1370 3693 1447 3748 iacta
1462 3693 1571 3756 audiet,
1583 3696 1612 3747 et
1626 3692 1743 3764 pietatis
1758 3711 1809 3749 su-

104 3789 133 3842 et
147 3780 268 3848 devotis,
285 3778 387 3835 fideles
401 3777 530 3833 animem
546 3793 647 3832 eorum
664 3776 785 3849 proinde
808 3776 927 3833 benedi·
982 3779 1082 3851 spiriis
1098 3779 1306 3844 commulnem
1317 3779 1420 3836 laudes
1435 3779 1485 3836 Dei
1502 3797 1559 3836 non
1575 3781 1809 3854 erumpatlQuis

105 3875 186 3939 cunt,
202 3875 232 3928 et
246 3869 445 3941 eleemosynas
460 3882 527 3921 eum
543 3865 735 3934 orationibus,
747 3870 806 3921 tam
819 3865 928 3938 cogniti
983 3872 1077 3940 potest
1093 3883 1150 3922 non
1160 3867 1260 3923 mirari
1272 3868 1484 3940 quomodonon
1495 3869 1618 3942 exiguus
1629 3869 1757 3942 populus
1767 3871 1810 3925 in-

104 3975 194 4036 quam
207 3957 311 4032 ignoti,
327 3971 379 4029 pro
395 3955 437 4011 eis
452 3953 622 4011 charitative
646 3953 830 4026 impendunt.
847 3954 928 4010 Unde
983 3961 1028 4012 ter
1042 3960 1084 4011 tot
1100 3955 1230 4012 hostium
1246 3961 1413 4012 nostrorum
1430 3974 1518 4031 regna
1532 3974 1589 4013 nou
1603 3959 1809 4029 resistere,sed

104 4047 286 4120 comparium
304 4060 436 4101 meorum
450 4043 645 4116 quorumdam
662 4042 859 4115 pulsantibus,
875 4043 928 4098 ali·
944 4078 965 4145 C
983 4045 1070 4100 ctiam
1085 4043 1179 4100 vivers
1195 4045 1387 4117 poteramus?
1401 4045 1472 4111 Quis
1487 4046 1598 4102 audivit
1616 4063 1749 4119 unquam
1769 4051 1811 4102 ta-

104 4135 219 4210 quoties
233 4136 343 4201 motus,
359 4133 537 4189 Francorum
552 4137 635 4205 geste
647 4132 678 4187 in
694 4131 812 4188 domino
827 4130 928 4188 claris·
983 4133 1045 4189 lia?
1060 4133 1133 4189 Hinc
1156 4133 1298 4206 AEgyptus
1322 4139 1350 4190 et
1373 4133 1533 4206 AEthiopia3
1550 4134 1617 4190 hinc
1647 4136 1755 4194 Arabia
1782 4140 1811 4192 et

103 4223 189 4290 sima,
204 4223 256 4298 qut
282 4221 333 4280 Dei
361 4220 544 4278 ordinatione
568 4237 635 4276 cum
659 4220 749 4277 armis
764 4220 927 4278 Jerusalem
983 4221 1127 4288 Chaldee,
1143 4227 1230 4294 etque
1245 4222 1342 4295 Syria;
1357 4221 1553 4295 hiueAssyria
1571 4228 1600 4279 et
1614 4223 1725 4292 Media;
1742 4224 1809 4281 hinc

87 4312 280 4389 peregrinati
295 4315 375 4379 suut,
388 4309 461 4384 stylo
476 4309 635 4376 rusticano,
651 4313 750 4366 tamen
763 4310 869 4376 veraci,
884 4310 929 4366 di·
983 4309 1100 4366 Parthia
1114 4315 1143 4365 et
1157 4310 1382 4382 Mesopotamia;
1398 4309 1466 4366 hine
1482 4311 1612 4368 Persidis
1626 4316 1656 4367 et
1679 4312 1809 4387 Scythia,

102 4418 194 4478 guum
210 4402 321 4457 ducens
331 4398 479 4456 memoria
489 4397 768 4465 commendandum,
780 4402 867 4470 prout
881 4415 929 4454 va·
982 4415 1063 4454 mars
1078 4398 1164 4454 etiam
1182 4415 1322 4472 magnum
1338 4398 1589 4455 aChrietianismo
1604 4417 1658 4457 nos
1673 4401 1808 4458 exclude·

102 4491 192 4561 lubet
204 4489 300 4548 oculis
314 4487 389 4545 mais
403 4487 433 4542 in
449 4485 513 4559 ipso
529 4486 632 4543 itinere
647 4484 791 4558 perspexi,
802 4485 927 4559 diligen·
982 4488 1043 4552 bat,
1059 4490 1088 4543 et
1103 4487 1178 4543 inter
1194 4504 1299 4544 manus
1314 4505 1368 4545 nos
1384 4487 1568 4556 laniantium,
1587 4489 1612 4544 si
1628 4490 1810 4562 permitteret

101 4583 147 4638 ter
160 4579 279 4653 digessi.
296 4578 376 4635 Licet
389 4579 498 4643 numm,
511 4591 564 4631 nec
578 4573 743 4632 israelitice
759 4573 861 4648 plebis,
875 4592 928 4632 noc
982 4576 1070 4647 Deus,
1084 4575 1285 4633 concludebat.
1299 4577 1362 4649 Ipse
1374 4581 1471 4633 autem
1488 4577 1517 4632 in
1532 4576 1652 4634 brachio
1673 4578 1740 4635 lorti
1756 4596 1809 4635 nos

103 4666 350 4734 Machabaorum,
366 4669 417 4722 aut
431 4665 555 4721 alionum
571 4662 699 4737 plurium
720 4664 925 4736 prerogativa,
982 4665 1029 4738 pie
1043 4665 1319 4738 protegebatsseata
1330 4666 1408 4722 enim
1424 4668 1595 4739 gens,cujus
1609 4671 1654 4723 est
1664 4667 1810 4724 Dominus

103 4773 180 4830 quos
194 4757 272 4814 Deua
286 4760 348 4813 tam
360 4753 470 4813 crebris
484 4751 687 4826 atmagnitlcis
698 4752 848 4808 miraculis
862 4750 929 4808 illu·
982 4754 1060 4810 Deus
1074 4754 1309 4826 ejustt’sol.xxu,
1323 4755 1605 4822 12).Modumautem
1616 4755 1811 4829 hujusoperis

104 4846 216 4913 meavit,
232 4845 287 4902 hoc
301 4860 376 4916 opus
386 4842 570 4916 prelibatum
594 4841 774 4913 equiparare
796 4856 854 4897 uon
875 4857 927 4897 au·
981 4845 1010 4898 et
1024 4843 1195 4915 incoeptum,
1207 4847 1235 4900 et
1251 4845 1397 4917 quomodo
1412 4844 1448 4899 ad
1465 4848 1580 4900 tantum
1595 4843 1650 4901 iter
1660 4845 1811 4917 agendum

104 4934 200 5003 deuna,
216 4938 315 4991 tamen
331 4932 410 4989 haud
439 4933 524 5003 longe
550 4931 586 4986 ab
610 4928 669 4985 illia
692 4929 782 5002 gestis
805 4930 927 4986 interius
982 4931 1079 4988 omnis
1096 4931 1222 5004 populus
1249 4931 1439 4989 occidentalis
1460 4949 1633 4999 concussus,
1649 4937 1678 4989 et
1697 4938 1813 4991 mentes

104 5023 292 5091 estimatum,
309 5021 380 5095 quia
406 5019 455 5076 Dei
483 5017 625 5076 miracula
647 5018 677 5074 in
703 5035 738 5074 eo
766 5023 928 5075 noscuntur
982 5024 1011 5075 et
1026 5036 1135 5076 manus
1150 5021 1179 5076 in
1195 5019 1224 5076 id
1241 5020 1402 5077 extenderit
1416 5021 1609 5094 voluntarius,
1620 5022 1709 5079 verba
1723 5021 1813 5081 histo.

105 5110 308 5185 multipliciter
321 5111 496 5184 perpetrata,
507 5106 626 5181 seriptis
644 5107 850 5165 commendare
875 5124 927 5164 cu·
982 5107 1053 5176 rica,
1069 5125 1134 5180 que
1149 5113 1315 5182 sequuntur
1330 5108 1531 5167 declarabunt.

850 5375 1062 5395 w
