3816 6006
157 215 216 285 863
413 217 466 282 ΑΙ)
489 216 746 289 oonasnroott
768 219 936 282 arenae.
958 217 997 280 ll.
1014 251 1051 264 -
1067 214 1223 282 MONUM.
1246 218 1298 281 DE
1319 217 1446 281 noste
1467 215 1606 282 SAGRO.
1780 217 1863 283 eet

157 360 273 414 meatus
289 354 483 422 arctissimus,
500 353 585 411 nobis
600 359 628 411 et
643 354 780 410 omnibus
796 353 863 410 illac
882 357 979 410 trans·
994 356 1020 423 Α
1035 358 1113 409 ctam
1123 357 1188 426 psst
1199 370 1252 409 nos
1263 351 1648 426 descenderant,etsagittas
1659 352 1861 426 multasjaeie

157 444 297 504 euntibus
313 444 431 517 penitus
446 444 638 511 inevitabilis;
654 460 742 516 quem
759 445 783 499 si
800 442 899 499 hostes
912 461 983 515 pre·
1036 444 1116 499 bant.
1135 442 1267 513 Undique
1289 443 1443 497 adversum
1468 458 1521 498 nos
1537 443 1736 511 vociferantes,
1751 447 1779 499 at
1794 449 1859 500 tan·

165 533 272 590 muniti
295 533 443 589 viantibus
466 533 620 606 prohibere
642 533 796 598 voluerint,
814 532 983 588 nullatenus
1037 548 1125 603 quarn
1141 548 1228 587 canes
1240 530 1284 587 vel
1301 529 1362 603 lupi
1374 529 1657 598 ululantes,etenses
1668 532 1862 589 suosvibran·

158 629 276 680 centum
286 621 376 678 millia
388 622 648 679 militumtransire
659 624 908 694 potuerunt,quin
919 639 983 678 cen·
1035 626 1089 688 tes,
1106 621 1346 676 conviciabantur
1362 620 1457 676 nobis.
1474 620 1529 676 Sed
1551 620 1620 693 quid
1647 622 1792 678 narrabo?
1806 623 1864 680 Nee

159 717 221 769 tum
239 717 290 785 aut
304 713 456 785 sexaginta
470 713 522 767 viri
539 713 643 767 armati
659 711 811 767 introitum
828 710 910 766 illum
927 711 985 768 vio·
1035 715 1098 766 erat
1110 711 1225 782 uspiam
1243 710 1325 765 locos
1341 710 1482 782 faganea
1499 710 1721 766 remanentibus
1737 728 1804 784 spes
1818 729 1864 768 sa·

157 801 252 858 lenter
266 806 367 858 contra
383 801 446 857 illos
462 803 611 857 obtineant
627 801 914 874 exspectantes.tdeo
927 801 981 855 ini·
1036 799 1177 855 lutisb'ec
1193 804 1307 872 saperet
1322 798 1526 867 Salomon,nec
1542 805 1640 872 posset
1652 800 1767 856 vincere
1783 802 1863 858 Sam-

155 891 224 947 mici
241 891 333 946 nestri
347 890 405 946 illie
417 890 545 963 undique
561 890 733 962 intercipere
748 890 917 946 stoecidere
929 907 982 946 nos
1036 905 1098 944 son.
1116 889 1173 944 Sed
1197 905 1309 961 magara
1335 889 1411 944 Deus
1436 888 1571 960 potentiae
1597 894 1684 961 atque
1699 889 1861 946 clementias

156 981 384 1037 arbitrabantur.
401 981 459 1036 Nos
475 986 572 1035 autem
588 978 657 1034 illuc
672 997 767 1051 usque
784 980 980 1052 pervenimus.
1035 977 1217 1050 prospiciens
1228 979 1263 1034 de
1275 977 1345 1033 eaelo
1358 978 1386 1032 in
1400 977 1718 1042 terram,humilitatem
1730 985 1860 1036 nestram

155 1071 286 1141 Cumque
298 1085 492 1140 praecursores
506 1069 597 1123 nostri
610 1068 747 1140 predicto
760 1067 867 1123 n‘reatui
880 1085 982 1140 appro-
1035 1071 1123 1139 atque
1138 1067 1315 1140 angustiam,
1329 1084 1382 1122 nec
1396 1083 1453 1122 non
1468 1067 1642 1140 perieulum,
1654 1069 1730 1140 quod
1748 1069 1860 1126 incide·

154 1157 360 1232 pinquassent,
370 1157 506 1212 viderunt
522 1156 689 1228 aliquantos
704 1157 740 1212 de
753 1157 856 1212 Turcis
868 1154 927 1211 illis
938 1173 981 1212 se·

153 1249 288 1322 gregatos
303 1246 428 1310 abolita,
443 1251 543 1300 amira
559 1246 794 1317 procedentes,et
811 1263 868 1300 non
885 1244 981 1317 explo-

152 1339 347 1403 rantes.Quos
362 1353 429 1391 cunr
445 1333 643 1407 speculatores
656 1335 746 1390 nostri
759 1335 980 1406 perspexissent

153 1426 210 1482 rati
226 1428 295 1482 sunt
311 1425 453 1495 majorem
468 1428 584 1496 gentem
602 1428 668 1496 post
679 1422 745 1479 illos
758 1423 923 1480 insidiando
937 1424 980 1480 la-

153 1518 223 1572 tere.
232 1514 313 1582 Quod
325 1514 402 1569 sicut
412 1512 546 1567 viderant
555 1513 663 1583 domno
675 1511 816 1568 Balduine
824 1530 875 1584 per
886 1530 978 1568 unum

153 1620 254 1661 eorum
280 1603 380 1659 statim
405 1602 608 1657 innotuerant.
626 1604 687 1667 Quo
712 1601 824 1671 audito,
841 1601 977 1657 militiam

1036 1172 1138 1211 ramus
1153 1162 1271 1230 propter
1285 1173 1414 1212 amorem
1425 1157 1490 1228 ejus
1501 1160 1588 1228 atque
1599 1157 1861 1225 servitium,motus

1036 1244 1152 1317 pietate,
1169 1262 1227 1317 qua
1255 1245 1309 1299 rite
1332 1261 1448 1318 semper
1468 1262 1595 1317 praesens
1624 1245 1686 1302 suis
1714 1247 1859 1315 subvenit,
1900 1305 1902 1308 a

1035 1338 1122 1390 tante
1134 1333 1286 1406 probitatis
1295 1334 1449 1389 audaciam
1459 1334 1718 1392 militibusnostris
1726 1336 1862 1408 prestitit

1034 1428 1067 1479 ut
1082 1441 1201 1479 recursu
1215 1422 1365 1496 repentino
1380 1423 1515 1495 fugarent
1527 1440 1576 1479 eos
1587 1423 1860 1496 fugientesutnun·

1033 1531 1123 1586 quam
1140 1513 1272 1568 animum
1289 1512 1463 1568 defendendi
1479 1530 1510 1568 se
1525 1512 1674 1569 haberent.
1687 1513 1744 1570 Sed
1760 1513 1808 1570 alii
1824 1517 1860 1571 de

1033 1603 1157 1674 rupibus
1174 1602 1329 1674 praeruptis
1344 1600 1430 1657 eclsis
1454 1601 1483 1656 in
1506 1618 1633 1674 preceps
1657 1619 1689 1659 se
1704 1603 1857 1671 dederunt,

153 1710 237 1752 suam
254 1709 305 1765 per
318 1691 395 1747 acies
410 1691 535 1746 divisam
547 1695 823 1763 competentertunc
835 1691 979 1747 ordinavit
1032 1691 1082 1747 alii
1099 1707 1164 1747 vero
1179 1690 1257 1746 haud
1273 1690 1349 1746 lente
1365 1691 1400 1745 ad
1412 1689 1509 1746 locum
1525 1691 1694 1748 salvationis
1709 1692 1856 1766 fugerunt,

115 1851 118 1857 ,
153 1783 190 1839 ad
205 1781 451 1855 praeliandumAEIt
462 1779 554 1853 signis
565 1778 677 1847 levatis,
688 1779 827 1852 paulatim
839 1781 978 1837 adversus
1032 1780 1080 1837 alii
1097 1785 1194 1836 autem
1210 1779 1359 1836 consecuti
1375 1777 1482 1852 gladiis
1497 1780 1663 1853 interempti
1679 1787 1758 1837 sont.
1776 1784 1858 1838 Tunc

153 1889 203 1929 eos
219 1869 363 1945 progressi
377 1886 491 1948 samue.
504 1869 558 1936 Qui
573 1886 639 1925 cum
656 1869 765 1926 bellum
781 1871 978 1943 moxforepu·
1031 1868 1162 1927 videritis
1178 1886 1264 1925 naves
1279 1885 1380 1924 eorum
1404 1867 1554 1924 celerrime
1578 1875 1697 1942 propter
1719 1872 1856 1928 timorem

152 1966 292 2029 taremus,
310 1960 447 2017 cordibus
472 1959 639 2031 compuncti
664 1960 757 2031 puris,
773 1958 916 2015 auxilium
928 1961 977 2015 de-

153 2048 522 2121 eoeloaliereprecabemur
533 2048 569 2103 ad
582 2048 817 2104 eosaccedeutes.
834 2049 977 2105 Continuo
1004 2079 1015 2091 ·

153 2141 250 2193 autem
266 2136 361 2208 primo
377 2152 469 2191 cuneo
484 2139 584 2191 nostro
606 2135 756 2208 congressi
781 2140 851 2191 snat
873 2136 925 2204 illi,
942 2138 977 2193 de

153 2225 262 2298 quibus
279 2223 421 2296 aliquanti
438 2223 592 2279 confestim
603 2225 691 2280 occisi
707 2229 795 2293 suut;
812 2226 848 2281 de
868 2226 976 2282 nostris

153 2330 220 2371 vero
235 2316 361 2386 quatuor
377 2311 485 2368 milites
495 2313 585 2367 vitam
597 2313 769 2369 amiserunt.
778 2316 909 2385 Cumque
920 2332 978 2370 cer·

152 2407 251 2459 tamen
267 2401 339 2457 illud
357 2400 493 2473 utrinque
509 2400 701 2467 dimisissent,
718 2407 836 2475 sumpto
856 2403 976 2460 consilio

149 2492 269 2565 jussum
285 2495 313 2546 et
328 2495 423 2546 castra
439 2492 538 2545 nostra
553 2490 705 2562 deponi,et
717 2492 751 2546 ad
767 2491 975 2564 hospitandum

153 2579 268 2638 extendi
286 2580 334 2634 ubi
349 2579 430 2651 prius
445 2595 681 2648 accesseramus;
698 2580 832 2638 hostibus
849 2598 885 2637 ne
899 2584 978 2638 vide·

152 2687 252 2727 remur
262 2669 346 2741 quasi
358 2668 497 2736 timidi,si
512 2668 610 2724 locum
622 2685 673 2725 ceu
690 2670 783 2743 refugi
800 2669 976 2744 relinquere-

152 2777 230 2816 mus.
247 2760 304 2816 Sed
320 2758 401 2815 aliud
417 2759 656 2823 monstravimus,
666 2759 746 2815 aliud
761 2777 827 2816 vcro
841 2761 975 2834 cogitavi·

152 2866 230 2906 mus.
245 2849 406 2905 Audaciam
422 2847 571 2904 finximus
588 2849 638 2904 sed
655 2853 778 2904 mortem
803 2850 973 2906 metuimus.

151 2938 274 2995 Difficile
289 2954 431 3005 remeare,
445 2938 495 2993 sed
512 2936 664 2993 difficilius
676 2943 742 2993 ante
759 2938 810 2994 ire.
826 2941 850 2993 Α
866 2938 975 2995 nostris

150 3028 286 3085 hostibus
307 3027 437 3098 undique
461 3027 680 3083 obsidebamur.
704 3026 777 3082 Hinc
806 3026 855 3083 isti
884 3028 974 3083 mari-

1032 1960 1132 2033 fugere
1148 1976 1199 2030 per
1215 1957 1392 2029 mare,quasi
1408 1974 1562 2029 possemus
1578 1975 1627 2014 css
1647 1960 1787 2018 manibus
1809 1978 1855 2017 ca·

1031 2048 1165 2120 perePer
1180 2053 1295 2102 mentes
1305 2047 1383 2102 enim
1399 2051 1427 2102 et
1442 2046 1530 2103 colles
1545 2046 1601 2103 cito
1610 2049 1682 2120 pede
1693 2049 1855 2124 fugiebant.
1881 2037 1885 2040 Α

1032 2138 1131 2209 ltaque
1147 2137 1182 2192 de
1198 2141 1278 2192 tanto
1294 2136 1422 2208 tropheo
1437 2134 1606 2208 gloriantes,
1623 2138 1659 2192 ad
1679 2138 1854 2208 clientelam,

1031 2241 1095 2297 que
1106 2225 1222 2282 interim
1234 2224 1434 2298 quadrupedia
1442 2229 1561 2281 onerata
1571 2226 1599 2280 in
1608 2226 1655 2281 via
1663 2228 1855 2295 custodiebat,

1031 2315 1188 2371 letabundi
1204 2313 1327 2388 regressi
1344 2331 1459 2370 sumus.
1477 2315 1591 2370 Laudes
1606 2315 1698 2388 igitur
1712 2317 1771 2373 Deo
1788 2323 1856 2374 tune

1031 2403 1216 2478 gratissimas
1232 2401 1474 2475 exsolvimus,qui
1486 2404 1515 2458 in
1527 2408 1647 2460 tantast
1657 2404 1854 2463 inestimabili

1030 2494 1206 2550 necessitate
1221 2493 1338 2564 adjutor
1353 2491 1465 2549 exstitit
1476 2492 1692 2567 magnificus0
1704 2513 1793 2569 quam
1810 2498 1856 2552 ad·

1030 2582 1177 2639 mirabilia
1192 2582 1242 2637 Dei
1255 2583 1346 2637 facta!
1359 2599 1375 2637 o
1387 2598 1475 2654 quam
1487 2599 1628 2655 maguum
1640 2583 1817 2641 miraculum
1828 2590 1856 2642 et

1030 2671 1177 2728 memoria
1186 2671 1588 2744 dignitercemmendandum
1599 2671 1605 2727 1
1615 2672 1690 2729 Victi
1702 2690 1820 2731 eramus
1828 2680 1856 2730 et

1028 2761 1096 2817 victi
1111 2760 1235 2816 vicimus
1248 2779 1255 2828 ;
1268 2761 1318 2816 sed
1334 2777 1386 2816 nos
1402 2777 1459 2816 non
1469 2760 1855 2837 vicimus.Quomodeigitur

1029 2848 1852 2923 nonvicimuslvmitenimillequiselusomnipotenscst

1027 2943 1144 2996 Creator
1157 2939 1442 3006 omnium,creaturaa
1453 2957 1512 2994 sure
1523 2938 1568 3011 pie
1581 2939 1851 3009 subveniens.0uod

1028 3029 1051 3086 si
1064 3030 1141 3085 Deus
1153 3045 1203 3100 pro
1215 3027 1379 3101 nobis,quis
1390 3032 1490 3084 contra
1502 3044 1554 3084 nos
1564 3029 1658 3085 ‘lvere
1666 3046 1718 3102 pro
1729 3031 1813 3087 nobis
1823 3037 1852 3087 et

151 3118 198 3174 nis
213 3116 438 3184 lintribus‚hinc
453 3115 494 3171 illi
510 3133 528 3172 a
542 3117 628 3173 celsis
644 3117 794 3172 mentibus
810 3103 1009 3173 indemnes-C
1028 3118 1183 3175 nobiscnm
1199 3116 1264 3183 fuit,
1279 3115 1429 3189 complens
1445 3117 1474 3172 iu
1492 3117 1576 3173 nobis
1591 3119 1669 3189 quod
1685 3118 1852 3176 israeliticis

149 3210 195 3264 ter
208 3224 263 3263 nos
277 3205 489 3281 urgebant.Die
501 3204 550 3261 ille
563 3204 635 3261 nihil
651 3205 731 3271 boni,
740 3205 811 3260 nihil
823 3207 912 3278 quieti
924 3207 974 3263 ha·

150 3296 280 3362 buimus,
297 3313 350 3351 nec
365 3296 502 3367 jumenta
524 3298 634 3360 nostra,
652 3295 786 3367 quamvis
811 3295 970 3364 sitibunda,

150 3386 296 3458 adaquata
311 3389 389 3440 sunt.
407 3384 464 3457 ligo
480 3383 597 3456 quidem
614 3383 657 3439 vel
673 3383 799 3450 Corneli,
815 3383 859 3440 vel
879 3387 971 3440 Aure·

149 3473 359 3530 lianismallem
368 3490 442 3541 esse,
451 3472 499 3528 alii
511 3489 638 3544 qnoque.
648 3472 973 3545 Noeteipsatotaextra-

148 3563 310 3637 papiliones
336 3567 451 3619 nestros
477 3561 629 3634 pervigiles
646 3560 972 3634 languimus.Dilnenlo

148 3657 246 3708 autem
261 3667 377 3707 summo
393 3650 464 3705 dum
480 3666 585 3706 aurora
601 3649 684 3706 terris
696 3650 816 3706 umbras
827 3650 972 3708 dimovere

75 3737 78 3740 ’
148 3741 293 3814 caepisset,
310 3743 428 3812 sumpto
445 3739 621 3795 adinvicem
641 3739 773 3806 oonsilio,
790 3739 834 3795 vel
862 3740 973 3796 vivero-

1027 3225 1078 3283 par
1093 3206 1264 3280 prophetam
1280 3207 1354 3262 dixit
1370 3222 1376 3260 :
1394 3206 1424 3261 Si
1440 3210 1584 3279 praecepta
1596 3223 1661 3263 mea
1670 3209 1852 3266 servaveritis

1027 3297 1082 3353 hoc
1097 3297 1173 3352 dono
1189 3312 1239 3352 vos
1255 3295 1365 3361 ditabo,
1381 3299 1414 3350 at
1441 3301 1655 3368 persequantur
1677 3299 1798 3370 quiaque
1820 3299 1852 3355 de

1026 3387 1100 3442 vobis
1114 3393 1223 3441 reatem
1237 3386 1379 3450 attondeat
1393 3393 1501 3440 centum
1514 3401 1549 3440 ee
1565 3386 1638 3442 uotis
1656 3387 1746 3442 decem
1760 3389 1852 3443 mittio

1027 3477 1099 3545 (terr.
1116 3492 1173 3540 xvr,
1189 3476 1226 3542 8).
1243 3474 1279 3529 Et
1293 3473 1363 3545 quia
1377 3473 1407 3528 in
1423 3474 1473 3529 Dei
1486 3474 1603 3530 servitio
1614 3474 1743 3531 laborem
1756 3476 1852 3532 multi·

1027 3564 1147 3619 modum
1163 3563 1210 3619 die
1226 3579 1258 3618 ae
1282 3567 1365 3618 nocte
1381 3562 1589 3631 tolerabamus,
1606 3568 1635 3619 et
1653 3563 1683 3619 in
1698 3563 1779 3621 nullo
1795 3565 1850 3621 alio

1026 3652 1429 3725 confidebamus,superbiam
1438 3669 1539 3708 eorum
1550 3653 1704 3725 magnifice
1715 3655 1850 3710 cassavit.

1027 3741 1062 3796 Et
1076 3740 1146 3813 quia
1160 3742 1260 3796 devote
1276 3745 1305 3795 et
1319 3741 1349 3796 in
1364 3741 1503 3797 tribulato
1518 3742 1604 3798 corde
1624 3741 1744 3798 Domino
1759 3743 1851 3798 famu·

149 3846 225 3898 mus,
236 3828 280 3885 vel
297 3845 492 3897 moreremur;
506 3828 640 3884 tentoriis
651 3828 909 3902 collectisregredi
921 3847 973 3902 per
1025 3829 1170 3899 labamur,
1187 3827 1382 3885 humilitatem
1399 3835 1529 3886 nostram
1551 3831 1685 3903 respexit.
1702 3833 1785 3888 Tunc
1801 3850 1851 3887 au·

147 3918 224 3976 viam
240 3936 329 3991 quam
344 3919 488 3974 iveramus
504 3917 657 3991 elegimus,
662 3917 807 3989 jumentis
818 3919 926 3975 nostris
936 3920 971 3975 de
1025 3922 1084 3974 tem
1101 3917 1289 3974 tabernacula
1313 3924 1413 3974 nostra
1428 3918 1576 3991 displicari
1596 3924 1625 3974 et
1639 3921 1754 3976 extendi
1767 3922 1852 3992 jassa

148 4009 236 4064 rebus
246 4007 362 4063 onustis
380 4006 588 4080 preeuntibus,
603 4005 815 4080 clientibusque
832 4007 971 4064 minanti·
1025 4007 1164 4063 sunt.Ubi
1181 4013 1247 4063 ante
1262 4009 1403 4063 domnum
1420 4006 1597 4063 Balduinum
1608 4007 1803 4081 plures'l'uroi
1816 4010 1852 4065 lo·

148 4097 214 4154 hus.
229 4095 336 4152 Milites
356 4095 435 4152 enim
451 4095 664 4167 subsequentes
675 4095 869 4152 defendebant
879 4096 939 4153 haec
954 4114 972 4151 a
1025 4095 1156 4168 cupletes
1170 4096 1227 4151 vivi
1242 4095 1318 4169 capti
1334 4096 1451 4153 abducti
1468 4102 1616 4163 sunt,eum
1630 4097 1733 4170 spoliis
1743 4099 1851 4155 occiso·

148 4183 973 4243 Sarracenisirruentibus.Narncumillinefandividerent
1025 4188 1134 4255 rum,et
1149 4185 1240 4241 armis
1255 4185 1391 4242 similiter
1406 4184 1512 4242 allatis.
1529 4186 1626 4257 Eques
1640 4203 1706 4241 cum
1729 4187 1811 4244 sellis
1825 4193 1852 4244 et

147 4293 201 4333 nos
227 4276 269 4331 ita
288 4291 404 4331 summo
421 4290 507 4329 mane
522 4273 635 4338 reverti,
652 4273 795 4330 coelestin
811 4274 970 4330 descende·
1025 4274 1134 4348 lupatis
1152 4274 1262 4330 auratis
1277 4274 1538 4332 habuimus.Nocte
1549 4280 1646 4331 antem
1657 4275 1708 4331 illa
1718 4277 1851 4348 sequenti

146 4369 216 4421 runt
231 4364 268 4420 ad
284 4363 520 4437 persequendum
536 4379 590 4418 nos
603 4367 744 4435 tanquam
762 4362 970 4435 fugitivosltlii
1028 4367 1184 4431 transacta,
1198 4380 1294 4428 mane,
1311 4368 1399 4436 prout
1413 4364 1539 4419 astutius
1554 4364 1722 4421 consultum
1738 4370 1793 4434 est,
1812 4383 1852 4422 re·

147 4469 199 4527 per
214 4470 294 4509 mare
310 4470 377 4509 cum
392 4452 511 4520 carinis,
528 4451 579 4506 alii
593 4468 660 4507 vcro
677 4456 742 4523 post
758 4468 811 4507 nos
828 4452 970 4523 perviam
986 4469 1010 4534 p
1026 4458 1070 4508 tro
1096 4452 1273 4509 secessimus
1296 4455 1423 4524 quatuor
1438 4451 1565 4508 millium
1580 4452 1693 4510 itinere.
1710 4453 1765 4510 Ubi
1786 4472 1853 4512 cam

147 4560 205 4617 qua
221 4542 348 4610 ibamus,
366 4541 415 4597 alii
431 4558 483 4614 per
497 4545 611 4597 montes
627 4544 655 4595 et
670 4538 758 4596 colles
779 4548 838 4595 tam
858 4541 971 4612 equites

147 4641 236 4704 quam
252 4631 365 4705 pedites
381 4647 432 4703 per
446 4630 633 4703 angiportum
650 4628 726 4684 siout
749 4645 816 4684 oves
839 4629 875 4683 ad
898 4628 972 4685 evile

146 4725 213 4778 ante
227 4738 259 4777 se
274 4737 328 4777 nos
343 4720 507 4790 minabant,
524 4723 557 4774 ut
571 4717 705 4774 exclusos
721 4734 738 4772 a
753 4716 873 4789 planitie
899 4735 970 4790 qua-

147 4809 227 4878 dam,
244 4827 307 4882 quae
332 4809 373 4864 ibi
397 4814 441 4865 est
466 4809 495 4863 in
510 4808 587 4864 exitu
605 4804 817 4880 angustissimo
835 4806 911 4862 inter
925 4825 972 4863 sa·

38 4946 43 4952 .
146 4899 208 4955 lum
224 4905 252 4955 et
267 4903 407 4966 montem,
423 4898 459 4954 ad
476 4896 703 4953 interimendum
720 4912 773 4952 nos
790 4895 971 4952 facileinter-

145 4988 285 5061 ciperent.
293 4988 348 5043 Sed
366 5003 424 5042 non
440 4985 515 5041 sicut
531 4985 670 5041 rebantur
684 4984 972 5058 contigitVirienim

146 5076 237 5133 nostri
256 5078 423 5131 statuerunt
437 5073 512 5130 inter
526 5091 568 5142 se,
584 5072 712 5129 dicentes
722 5090 728 5128 :
738 5096 752 5124 a
762 5073 791 5128 Si
809 5073 839 5127 in
851 5072 974 5146 planitie

145 5164 196 5221 illa
211 5162 312 5237 patula
328 5180 381 5219 nos
397 5166 605 5235 persequentes
620 5162 783 5236 poterimus
797 5161 973 5236 intercipere

141 5253 224 5321 illos,
241 5252 363 5308 forsitan
378 5252 435 5308 Deo
447 5253 569 5324 juvante
584 5256 685 5309 contra
700 5251 765 5307 illos
781 5256 970 5317 revertentes,

147 5347 176 5399 ct
191 5341 264 5397 bene
280 5347 454 5414 pugnantes,
462 5358 600 5398 eruemur
614 5341 650 5396 ab
666 5339 736 5396 illis.
754 5364 767 5390 r
783 5341 912 5413 Jamjam
923 5360 973 5398 au·

147 5434 206 5487 tem
222 5447 238 5486 e
250 5430 373 5487 navibus
382 5431 632 5502 exsiliebantjam
643 5430 670 5484 vi
681 5434 781 5502 captos
793 5447 973 5504 propensare

147 5524 302 5601 pergentes
312 5520 495 5581 decollabant
506 5537 513 5590 3
521 5520 645 5592 jamque
659 5518 689 5575 in
704 5518 857 5592 planitiem
870 5521 974 5595 proedi·

1026 4541 1326 4614 rapinam'praefatam
1340 4542 1477 4615 princeps
1492 4547 1591 4598 noster
1606 4542 1763 4610 divisisset,
1772 4551 1854 4601 noete

1026 4630 1249 4703 superveniente
1273 4630 1303 4685 in
1328 4630 1447 4687 castello
1463 4631 1591 4703 quodam
1607 4631 1783 4705 depopulate
1799 4634 1854 4689 sub

1026 4718 1109 4776 olivis
1125 4719 1154 4774 in
1169 4718 1304 4793 virgultis
1319 4720 1495 4791 quievimus.
1512 4721 1634 4776 Summo
1653 4725 1753 4777 autem
1768 4739 1855 4778 mane

1026 4806 1190 4866 Balduinus
1204 4808 1275 4865 item
1297 4809 1473 4882 probitatem
1493 4826 1578 4865 suam
1602 4808 1718 4866 solitam
1743 4811 1854 4884 ample·

1027 4901 1118 4965 ctens,
1127 4896 1255 4970 sumptis
1270 4898 1306 4953 de
1317 4897 1461 4955 militibus
1472 4898 1534 4954 suis
1544 4897 1702 4971 aliquantis
1712 4916 1808 4972 usque
1819 4900 1855 4956 ad

1028 4986 1180 5060 angustias
1205 4991 1320 5043 meatus
1338 4987 1487 5059 jamdicti
1503 4987 1652 5060 equitavit,
1670 4992 1855 5046 scrutaturus

1028 5076 1053 5131 si
1069 5075 1165 5131 adhuc
1189 5075 1262 5130 inibi
1287 5075 1438 5132 Sarraceni
1457 5081 1565 5144 essent,
1583 5077 1634 5149 qui
1662 5078 1747 5134 nobis
1777 5079 1854 5135 viam

1028 5165 1397 5237 antevctuerantduicum
1405 5164 1520 5221 nullum
1531 5166 1853 5240 invenisset,queniam,

1027 5254 1132 5311 audita
1142 5254 1323 5327 dispersione
1334 5255 1420 5323 facta,
1435 5271 1538 5312 omnes
1549 5256 1736 5330 aufugerant,
1753 5257 1855 5314 laudes

1027 5343 1107 5401 dedit
1122 5343 1189 5413 Deo,
1206 5349 1235 5400 et
1258 5344 1360 5400 statim
1375 5345 1405 5401 in
1421 5345 1574 5401 cacumine
1589 5346 1721 5418 ejusdem
1746 5346 1855 5403 montis

1028 5432 1144 5490 ascendi
1156 5449 1208 5505 pro
1223 5433 1306 5506 signe
1321 5432 1419 5508 ignem
1434 5433 1548 5505 feeit,ut
1562 5435 1612 5508 qui
1629 5435 1660 5490 in
1680 5435 1786 5492 castris
1803 5452 1855 5492 no·

1028 5521 1097 5579 stris
1112 5538 1359 5592 remanseramus,
1373 5523 1435 5581 viso
1446 5523 1527 5582 fumo
1541 5522 1591 5582 illo
1606 5523 1773 5598 promptius
1788 5524 1855 5583 illos
