3816 6006
49 341 129 405 {601
627 335 907 403 Remitte-1.
931 338 984 401 DE
1005 338 1178 403 sanctis.
1678 342 1756 406 taos

51 472 238 541 noceant,i·el
252 472 350 546 palam
366 472 629 548 persequendo,ch
644 472 768 529 latenter
780 477 877 529 contn-
891 475 1017 545 Arvaque
1040 475 1089 529 sub
1112 474 1202 529 recoctio
1222 474 1270 531 sed
1291 490 1374 546 super
1387 474 1592 542 candelabrum,
1608 486 1638 534 ut
1653 481 1702 551 qui
1716 481 1758 535 ia·

50 565 101 638 gia
117 581 172 621 sua
186 562 271 619 nobis
288 561 459 620 illiniendol
477 561 688 618 Duodecimum
704 561 878 618 heneficium
932 562 1095 634 qrediuatur
1110 563 1202 618 tumere
1213 562 1324 618 videant
1338 563 1472 632 (Luam),
1488 568 1543 622 etc.
1561 565 1756 640 Metaphorice

51 658 107 722 est,
125 652 204 725 quod
220 651 268 708 Dei
285 650 431 724 sapientia
445 651 511 717 fuit,
522 649 702 723 cumlascph
718 652 749 706 iu
762 652 878 722 ferveam,
933 650 980 707 hic
996 651 1138 707 Dominus
1152 650 1292 723 loquitur,
1309 651 1413 708 fraires
1428 652 1604 712 charissimi.
1615 659 1682 723 Qua
1698 675 1757 714 me·

51 741 144 799 idest
164 742 195 796 in
220 756 365 797 carcerem
391 739 560 807 Pharaonis,
578 740 629 796 sed
655 757 711 796 uua
734 740 881 813 dereliquit
932 740 1056 812 taphora
1089 740 1232 797 trifariam
1268 743 1363 812 potest
1400 741 1594 815 interpretari.
1625 746 1763 805 Lucerna,

50 848 116 888 eam
132 833 161 887 ia
176 830 305 886 roncalia.
323 827 415 886 lstum
427 845 543 902 quoque
559 828 719 902 gloriosum
735 830 880 886 confesso·
934 829 1042 901 quippe
1058 828 1307 896 universalis,atia
1317 829 1753 907 particularis,aliasingularis.

51 920 164 989 rem,in
181 935 295 976 carcere
309 917 719 993 tribulationispositum,Dei
735 917 879 991 sapientia
933 921 1022 974 Porro
1037 917 1156 975 lucerna
1179 916 1352 975 universalis
1366 921 1411 975 est
1423 918 1466 975 sol
1477 919 1599 991 justitiae
1614 922 1756 982 Dominus

51 1027 112 1066 non
134 1009 270 1077 deservit,
287 1009 338 1066 sed
360 1026 377 1065 a
398 1006 523 1065 vinculis
542 1007 727 1075 insidiarum,
742 1008 787 1064 vel
803 1011 880 1064 certe
934 1010 1033 1062 noster
1046 1007 1133 1063 lesus
1148 1006 1293 1075 Christus,
1303 1007 1364 1079 qui,
1374 1011 1406 1063 ut
1420 1007 1462 1063 nit
1473 1008 1602 1067 loannes
1617 1034 1632 1062 «
1648 1016 1693 1070 est
1707 1013 1758 1072 lux

51 1102 250 1172 peccatorum,
262 1098 369 1170 quibus
384 1097 471 1154 etiam
485 1097 580 1154 sancti
595 1095 753 1169 aliquando
769 1096 879 1153 detenti
932 1112 1000 1151 vera
1015 1112 1078 1167 qua
1091 1094 1240 1152 illuminat
1254 1112 1371 1152 omnem
1386 1096 1536 1154 hominem
1550 1099 1714 1159 venientem
1725 1103 1757 1161 ia

51 1188 181 1254 fuerunt,
198 1204 266 1244 eum
290 1187 432 1243 liberavit.
449 1186 578 1254 Utinam,
594 1186 698 1243 fratres
723 1186 791 1253 mei,
815 1187 879 1258 ejus
933 1185 1011 1241 hunc
1027 1185 1171 1240 mundum
1187 1185 1405 1258 (loca.1).»llic,
1420 1185 1595 1259 inquantum
1611 1194 1656 1248 est
1668 1192 1756 1261 Deus,

52 1274 880 1349 sanctisintcrcessionihusdigneturDominusnosacar
933 1278 961 1330 et
976 1291 1035 1331 una
1050 1273 1100 1330 lun
1114 1279 1302 1331 anternacum
1328 1274 1422 1331 Patre.
1439 1275 1616 1350 loquantum
1631 1297 1697 1338 vero
1713 1286 1758 1339 est

52 1382 119 1422 cere
142 1365 225 1420 maln
254 1363 477 1421 consuetudinis
492 1369 551 1420 eta
570 1362 695 1420 vinculis
711 1368 878 1420 nostrarum
933 1364 1031 1432 homo,
1048 1369 1093 1420 est
1120 1363 1240 1420 lucerna
1268 1380 1400 1431 accensa,
1416 1364 1535 1423 flamma
1550 1367 1710 1426 divinitalis
1726 1371 1756 1427 in

53 1453 246 1527 iniquitatum
268 1457 401 1527 patenter
424 1453 565 1510 liberaret
584 1453 715 1510 Tertium
731 1453 879 1509 decimum
932 1457 1009 1509 testa
1024 1451 1227 1510 humanitatis.
1247 1453 1336 1508 Porro
1352 1452 1471 1510 lucerna
1487 1456 1543 1512 tria
1556 1456 1634 1514 facit.
1651 1458 1758 1516 Oculos

53 1543 231 1599 beneficium
246 1548 299 1610 est,
310 1543 387 1616 quod
403 1542 501 1599 divina
516 1542 660 1616 sapientia
676 1542 757 1598 dedit
770 1541 878 1615 loseph
934 1541 1027 1615 pulsis
1042 1541 1170 1598 tenebris
1181 1540 1422 1612 illuminat,viam
1434 1542 1703 1616 demonstrat,nulli
1714 1564 1756 1616 se,

51 1640 188 1705 sceptrum
202 1633 291 1702 reqar',
308 1631 425 1704 quando
441 1632 526 1705 quasi
541 1631 689 1688 secundus
708 1647 758 1688 rex
773 1649 790 1687 a
804 1631 879 1687 Pba-
933 1631 991 1687 nisi
1006 1631 1200 1700 subtrahenti,
1216 1635 1314 1704 negat,
1332 1654 1346 1682 «
1361 1648 1451 1704 prcpe
1465 1636 1510 1690 est
1524 1635 1602 1691 enim
1618 1638 1757 1696 omnihus

54 1739 144 1779 raone
157 1722 187 1778 in
209 1723 329 1795 AEgypto
347 1727 392 1777 cst
406 1721 593 1778 sublimatus.
611 1722 661 1777 Isti
678 1737 796 1794 quaque
811 1738 878 1777 san·
933 1719 1137 1777 invocantibus
1161 1736 1228 1776 eum
1243 1719 1274 1776 in
1289 1721 1408 1778 veritate
1424 1723 1509 1795 (Prot.
1525 1728 1628 1792 cxciv).
1642 1748 1656 1777 »ι
1673 1726 1756 1783 Chri·

53 1817 101 1868 cto
120 1810 291 1877 confessori,
307 1809 451 1883 sapientia
477 1811 526 1867 Dei
555 1810 634 1867 dedit
662 1810 772 1884 regiam
801 1815 879 1883 pote·
933 1813 997 1866 stus
1013 1807 1761 1885 quoqueacnlosrationispulsispeccatnrumtene.

54 1905 173 1969 statem,
188 1917 246 1973 qua
270 1899 404 1957 videlicet
425 1916 457 1956 se
476 1917 604 1972 suosque
629 1900 753 1956 fideliter
767 1904 796 1956 ει
810 1917 879 1972 pru·
935 1898 995 1955 bris
1010 1896 1167 1967 illuminat,
1183 1897 1259 1955 viam
1280 1897 1344 1955 vita
1368 1899 1501 1974 exemplo
1517 1906 1545 1958 et
1560 1903 1693 1961 doctrina
1707 1906 1772 1962 de·.

54 1991 158 2046 denter
186 1988 270 2057 rexit,
294 1989 377 2062 virga
400 1989 534 2061 justitia,
557 1988 718 2061 nequitiam
741 1988 879 2044 vitiorum
935 1986 1169 2056 monstrat,nulli
1185 1987 1309 2060 gratiam
1327 2005 1421 2058 suam,
1436 1989 1493 2048 nisi
1507 1991 1758 2062 subtrahentine·

54 2079 229 2144 cohibendo,
263 2078 485 2150 bonitatemque
524 2094 640 2134 morum
676 2082 704 2134 ct
739 2078 879 2133 virtutum
934 2080 993 2150 gat,
1014 2075 1268 2150 «prepeestenim
1279 2076 1417 2133 omnihus
1428 2078 1631 2139 invocantibus
1643 2099 1710 2140 eum
1726 2083 1757 2140 in

54 2168 207 2225 imitando.
232 2170 325 2234 Quam
354 2167 464 2241 regiam
492 2171 664 2240 potestatem
693 2167 807 2223 utinam
832 2183 881 2222 no·
934 2166 1080 2222 veritate.»
1095 2165 1217 2221 Undeet
1230 2164 1336 2222 Paulus
1351 2182 1405 2222 nos
1420 2172 1589 2227 monetans
1604 2171 1758 2244 quisdesit

55 2256 102 2314 bis
130 2256 270 2312 concedat
298 2256 451 2322 Dominus,
479 2260 625 2329 quatenus
654 2273 707 2312 nas
736 2261 765 2311 et
795 2256 881 2312 nohis
935 2255 1034 2328 gratia
1057 2255 1107 2310 Dei
1129 2256 1301 2326 (Hebaxu).
1318 2278 1333 2305 »
1357 2256 1445 2322 Quasi
1465 2258 1756 2331 dicat:GrntiaDei,

56 2345 190 2402 subditos
209 2362 307 2419 regere
333 2346 483 2402 valeamus
498 2349 526 2401 ot
541 2344 723 2419 gubernaret
740 2347 880 2411 Quartum
935 2349 1078 2416 quantum
1095 2344 1124 2400 in
1140 2345 1204 2416 ipsa
1220 2348 1273 2411 est,
1291 2335 1364 2401 nulli
1388 2347 1480 2418 deest,
1506 2347 1563 2405 nisi
1586 2352 1702 2407 tantum
1730 2351 1757 2408 ei

56 2434 205 2492 decimum
221 2434 396 2490 beneficium
411 2439 466 2502 est,
484 2434 562 2507 quod
575 2433 626 2489 Dei
642 2434 785 2506 sapientia
801 2434 882 2490 dedit
936 2432 985 2505 qui
1002 2432 1043 2489 illi
1059 2450 1090 2489 se
1106 2434 1306 2490 subtrahendo
1334 2433 1424 2492 deest.
1441 2436 1518 2493 Deus
1546 2437 1636 2513 igitur
1663 2439 1758 2498 lucer·

57 2523 167 2595 loseph
201 2530 357 2595 potestatem
392 2524 520 2580 adversm
554 2539 597 2579 eos
629 2526 678 2597 qui
703 2539 767 2580 cum
793 2523 883 2595 depri·
936 2538 1003 2577 narn
1020 2521 1049 2576 in
1066 2522 1185 2579 homine
1207 2526 1277 2580 lesu
1302 2540 1360 2579 non
1384 2523 1449 2581 idea
1468 2527 1758 2586 accenditutiuab·

57 2614 178 2678 metuat,
199 2611 337 2684 quoniam
361 2611 522 2684 nequitiam
543 2612 666 2668 fratrum
688 2628 809 2669 suorum
831 2610 881 2684 qui
936 2611 1077 2678 scandito,
1094 2611 1123 2666 id
1147 2614 1192 2667 εει
1214 2611 1270 2667 sub
1296 2611 1401 2668 umbra
1429 2611 1512 2688 legis,
1532 2615 1582 2671 sed
1610 2617 1707 2689 potius
1727 2617 1759 2676 in

59 2718 127 2757 eum
142 2701 340 2769 vendiderant,
357 2705 385 2755 at
400 2699 561 2773 nequitiam
584 2700 725 2774 Putiphar
739 2706 768 2756 et
783 2700 882 2757 uxoris
936 2703 1036 2772 aperto
1051 2704 1079 2755 et
1094 2699 1239 2755 evidentia
1252 2700 1323 2757 Novi
1347 2701 1528 2759 Testamenti
1544 2710 1674 2777 poneret.
1692 2706 1769 2780 Ideo,

59 2807 130 2856 suae,
146 2789 195 2862 qui
218 2806 285 2845 eum
310 2794 440 2846 emerant
455 2794 483 2844 et
504 2789 695 2845 dehonestare
718 2789 880 2855 voluerant,

58 2881 114 2935 sub
130 2895 163 2936 eo
178 2878 353 2935 humiliavit.
370 2877 441 2934 Huic
463 2894 580 2951 quoque
601 2878 685 2935 beato
711 2879 881 2949 confessori,

59 2969 95 3024 ob
106 2968 243 3024 meritum
259 2966 435 3023 humilitatis
451 2971 479 3023 et
493 2966 814 3039 patientiae,deditDeus
828 2985 882 3040 po·

58 3063 194 3114 testatem
211 3074 299 3129 super
312 3057 470 3122 demones,
480 3061 508 3112 ct
522 3073 612 3128 super
625 3056 819 3113 daemoniacos
833 3057 883 3113 ha-

936 2789 1043 2862 quippe
1054 2788 1135 2845 misit
1142 2789 1217 2844 Deus
1229 2788 1336 2845 Filium
1348 2807 1435 2846 suum
1452 2808 1504 2864 per
1516 2792 1758 2866 incarnationem,

935 2881 969 2934 ut
978 2878 1125 2946 divinitas,
1138 2895 1200 2951 que
1215 2877 1350 2935 homines
1362 2877 1480 2949 latebat,
1490 2881 1520 2936 in
1529 2880 1648 2939 lucerna
1657 2884 1760 2942 huma·

935 2967 1036 3023 nitatis
1047 2970 1210 3040 appareret.
1226 2967 1284 3023 Nec
1299 2967 1364 3023 ideo
1379 2968 1512 3024 accendit
1527 2974 1759 3043 utponereteam

936 3057 991 3112 sub
1008 3055 1115 3124 modio,
1132 3055 1162 3111 id
1176 3060 1222 3112 est
1236 3055 1291 3112 suh
1307 3071 1445 3112 mensura
1455 3055 1596 3130 legis,sed
1606 3061 1760 3132 potiussu·

58 3148 153 3204 mines
168 3146 218 3220 qni
233 3164 301 3202 eum
323 3144 405 3218 prius
428 3145 669 3218 inquietaverant,
686 3151 832 3219 quatenus
846 3147 881 3202 de
936 3162 987 3217 per
997 3144 1251 3211 candelabrum,id
1267 3148 1312 3201 est
1325 3145 1514 3202 eminentiam
1525 3146 1698 3207 universalis
1709 3151 1759 3208 Ec·

57 3236 193 3309 superbis
216 3234 343 3292 humiles
359 3239 387 3290 et
401 3235 545 3306 potientes
560 3236 677 3301 faceret,
692 3238 721 3291 et
735 3216 917 3293 damonesC
937 3234 1041 3290 closioe.
1057 3234 1092 3289 Et
1107 3234 1142 3289 ad
1163 3233 1258 3306 quid?
1272 3237 1306 3288 ul
1328 3224 1377 3306 qli
1401 3234 1617 3308 ingrediuntur,
1633 3239 1758 3296 subaudi

58 3327 94 3381 de
108 3325 238 3382 obsessis
253 3325 423 3382 hominihus
438 3323 592 3396 expelleret
607 3328 636 3380 et
650 3328 774 3382 vexaret.
791 3325 881 3396 Cujus

58 3414 194 3488 gloriosis
210 3414 322 3471 meritis
343 3413 455 3470 utinam
470 3413 555 3469 nobie
570 3414 713 3471 Dominus
728 3413 879 3488 largiatur,

58 3509 204 3576 quatenus
218 3503 385 3558 demonum
401 3507 430 3558 et
443 3501 614 3573 iniquarum
624 3502 777 3558 hominum
787 3507 880 3559 tenta·

57 3593 188 3648 tionibus
202 3591 337 3648 resistere
353 3591 515 3650 valcamusl
525 3591 665 3658 Quintum
676 3591 881 3649 decimumbe·

58 3681 197 3738 aeficium
212 3684 267 3748 est,
284 3681 360 3753 quad
376 3680 518 3737 Dominus
539 3681 655 3737 asendit
677 3697 726 3737 eos
740 3681 881 3738 menduces

58 3772 107 3844 qui
119 3770 326 3826 umcalaueraut
339 3769 447 3842 loseph
463 3769 535 3826 falso
552 3769 727 3838 criminant
742 3770 883 3843 Putiphar

56 3863 85 3915 et
98 3875 215 3915 uxorem
232 3859 518 3930 ejus,demonstrans
528 3874 594 3913 cum
606 3875 670 3916 esse
685 3858 879 3916 innocentem.

58 3949 174 4005 lnvidos
199 3965 315 4020 quaque
339 3952 368 4004 ct
389 3949 577 4014 detractores,
594 3948 644 4020 qui
661 3948 696 4004 de
712 3948 765 4005 hoc
780 3953 881 4006 sancto

57 4038 223 4095 confessore
239 4037 359 4093 sinistra
373 4038 481 4111 fingere
495 4036 560 4093 ausi
575 4037 881 4103 sunt,Deus1nenda-

57 4144 105 4182 ces
121 4143 185 4182 esse
200 4126 422 4192 demonstravit,
439 4126 510 4182 dum
540 4126 604 4196 ejus
632 4125 828 4183 innocentiam
854 4131 883 4184 et

57 4215 283 4272 sanctimoniam
301 4214 383 4270 miris
398 4214 536 4286 operibus
548 4218 578 4271 et
587 4214 745 4271 virtutihus
756 4215 881 4272 declara-

56 4304 105 4360 vit.
122 4304 214 4376 Cujus
235 4303 366 4375 exempla
391 4303 540 4359 discamus
564 4308 592 4358 et
614 4319 677 4370 nos,
693 4303 797 4360 fratres
813 4304 880 4375 mei,

56 4393 171 4449 invidos
187 4399 215 4448 et
229 4393 407 4448 detractores
430 4395 546 4448 nostros
568 4391 711 4463 patienter
725 4392 880 4462 sustinere,

60 4482 200 4555 quoniam
216 4481 293 4538 Deus
308 4498 409 4537 eorum
425 4480 582 4537 falsitatem
597 4485 625 4536 ct
639 4487 769 4538 nostram
784 4482 883 4539 verita·

935 3325 1070 3380 tenebras
1080 3323 1170 3395 hujus
1181 3322 1402 3391 mundi,lumen
1412 3323 1538 3393 videant,
1547 3327 1624 3398 quod
1635 3343 1759 3401 sequen·

934 3417 979 3470 tes
994 3412 1107 3469 valeant
1121 3418 1231 3469 rectam
1245 3411 1323 3468 viam
1337 3416 1447 3481 tenere,
1458 3417 1487 3470 et
1502 3414 1538 3470 ad
1554 3415 1701 3474 calestem
1711 3434 1761 3491 pa·

934 3503 1021 3559 triam
1037 3501 1267 3576 pervenira.N0n
1283 3500 1378 3558 solum
1394 3505 1494 3558 autem
1505 3502 1639 3562 Christus
1651 3510 1696 3562 est
1710 3505 1760 3562 lu-

936 3609 1032 3659 cerna,
1050 3591 1100 3648 sed
1116 3591 1193 3663 quod
1209 3589 1277 3663 plus
1291 3595 1337 3647 cst
1355 3589 1459 3648 aculus
1473 3591 1618 3649 Ecclesia.
1636 3593 1717 3652 Unde
1730 3598 1761 3653 et

936 3681 1037 3738 subdit
1052 3697 1058 3736 :
1075 3681 1196 3737 Lucerna
1209 3682 1331 3753 corporis
1342 3682 1385 3737 tui
1398 3688 1438 3738 est
1450 3680 1545 3738 oculas
1559 3689 1634 3739 taus.
1650 3683 1760 3742 Oculus

936 3770 1043 3844 quippe
1058 3786 1116 3825 non
1141 3767 1237 3824 solun
1261 3772 1306 3825 est
1327 3767 1427 3824 lumen
1448 3769 1588 3842 corporis,
1605 3771 1656 3830 sed
1670 3772 1759 3830 etiam

936 3852 1102 3931 speculator
1115 3860 1144 3913 et
1159 3861 1267 3926 custos,
1284 3860 1313 3912 et
1326 3856 1361 3912 de
1377 3856 1543 3929 integritate
1557 3859 1761 3934 ipsiuscorpa·

936 3948 977 4004 ris
991 3951 1044 4003 est.
1059 3946 1106 4004 Sic
1120 3949 1149 4001 et
1163 3945 1295 4002 Christus
1315 3945 1415 4002 lumen
1437 3944 1570 4003 Ecclesia
1585 3952 1614 4004 et
1625 3948 1759 4021 specula·

936 4041 982 4093 tor
996 4036 1091 4109 ipsius
1112 4033 1246 4091 Ecclesia
1262 4038 1316 4100 est,
1329 4035 1415 4106 juxta
1439 4033 1510 4090 illud
1529 4051 1535 4091 :
1558 4058 1572 4086 κ
1590 4035 1761 4109 Speculator

936 4127 1014 4179 astat
1030 4123 1154 4193 desuper
1169 4122 1223 4193 (lV
1236 4121 1298 4189 lleq.
1316 4123 1364 4191 nr),
1383 4121 1461 4192 »qni
1478 4139 1532 4179 nas
1548 4123 1686 4180 omnibus
1700 4125 1769 4187 die,

935 4211 991 4267 bus
1001 4215 1143 4282 actusque
1153 4213 1268 4264 nostros
1278 4208 1428 4281 prospicit.
1436 4209 1539 4268 Custos
1547 4212 1656 4285 quippe
1665 4212 1759 4286 ipsius

935 4299 1069 4356 Ecclesia
1078 4302 1132 4366 est,
1145 4297 1283 4371 quoniam
1295 4320 1309 4347 a
1323 4314 1380 4353 non
1396 4297 1566 4357 dormitabit
1580 4318 1675 4374 neque
1692 4302 1759 4361 dor·

936 4388 1007 4444 mict
1021 4388 1071 4460 qui
1087 4386 1215 4443 custodit
1230 4383 1317 4442 lsrael
1333 4385 1418 4454 (Paul.
1430 4387 1525 4458 cxxi.»
1541 4386 1582 4445 De
1593 4387 1760 4461 integritate
1778 4450 1781 4454 ,

935 4477 1023 4535 etiam
1039 4476 1134 4549 ipsius
1150 4473 1282 4531 Ecclesia
1297 4479 1351 4531 est.
1368 4476 1451 4532 Unde
1466 4479 1495 4531 et
1505 4475 1534 4530 in
1550 4477 1686 4532 custodia
1699 4493 1760 4534 cor·

59 4576 118 4627 tem
134 4570 302 4627 declarabit.
322 4593 336 4623 a
351 4568 430 4626 Nihil
457 4570 536 4625 enim
566 4575 699 4642 opertum
723 4571 801 4642 quod
823 4589 880 4629 non
897 4588 920 4653 Ι)
935 4567 1014 4640 poris
1025 4565 1163 4637 sui,quod
1177 4568 1223 4621 est
1237 4563 1375 4635 Ecclesia,
1391 4563 1564 4637 perpensius
1578 4564 1647 4638 vigil
1662 4569 1692 4622 et
1705 4563 1762 4623 sol·

57 4659 201 4716 reveletur
216 4659 318 4732 (ldattlc.
330 4664 369 4729 x).
381 4682 394 4710 v
408 4659 528 4716 Sextum
543 4660 691 4716 decimum
707 4659 881 4717 beneficium
936 4654 1034 4713 licitus
1048 4660 1102 4711 est.
1119 4654 1159 4720 Sr',
1175 4653 1282 4726 inquit,
1296 4654 1389 4710 ocutus
1404 4662 1467 4710 tuas
1480 4655 1565 4726 fuerit
1579 4654 1706 4727 simplas,
1723 4662 1761 4712 to·

58 4753 113 4812 εει,
129 4747 373 4820 quadDominus,
389 4748 570 4820 tamtosepb
587 4765 676 4820 quam
701 4748 757 4804 isto
781 4754 882 4806 sancto
936 4752 1196 4817 tamcorpustaum
1211 4742 1332 4798 lucidum
1346 4745 1407 4799 erit.
1422 4745 1455 4799 Si
1468 4751 1559 4799 auem
1572 4747 1712 4817 aequam(
1744 4773 1760 4787 ·

57 4836 227 4902 confessori,
243 4841 380 4894 aternam
397 4838 477 4894 dedit
497 4836 660 4893 claritatem
677 4837 756 4893 mire
771 4839 881 4895 sancti·
935 4838 983 4901 rit,
999 4836 1082 4891 etiam
1095 4848 1202 4905 corpas,
1217 4837 1297 4886 tuum
1311 4833 1483 4888 tenebrosum
1497 4830 1642 4889 erit.Sane
1657 4831 1761 4891 oculus

56 4925 137 4992 tatis,
149 4924 308 4982 claritatem
326 4927 404 4982 mira
421 4925 576 4998 opinionis,
591 4925 753 4982 claritatum
769 4931 882 4985 aterna
936 4922 1060 4995 simplex
1073 4925 1118 4977 cst
1132 4920 1275 4976 Christus.
1292 4919 1423 4993 Simplex
1437 4919 1558 4993 quidam
1581 4926 1626 4978 est
1645 4919 1759 4992 aculus,

56 5011 260 5078 beatitudinis,
277 5012 438 5070 claritatem
454 5012 484 5067 in
498 5012 605 5080 anima,
615 5012 778 5071 claritatem
794 5015 823 5071 in
833 5033 882 5090 po-
936 5013 986 5084 qni
1003 5011 1078 5066 clara
1093 5014 1122 5066 et
1138 5008 1246 5065 utiliter
1260 5009 1347 5065 videt.
1355 5009 1389 5065 Et
1399 5008 1533 5065 Christus
1548 5009 1667 5082 quidem
1683 5009 1760 5069 clare

56 5101 137 5175 pulo,
154 5100 315 5157 claritatem
332 5102 361 5157 in
377 5100 459 5170 coelo,
476 5101 526 5157 ubi
551 5101 644 5157 sancti
670 5102 783 5175 fulgent
805 5105 882 5161 sicut
935 5102 1022 5172 videt,
1039 5105 1139 5174 utpote
1153 5100 1183 5154 in
1199 5100 1284 5171 cujus
1299 5102 1456 5170 conspectu
1471 5097 1553 5155 nulla
1565 5104 1699 5156 creatura
1712 5099 1761 5156 in·

56 5190 100 5248 sol
117 5191 219 5264 (flatile.
241 5195 312 5259 xro).
331 5194 423 5258 Quam
441 5190 604 5246 claritatem
619 5190 731 5247 meritis
746 5197 774 5247 ct
790 5193 880 5249 inter·
935 5189 1058 5246 visibilis
1074 5194 1127 5245 est.
1145 5187 1260 5243 Utiliter
1275 5203 1391 5259 quoque
1415 5187 1499 5244 nobis
1515 5187 1602 5258 videt,
1620 5189 1760 5262 quoniam

55 5279 240 5336 cessionibus
251 5280 341 5352 hujus
351 5280 444 5335 sancti
453 5278 628 5335 confessoris
641 5276 783 5352 largiatur
796 5283 881 5338 nobis
936 5298 994 5336 non
1010 5279 1067 5335 nisi
1083 5277 1177 5345 utilia,
1194 5276 1219 5332 si
1243 5274 1391 5346 volumus,
1406 5276 1490 5332 nobis
1514 5276 1655 5350 providet.
1673 5278 1761 5345 Recte

56 5367 244 5440 omnipotens
259 5372 287 5423 et
303 5367 469 5424 misericors
484 5367 633 5423 Dominus.
650 5368 752 5422 Amen.

425 5473 517 5530 ltllll.

937 5386 1053 5443 qnoque
1069 5366 1154 5423 nobis
1168 5365 1256 5434 videt,
1274 5366 1414 5438 quoniam
1436 5370 1515 5423 recta
1530 5372 1559 5423 et
1573 5367 1651 5424 bona
1665 5366 1760 5437 iuteo·

934 5458 1013 5514 tione
1024 5455 1109 5512 nobis
1120 5453 1290 5528 proficiendi
1301 5452 1386 5511 nobis
1396 5453 1538 5528 providet.
1550 5455 1578 5511 Si
1593 5471 1662 5530 ergo
1677 5454 1760 5513 Chri·

209 5563 277 5605 rrau
297 5563 332 5603 na
350 5561 456 5602 annau.
477 5560 572 5602 saeuo
592 5562 627 5601 na
646 5562 727 5604 cuca.

102 5642 186 5699 Nono
200 5635 323 5698 accedit
335 5635 485 5708 lacernam,
500 5641 527 5694 ct
541 5635 573 5692 ia
586 5633 740 5695 abscendito
750 5636 839 5714 ptuit,

936 5549 1027 5614 stum,
1039 5544 1090 5618 qui
1106 5540 1232 5616 simplex
1246 5546 1291 5600 est
1303 5542 1416 5614 aculus,
1428 5542 1581 5602 custodem
1595 5546 1625 5600 et
1633 5542 1762 5616 pruviac-

936 5650 999 5696 rem
1008 5632 1139 5695 Ecclesia
1147 5630 1192 5693 vel
1202 5629 1310 5711 aliquis
1319 5631 1416 5695 tidelis
1426 5634 1576 5712 sequatur,
1587 5633 1684 5694 totum
1697 5646 1761 5693 cor·
