3816 6006
33 286 36 291 ,
98 208 159 276 sss

99 344 214 397 Ensibus
228 343 353 394 extractis
368 343 450 393 currit
463 356 529 405 gaus
542 345 634 392 nostra
648 355 696 406 per
710 340 815 391 urbam·

99 418 154 469 Nec
167 416 291 479 cuiquam
309 418 423 478 parcunt
437 415 514 463 etiam
530 414 657 463 miserere
672 413 798 476 precanti.

99 487 202 551 Vulgus
216 490 274 536 erat
288 488 400 535 stratum
413 485 496 535 veluti
512 498 571 533 carru
588 485 694 548 putrida
709 485 787 533 motis

100 560 182 610 Poma
196 557 295 607 cadunt
309 557 398 616 ramis,
414 556 565 618 agitataque
581 556 640 605 ilice
656 556 776 620 glandes.

103 648 137 706 nt
151 652 218 720 post
232 650 360 719 stragem
377 649 488 700 tantam
504 644 628 717 ingressi
646 649 713 700 sunt
729 645 927 711 domos‚etce-

103 740 210 811 parunt
224 750 416 808 quaecumque
432 734 461 788 in
481 733 522 789 eis
537 732 719 799 invenerunt,
742 734 782 790 ita
798 745 877 801 sane,
894 738 927 789 ut

104 823 926 901 quicunqueprimusdomumintrasset,sivepaupersive

105 916 185 973 dives
201 919 289 983 esset,
305 912 473 968 nullatcnus
489 913 525 967 ab
541 911 638 984 aliquo
655 912 711 968 alio
727 913 809 968 ficret
824 912 865 968 illi
881 912 925 967 in-

100 1005 191 1079 juria,
203 1003 401 1076 quindomum
414 1003 507 1074 ipsam
520 1006 569 1056 aut
578 1000 928 1074 polatinm,etquodcum-

104 1111 161 1168 que
176 1093 206 1149 in
221 1110 255 1149 ca
270 1091 434 1164 reperisset,
451 1091 517 1146 acsi
533 1091 652 1147 omnino
668 1092 794 1164 propria,
812 1092 869 1147 sibi
880 1109 927 1148 as-

103 1185 232 1242 sumeret
246 1185 275 1237 ct
287 1181 459 1253 possideret.
476 1180 535 1236 lloc
546 1179 703 1251 itaquejus
713 1182 870 1237 tenendum
882 1181 926 1237 in-

101 1271 194 1330 vicem
209 1269 401 1327 stabilierant.
419 1268 499 1324 Unde
514 1268 599 1324 multi
611 1269 713 1342 inopes
724 1270 792 1325 lacti
803 1275 873 1326 sunt
882 1270 926 1327 lo-

103 1360 242 1434 cupletes.
255 1360 443 1414 Tuncautem
455 1359 489 1413 ad
503 1358 804 1431 sepulerumDomini,
821 1364 928 1415 ettam·

102 1451 184 1525 plum
200 1451 263 1520 ejus
279 1446 439 1521 gloriosum
455 1452 568 1516 cuntes,
594 1447 690 1504 clerici
714 1448 804 1504 simul
819 1453 848 1504 et
861 1449 927 1505 laici

102 1537 305 1598 exsultationis
321 1554 389 1593 voce
404 1536 529 1592 altisona
545 1538 692 1593 canticum
709 1555 816 1593 novum
833 1534 929 1594 Domi-

103 1647 141 1687 no
156 1629 348 1695 decantando,
359 1625 422 1682 loca
432 1632 683 1682 saerosanctatam
695 1627 926 1696 diudesiderata,

104 1735 171 1776 cum
182 1716 380 1774 oblationibus
391 1715 532 1772 iaciendis
544 1714 867 1789 supplicationibusque
878 1717 929 1773 hu·
943 1721 967 1787 Β

103 1806 246 1873 millimis,
263 1803 421 1861 letabundi
436 1821 537 1860 omnes
556 1804 757 1860 visitaverunt.
774 1806 796 1862 Ο
811 1810 928 1879 tempus

102 1900 164 1954 tam
190 1895 404 1952 desideratum!
421 1911 437 1950 o
453 1897 569 1966 tempus
589 1893 665 1950 inter
679 1898 782 1952 catera
796 1900 929 1969 tempora

104 1985 348 2043 memorandum!
366 2001 382 2040 o
398 1984 507 2039 lactum
518 1983 602 2039 lactis
617 1984 755 2041 omnihus
770 1987 930 2041 anteferen-

105 2075 194 2133 dum!
210 2075 284 2130 Vere
298 2072 654 2144 desideratum,quoniam
666 2074 702 2130 ab
717 2073 928 2132 omnibushdei

105 2163 254 2222 catholicae
270 2161 432 2219 cultoribus
446 2162 560 2218 interno
576 2163 681 2218 mentis
696 2162 839 2220 desiderio
855 2182 929 2221 sem·

956 240 996 252 —-
1011 207 1167 272 Mandu.
1189 206 1241 270 DE
1261 205 1388 270 BELLO
1408 203 1547 269 sacco.

939 341 966 408 Α
981 339 1088 397 sissent
1103 357 1190 414 quem
1207 340 1269 413 ipsc
1282 339 1416 396 laudaret
1438 336 1556 411 pratici.
1581 340 1695 394 interca
1713 337 1802 396 'l'urci

359 208 411 272 AD
433 207 689 272 consustinuit
709 207 878 271 APPDND.
900 207 940 269 ll.

1740 202 1805 267 sac

979 435 1008 486 et
1022 430 1141 498 Arabes,
1158 429 1233 503 nigri
1249 445 1365 502 quoque
1392 428 1541 501 AEthiopes
1565 427 1715 501 quingenti
1732 427 1802 497 iere,

980 520 1029 593 qui
1045 521 1075 575 in
1091 537 1186 575 arcem
1198 518 1366 574 Dauidicam
1378 535 1409 574 se
1417 516 1647 581 intromiserant,
1656 517 1804 589 petierunt

980 627 998 664 a
1012 610 1185 683 Raymnndo
1201 607 1316 674 comite,
1330 607 1380 679 qui
1390 623 1480 678 prope
1490 606 1595 661 turrim
1610 605 1691 661 illam
1707 605 1804 678 hospi·

979 704 1059 756 tatus
1074 705 1146 766 erat,
1163 702 1195 753 ut
1210 699 1334 770 pecunia
1360 713 1461 752 eorum
1478 696 1506 751 in
1523 711 1588 751 arce
1603 697 1666 768 ipsa
1680 699 1803 765 retenta,

978 790 1060 845 vivos
1075 792 1191 844 tantum
1207 805 1256 843 eos
1272 787 1353 843 abire
1367 786 1557 859 permitteret.
1576 786 1633 841 lloc
1648 785 1803 851 concessit,

980 882 1008 935 ct
1023 878 1091 933 hinc
1102 876 1274 934 Ascalonem
1286 875 1430 932 adierunt.
1443 874 1555 930 Placuit
1565 878 1635 930 tunc
1645 873 1715 940 Deo,
1726 874 1805 945 quod

981 968 1099 1024 inventa
1114 971 1158 1024 est
1173 966 1319 1039 particula
1333 983 1393 1021 nna
1408 964 1503 1021 crucis
1518 962 1674 1019 Dominiera
1697 963 1728 1018 in
1742 963 1805 1020 loco

981 1061 1102 1126 secreto,
1112 1058 1175 1129 jam
1194 1056 1364 1127 abantiquo
1383 1060 1546 1127 tempores
1568 1052 1639 1108 viris
1661 1051 1806 1125 religiosis

980 1146 1127 1203 occultata
1138 1164 1145 1215 ;
1163 1162 1241 1201 nunc
1253 1149 1351 1201 autem
1364 1144 1517 1216 aquodam
1528 1141 1647 1199 homine
1658 1143 1806 1215 SyraDeo

980 1236 1104 1303 volente,
1121 1235 1257 1291 revelata.
1274 1237 1366 1302 Quam
1378 1251 1444 1288 cum
1456 1237 1539 1305 patre
1549 1248 1603 1288 sno
1613 1231 1807 1289 indeconscio

982 1324 1136 1398 diligenter
1152 1324 1191 1380 ibi
1207 1324 1446 1390 otabsconderut,
1463 1326 1492 1378 et
1506 1326 1701 1378 conservarat.
1714 1323 1807 1388 Quam

982 1415 1100 1488 quidem
1117 1413 1292 1487 particulam
1308 1414 1338 1468 in
1360 1413 1479 1468 modum
1495 1412 1592 1468 crucis
1607 1410 1806 1480 reformatam,

982 1521 1071 1561 aurea
1085 1502 1192 1578 partim
1208 1509 1235 1559 et
1251 1506 1388 1576 argentea
1399 1501 1509 1556 fabrica
1520 1505 1693 1568 contectam,
1703 1501 1740 1556 ad
1751 1501 1808 1558 Do-

983 1593 1123 1650 minicum
1135 1591 1313 1665 sepulcrum,
1325 1590 1429 1646 dehine
1438 1590 1526 1646 etiam
1537 1589 1573 1644 ad
1583 1589 1808 1661 templum,con-

982 1682 1164 1758 gratulanter
1178 1680 1340 1753 psallend0,
1358 1685 1386 1735 et
1402 1677 1510 1752 gratias
1525 1679 1582 1734 Deo
1609 1678 1732 1751 agendo,
1757 1678 1808 1751 qui

984 1790 1034 1844 per
1050 1776 1093 1827 tot
1108 1772 1171 1827 dics
1186 1772 1263 1826 hunc
1280 1769 1451 1825 thesaurum
1463 1784 1549 1824 suum
1561 1770 1589 1824 et
1603 1770 1740 1823 nostrum
1751 1768 1807 1823 sihi

983 1867 1012 1919 et
1027 1860 1111 1918 nobis
1127 1863 1300 1926 servaverat,
1317 1875 1419 1914 omnes
1436 1875 1495 1914 una
1509 1857 1539 1912 in
1555 1856 1682 1913 sublime
1702 1872 1807 1930 propa-

982 1951 1072 2008 latam
1089 1949 1265 2006 detulerunt.

1293 2056 1408 2112 CAPUT
1427 2055 1497 2111 XlX.

1019 2167 1056 2239 (1)
1072 2167 1130 2222 Rea
1146 2170 1244 2221 autem
1260 2162 1426 2237 Babylonis,
1439 2162 1535 2218 etdux
1550 2160 1661 2218 militie
1673 2163 1749 2235 ejus,
1759 2178 1808 2218 no·

105 2269 158 2327 per
173 2251 371 2308 desideratum
387 2251 491 2319 iuerat,
504 2251 628 2308 utlocus
638 2251 668 2307 in
680 2269 738 2324 quo
755 2258 927 2310 cunctarum
984 2255 1062 2312 mine
1078 2253 1281 2321 Larendalius,
1299 2270 1364 2309 cum
1377 2251 1527 2308 audissent
1544 2252 1621 2325 quod
1633 2252 1737 2308 Franci
1744 2253 1808 2324 jam

105 2346 305 2400 creaturarum
316 2340 434 2396 Creator
446 2340 796 2398 recreationissalntilera
809 2359 926 2412 munus,
983 2344 1120 2402 eireasibi
1133 2343 1284 2401 subdendo
1296 2341 1469 2414 Babylonico
1479 2357 1567 2415 regno
1579 2339 1809 2414 appropinquas·

104 2431 183 2489 Deus
198 2431 285 2487 homo
302 2430 406 2496 lactus,
418 2429 546 2485 humano
557 2430 656 2504 generi
671 2431 777 2503 pietate
792 2448 846 2488 sua
856 2431 928 2488 mul·
983 2438 1058 2503 sent,
1075 2437 1250 2507 congregata
1264 2431 1454 2487 multitudine
1469 2431 1525 2486 sub
1544 2429 1638 2486 edicto
1653 2431 1689 2486 de
1704 2429 1808 2486 Tuscis

103 2517 540 2594 tiplici,nascend0,moriend0,
553 2521 791 2594 resurgendoque
806 2521 930 2577 contulit
983 2527 1011 2580 et
1025 2523 1168 2580 trabibus
1183 2520 1439 2594 AEtbiopibusque,
1460 2524 1623 2577 contraeas
1638 2519 1679 2576 ire
1693 2519 1807 2592 praliu-

104 2626 121 2667 a
135 2625 318 2683 paganorum
330 2606 502 2681 contagione
513 2607 740 2664 inhabitantium
752 2611 929 2683 quandoque
982 2617 1046 2670 tum
1064 2612 1282 2669 festinaverunt.
1299 2611 1334 2666 at
1348 2626 1416 2666 cum
1430 2609 1537 2666 iterum
1547 2626 1600 2682 per
1610 2609 1807 2667 internuntios

103 2700 273 2766 mundatus,
292 2697 392 2753 tandin
408 2697 615 2770 superstitione
630 2691 730 2754 eorum
747 2699 928 2755 contamina·
984 2701 1145 2769 audissent,
1162 2699 1343 2757 Hierusalem
1359 2703 1418 2754 tam
1437 2698 1570 2754 ferociter
1580 2699 1643 2771 jam
1659 2697 1749 2755 fuisse
1760 2716 1807 2755 ca-

103 2792 203 2856 nelus,
220 2805 238 2842 a
252 2786 438 2843 credentibus
455 2791 482 2842 et
498 2787 751 2843 confidentibusin
767 2805 808 2856 se,
825 2788 855 2843 in
870 2806 929 2845 mo·
983 2797 1074 2865 ptam,
1091 2791 1261 2864 indignatus
1276 2789 1333 2844 dux
1343 2788 1391 2844 illc
1406 2788 1560 2860 predictus
1572 2785 1759 2861 babylonius,
1772 2788 1809 2844 le·

108 2877 178 2933 dum
190 2876 341 2950 dignitatis
351 2894 409 2932 suan
422 2875 579 2948 pristinum
593 2876 808 2932 reformaretur.
821 2879 854 2932 ct
864 2895 929 2934 vere
984 2880 1102 2937 stinavit
1117 2884 1149 2935 ut
1163 2878 1206 2936 vel
1222 2877 1353 2951 pralium
1371 2894 1437 2932 cnm
1453 2877 1526 2950 ipsis
1541 2877 1747 2947 committeret,
1763 2877 1808 2934 vel

106 2965 287 3037 memoriale,
302 2966 403 3037 etjnre
418 2965 653 3035 memorandum,
665 2965 734 3036 quia
749 2984 929 3039 quaecunque
983 2969 1101 3025 eosdem
1113 2967 1142 3023 in
1152 2968 1254 3023 cadom
1263 2967 1334 3022 urbo
1346 2966 1475 3022 inclusos
1483 2966 1638 3022 obsideret.
1647 2966 1728 3032 Quod
1739 2983 1806 3022 cum

104 3056 248 3114 Dominus
259 3056 451 3111 nostcrlesus
462 3055 606 3121 Christus,
622 3052 652 3110 iu
669 3059 745 3110 terra
761 3055 927 3112 homocum
985 3057 1103 3113 Francis
1132 3056 1325 3122 nuntiaretur,
1356 3060 1509 3128 assumpto
1538 3072 1650 3129 magnae
1679 3055 1806 3112 audacia

104 3144 274 3201 hominibus
289 3160 475 3210 conversans,
487 3142 545 3217 egit
555 3147 583 3199 ct
594 3143 701 3211 docuit,
714 3149 743 3200 et
753 3145 927 3201 memoriam
983 3146 1115 3214 consilio,
1131 3163 1232 3202 versus
1256 3145 1427 3201 Ascalonem
1453 3149 1553 3201 contra
1579 3148 1718 3217 tyrannos
1742 3144 1807 3201 illos

105 3233 333 3290 famosissimam
353 3237 485 3289 revocata
500 3237 528 3288 et
543 3233 663 3288 reducta
691 3237 769 3288 sunt.
800 3235 833 3289 Et
848 3236 925 3306 quod
981 3234 1321 3303 aciessuasdiraserunt,
1333 3239 1483 3307 portantes
1494 3250 1593 3291 secum
1604 3232 1717 3307 lignum
1730 3233 1807 3290 salu·

104 3322 183 3380 idem
198 3321 338 3379 Dominus
367 3339 418 3392 per
450 3321 526 3376 hunc
546 3320 687 3393 populum
703 3339 791 3377 suurn
808 3327 878 3391 tam,
896 3328 927 3379 ut
980 3325 1251 3397 tiseraecrucisjam
1275 3325 1411 3398 superius
1436 3328 1641 3381 memoratum.
1671 3324 1804 3397 Cumque

103 3409 542 3484 opinor‚dilcctumalu1nnum
572 3409 815 3482 familiaremque,
846 3413 926 3468 otad
980 3414 1027 3471 die
1044 3415 1171 3486 quodam
1188 3431 1246 3469 non
1257 3414 1343 3487 longo
1354 3413 1389 3469 ab
1401 3413 1543 3470 Ascalone
1554 3413 1805 3488 circumvagantes

102 3500 157 3557 hoc
171 3500 320 3572 negotium
335 3498 529 3570 preelectum,
545 3498 655 3570 expleri
674 3499 775 3568 voluit,
792 3501 925 3573 usquein
981 3503 1082 3560 Franci
1100 3502 1241 3575 praediurn
1257 3507 1467 3575 exspectarent,
1484 3502 1658 3559 invenerunt
1671 3501 1731 3557 illic
1747 3519 1804 3558 non

101 3589 190 3645 tinem
205 3586 303 3643 saeculi
319 3586 497 3654 memoriale,
514 3586 624 3660 linguis
650 3588 779 3644 tribuum
809 3590 924 3647 univer·
980 3592 1133 3648 minimam
1150 3592 1278 3664 praedam
1294 3592 1329 3647 de
1344 3591 1438 3647 bobus
1458 3596 1486 3647 et
1501 3590 1631 3660 camelis,
1657 3590 1762 3647 ovibus
1777 3594 1806 3647 ct

101 3694 201 3735 sarum
217 3675 395 3749 personabit.

97 3783 185 3834 Julius
199 3781 330 3832 effervens
344 3786 384 3833 ter
399 3783 480 3845 quina
494 3781 553 3832 luce
567 3783 671 3833 calebat

98 3854 228 3905 Undecies
243 3857 349 3902 centum
365 3855 515 3903 numerosi
531 3854 680 3918 dempseris
696 3870 789 3918 unuin,

97 3923 226 3976 Dicebant
240 3937 325 3974 annos
341 3925 445 3975 Domini
460 3929 524 3975 tune
539 3940 596 3976 esse
612 3931 744 3990 peractos,

96 3997 161 4047 Cum
175 4009 226 4046 nos
240 3995 416 4056 Hierusalem,
427 4010 493 4060 gens
508 3997 613 4056 Gallica,
629 3999 749 4061 cepimus
766 4000 868 4050 curbam.

95 4068 146 4118 Ter
160 4068 242 4130 quina
256 4067 340 4115 lulius
353 4067 512 4130 splendebat
526 4068 583 4117 luce
598 4068 718 4127 micanti,

98 4137 194 4188 Urbem
208 4152 269 4188 cum
284 4138 378 4186 Franci
393 4139 498 4200 capiunt
516 4139 613 4188 virtute
629 4141 742 4202 potenti,

96 4207 175 4259 Anno
190 4209 301 4258 milleno
316 4212 440 4267 centeno,
458 4210 604 4272 quonimus
619 4224 682 4260 unc.

96 4278 214 4342 Virginis
229 4293 245 4329 a
259 4283 347 4344 partu,
363 4278 457 4343 genuit
471 4293 531 4342 quae
547 4284 641 4330 cuncta
657 4286 804 4345 regentem.

98 4384 167 4441 Idus
181 4389 244 4442 erat
257 4385 338 4454 Julii,
356 4402 432 4441 anno
449 4385 485 4441 ab
502 4386 582 4442 obitu
598 4386 693 4443 Caroli
710 4388 804 4462 Magni
815 4390 924 4447 ducen-

980 3680 1181 3754 capris.Quam
1193 3697 1306 3736 curram
1318 3697 1385 3736 cum
1391 3681 1476 3752 juxta
1487 3679 1610 3736 tentoria
1620 3679 1681 3736 sole
1698 3685 1802 3736 ruente

979 3773 1217 3844 congregassent,
1229 3770 1384 3840 jusserunt
1399 3769 1454 3825 sub
1476 3769 1569 3825 edic-to
1589 3768 1736 3842 principes
1752 3786 1804 3826 no·

980 3859 1235 3931 stri‚nunquamin
1249 3859 1386 3925 crastino,
1401 3857 1572 3929 quobellnm
1584 3858 1803 3931 iorepntabant,

979 3965 1079 4004 secum
1096 3947 1213 4014 minari,
1230 3952 1262 4003 ut
1277 3948 1313 4003 ab
1329 3949 1408 4003 omni
1420 3946 1803 4023 sarcinaexpediti,abprae·

978 4036 1113 4092 liandum
1127 4041 1226 4092 essent
1241 4036 1377 4110 prompti.
1395 4037 1479 4093 blane
1495 4039 1593 4092 autern
1604 4036 1690 4101 lactc,
1703 4052 1805 4109 specu·

978 4124 1123 4182 latoribus
1139 4124 1299 4197 premissis
1312 4142 1442 4198 paganos
1471 4125 1606 4182 accedere
1626 4124 1802 4188 didicerunt.

979 4217 1040 4281 Ouo
1056 4215 1139 4282 scito,
1156 4230 1223 4269 mox
1238 4214 1349 4270 tribuni
1364 4218 1392 4270 et
1407 4213 1591 4271 centuriones
1606 4230 1657 4287 per
1686 4212 1747 4271 alas
1776 4218 1805 4272 ct

977 4319 1086 4359 cuneos
1096 4307 1182 4376 genie
1194 4303 1422 4374 suacoustituta,
1433 4302 1566 4376 praelium
1578 4303 1726 4376 agendum
1736 4321 1805 4377 pru·

977 4391 1805 4463 dentissimeordinaverunt,etcontrabostesvexillislcva

96 4473 201 4531 tesimo
216 4480 244 4532 et
259 4474 456 4548 octuagesimo
473 4475 587 4547 quinto,
602 4480 631 4531 ct
654 4482 747 4533 morte
771 4478 918 4535 Guillelmi
934 4468 959 4533 D
974 4480 1387 4554 tisaudacitcrprocesserunt.
1397 4481 1541 4537 videretis
1550 4481 1719 4554 predictam
1728 4499 1802 4554 prce-

96 4562 205 4635 Angliae
222 4563 298 4637 regis
315 4562 494 4636 primoanno
509 4564 692 4620 duodecimo.
705 4566 815 4640 Quippe
831 4569 922 4625 Goda-

97 4650 171 4708 irido
186 4652 284 4724 patrie
301 4653 509 4726 mesprincipe
526 4654 611 4719 sacto,
628 4670 716 4725 quem
732 4656 768 4711 ob
785 4657 920 4714 nobilita-

95 4739 165 4796 tatis
179 4740 389 4812 exeellentiam,
406 4747 435 4798 et
451 4741 561 4796 milicia
571 4742 758 4813 probitatem,
776 4749 862 4816 alque
874 4764 922 4819 pa-

95 4829 204 4886 tientie
214 4831 398 4902 modestiam,
408 4848 460 4887 nec
472 4832 878 4906 nonctmorumclagantiam,
891 4837 919 4891 in

95 4918 167 4974 urbe
182 4925 283 4975 saneta
298 4920 379 4992 regni
395 4918 556 4992 principem
574 4921 670 4977 omnis
687 4923 814 4995 populus
825 4925 921 4981 Domi-

94 5006 185 5063 ninici
196 5007 338 5064 exercitus
353 5007 389 5061 ad
400 5006 471 5062 illud
482 5010 715 5066 conservandum
723 5016 811 5084 atque
822 5030 921 5087 rogen-

85 5095 166 5159 ⁴dum
181 5095 277 5170 elegit.
293 5096 376 5150 Tunc
392 5094 478 5150 etiam
492 5095 577 5151 locali
593 5099 707 5155 suntin
723 5100 849 5157 ecclesia
863 5104 919 5159 Dc-

94 5184 196 5240 miaici
212 5184 339 5256 sepulcri
355 5183 498 5251 canonici,
516 5190 601 5257 atque
616 5187 645 5242 in
662 5188 770 5262 templo
786 5192 918 5262 ejusdem

94 5271 150 5344 ipsi
167 5271 311 5329 servituri.
334 5272 532 5329 patriarcham
562 5280 660 5332 autem
689 5282 758 5334 turre
786 5280 919 5338 decreve-

94 5365 165 5417 runt
178 5361 309 5416 nondum
326 5361 364 5417 ibi
381 5363 453 5432 ficri,
466 5364 556 5420 donec
571 5382 588 5421 a
604 5367 734 5423 Romano
751 5386 827 5442 papa
842 5388 920 5443 quae-

976 4571 1044 4627 dam
1059 4576 1201 4643 tanquam
1212 4569 1325 4627 monitu
1341 4571 1510 4627 ducentium
1526 4569 1802 4628 adesteraetlaeva·

976 4664 1057 4733 parte
1073 4658 1199 4715 acierum
1216 4674 1351 4732 gressum
1363 4677 1450 4715 suum
1460 4657 1740 4733 ructeagere,lrceta
1755 4677 1803 4717 ne·

976 4747 1054 4804 mine
1065 4747 1281 4815 minaretur,ita
1295 4751 1328 4803 ut
1337 4747 1421 4803 multi
1430 4764 1611 4822 paganorum
1621 4747 1802 4824 camalonge

976 4854 1042 4893 cum
1060 4836 1204 4893 militibus
1220 4836 1330 4893 nostris
1351 4842 1469 4892 euntem
1499 4841 1674 4911 spectantes,
1704 4840 1800 4894 totum

975 4927 1155 4983 estimarent
1170 4926 1310 4981 exrcitum
1328 4942 1392 4982 esse
1422 4927 1611 4983 Francorum.
1642 4925 1686 4982 Illi
1701 4932 1801 4982 autem

975 5014 1102 5088 populns
1117 5013 1291 5069 innumerus
1307 5031 1374 5070 cuni
1390 5015 1426 5070 ad
1443 5032 1551 5071 cuneos
1567 5019 1683 5071 nostros
1697 5032 1801 5088 appro-

975 5106 1178 5178 pinquassent,
1196 5107 1336 5174 tauquam
1352 5121 1453 5161 cervus
1464 5122 1561 5161 ramos
1577 5121 1718 5162 cornuum
1731 5122 1802 5177 praa·

974 5195 1107 5257 moilens,
1123 5208 1214 5248 cuneo
1231 5210 1284 5248 suo
1300 5193 1438 5250 anteriori
1456 5194 1530 5251 lacto
1546 5194 1669 5262 bifurco,
1687 5192 1800 5251 disten·

974 5283 1055 5340 sione
1071 5283 1197 5339 trabum
1215 5283 1456 5353 praecurrentium
1468 5283 1621 5357 explicata,
1639 5282 1799 5340 machinati

974 5376 1044 5431 sunt
1058 5372 1209 5445 accingere
1220 5376 1393 5443 postremos,
1406 5373 1455 5429 nbi
1471 5375 1530 5430 dus
1544 5371 1718 5430 Godeiridus
1728 5374 1799 5430 sub-

93 5527 98 5537 .
129 5485 168 5552 (t)
182 5485 249 5551 Qua
273 5485 378 5543 abhinc
403 5493 571 5560 sequentur,
586 5506 620 5545 ex
639 5507 694 5547 ms.
719 5494 828 5552 codicis
854 5497 910 5554 fide
928 5499 1176 5566 emendatasunt,
1192 5498 1370 5554 etcorrecta.
