3816 6006
97 226 194 327 'iil
731 226 938 301 moenem.
952 223 1163 301 sensuris.
1726 228 1812 310 titt.

98 367 146 422 dat
163 364 313 421 hominem
329 363 423 420 factis.
444 367 537 421 Homo
557 381 587 420 se
609 364 718 434 laudat,
739 363 917 420 laudabilem
934 371 959 435 Α
976 364 1139 437 promissis,
1161 364 1421 434 exhortationibus,
1448 364 1547 434 minis,
1573 365 1752 423 verberibus
1768 368 1801 422 ad

96 459 212 509 tautum
227 453 917 522 seessedicsndo;Deusverolaudathominem,
974 454 1136 509 castitatem
1159 459 1188 509 et
1214 454 1399 510 sanctitatem
1424 471 1588 527 provocare.
1616 454 1672 511 Cui
1701 462 1801 512 autem

98 561 164 598 eum
183 541 359 599 laudabilem
380 542 521 612 faciendo,
546 542 720 599 conferendo
744 542 878 599 videlicet
892 542 917 597 ei
972 548 1071 614 pastor
1081 542 1516 611 ecclesiasticus,debeatzelare
1526 542 1691 600 Ecclesiam
1701 549 1800 601 osteu-

97 632 209 705 gratias
224 648 293 687 suas
307 634 336 687 et
351 631 495 704 praecipue
510 631 647 687 virtutem
661 630 918 704 humilitatisque
973 631 1016 686 dit
1026 631 1182 703 Apostolus
1205 648 1271 687 cum
1298 630 1412 688 subdit:
1435 633 1571 705 Despondi
1592 635 1671 688 enim
1690 650 1738 690 eos
1752 636 1800 690 ani

97 719 261 777 instruatur
275 719 917 793 semperdesehumiiitsrsentire,nihildese,
972 722 1031 777 viro
1046 722 1424 790 cirpiaemcoatomeetibere
1434 721 1549 777 Christo.
1562 720 1649 777 Multi
1661 722 1742 780 enim
1755 740 1798 796 pa·

98 809 569 881 sedsemperdeDeoprasumere,
579 810 916 877 omniaDeoattribuere,
972 809 1137 883 renymphi,
1155 811 1297 866 sedunus
1314 809 1393 866 solus
1408 827 1535 884 sponsus
1549 813 1595 866 est
1609 810 1701 868 lesus
1718 809 1796 868 Chri·

97 898 177 955 etad
193 897 285 954 Deum
301 898 752 956 omniareferre.llrechomiaem
762 900 917 972 probatum
973 902 1047 954 etue.
1065 899 1099 954 Et
1114 898 1212 954 multa:
1229 904 1299 955 sunt
1314 915 1444 972 persone
1465 899 1579 956 Christo
1599 898 1794 973 desponsata,

97 991 185 1059 atque
196 984 374 1042 laudabilem
391 986 510 1043 faciunt.
528 990 640 1054 Quanto
656 988 734 1044 enim
746 989 812 1061 quis
823 987 918 1061 magis
973 987 1022 1042 sed
1039 1005 1098 1043 una
1112 987 1174 1043 sola
1190 993 1234 1044 est
1249 988 1356 1045 Christi
1374 1005 1492 1062 sponsa,
1507 986 1645 1045 videlicet
1657 988 1794 1046 Ecclesia,

96 1074 172 1149 fugit
186 1074 320 1148 gloriam,
336 1079 417 1131 tanto
433 1075 527 1149 magis
537 1092 605 1132 eum
621 1074 714 1150 gloria
728 1076 871 1150 sequitur.
972 1074 1050 1140 Qara,
1067 1073 1267 1145 quamvistem
1278 1073 1592 1147 exincorruptisquam
1603 1090 1640 1130 ex
1652 1076 1794 1150 corruptis

98 1165 231 1221 Secundo
247 1168 330 1237 optat
343 1163 500 1237 Apostolus
515 1182 600 1221 suam
620 1165 818 1239 insipientiam
845 1183 917 1239 sup·
972 1178 1091 1234 corpore
1106 1167 1228 1232 constet,
1244 1166 1341 1219 tamen
1362 1166 1480 1236 propter
1502 1163 1569 1218 fidei
1594 1163 1792 1238 integritatem

96 1251 216 1326 portari,
232 1269 300 1309 cum
316 1253 428 1309 subdit:
457 1256 567 1312 Utinam
588 1257 759 1312 sustineretis
781 1256 918 1311 anaeticum
971 1249 1177 1308 inviolabiliter
1190 1257 1401 1322 conservatam,
1413 1253 1492 1326 virgo
1503 1256 1791 1327 castanuneupatur.

96 1342 162 1416 quid
185 1344 350 1415 irestpientioe
367 1342 451 1398 aare!
464 1343 511 1399 sed
524 1353 550 1401 et
570 1353 726 1417 supportate
748 1362 790 1400 mc
804 1347 841 1415 (ll
855 1346 917 1401 Cor.
972 1341 1111 1406 Quemvis
1127 1345 1224 1397 autem
1240 1341 1300 1397 bac
1315 1341 1501 1416 desponsatio
1517 1342 1545 1397 in
1562 1345 1648 1399 utero
1663 1341 1793 1416 virginali

95 1432 147 1503 aa).
164 1431 251 1487 Porro
267 1447 352 1488 suam
368 1431 569 1504 insipientiam
585 1438 667 1489 vocat
683 1433 917 1506 Apostolus;hoc
972 1429 1011 1485 sit
1034 1429 1187 1499 celebrata,
1211 1434 1309 1487 tamen
1334 1429 1440 1487 Paulus
1466 1430 1520 1487 ait.
1546 1432 1741 1504 Desponsavi,
1763 1448 1792 1488 co

96 1520 174 1593 quod
192 1519 322 1592 seipsum
347 1521 553 1577 commendare
575 1526 619 1579 est
643 1522 823 1595 compulsus,
850 1540 917 1579 oum
972 1519 1049 1591 quod
1063 1519 1298 1592 desponsationis
1314 1521 1436 1576 nuntius
1452 1523 1480 1576 et
1498 1519 1684 1593 conciliator,
1705 1538 1793 1594 quan·

96 1608 239 1681 scriptum
255 1608 306 1665 sit:
324 1631 338 1659 a
356 1609 466 1664 Laudat
480 1614 508 1665 te
523 1626 555 1666 os
570 1609 709 1692 alienum,
722 1616 749 1667 et
764 1629 821 1667 uon
833 1616 916 1668 tuum
971 1607 1087 1663 turned
1111 1607 1289 1675 Corinthios,
1316 1609 1381 1664 fuit.
1407 1613 1495 1665 Porro
1516 1609 1545 1664 in
1570 1609 1794 1683 desponsatione

96 1698 187 1768 (Proo.
203 1698 302 1770 xxvu).
319 1720 332 1750 »
350 1699 506 1771 Nunquam
515 1699 591 1754 enim
605 1704 675 1756 sunt
685 1701 809 1773 alicujus
821 1701 917 1774 probi·
972 1701 1098 1768 quatuor
1126 1701 1313 1765 concurrunt,
1342 1696 1476 1754 videlieet
1502 1714 1680 1767 consensus,
1704 1697 1794 1772 pactio

95 1790 170 1844 tates
185 1786 227 1843 ita
241 1786 409 1860 splendida,
424 1787 495 1860 quin
511 1805 545 1844 ex
558 1790 623 1861 ejus
636 1806 684 1846 ore
700 1791 772 1846 baut
782 1791 915 1847 sordida.
973 1785 1146 1859 conjugalis,
1160 1804 1195 1842 ex
1209 1790 1290 1859 parte
1304 1786 1426 1861 virginis
1441 1786 1539 1855 arrha,
1552 1793 1582 1843 et
1596 1787 1652 1845 dos
1668 1803 1704 1844 ex
1717 1794 1794 1862 parte

98 1876 179 1933 Esset
193 1874 283 1950 igitur
296 1891 362 1932 vere
376 1875 790 1952 insipientiaquodrtpostolus
801 1896 916 1935 socom·
971 1874 1034 1930 viri.
1052 1880 1117 1931 ilaec
1133 1876 1236 1932 eadem
1263 1880 1332 1933 sunt
1348 1877 1377 1932 in
1401 1875 1627 1950 desponsatione
1648 1876 1757 1933 Christi
1769 1881 1796 1934 et

96 1966 225 2032 mandat,
243 1964 299 2022 nisi
315 1964 370 2021 hoc
385 1964 537 2021 humiliter
546 1970 575 2022 et
590 1967 688 2024 debito
700 1968 757 2023 fine
768 1969 918 2036 faceret,et
971 1963 1116 2020 Ecclesia.
1132 1966 1280 2021 consentit
1296 1967 1375 2022 enim
1391 1965 1527 2035 Ecclesia,
1544 1965 1605 2023 sive
1620 1965 1795 2040 quaslibetii·

97 2053 153 2111 nisi
170 2056 265 2129 magis
280 2054 308 2108 in
326 2070 356 2110 se
371 2051 463 2110 Deum
479 2071 566 2127 quam
583 2055 712 2128 seipsum
728 2058 918 2113 commenda-

96 2149 150 2201 ret.
162 2146 233 2200 Tres
248 2143 326 2198 enim
339 2159 434 2200 causa
449 2142 638 2199 inveniuntur
653 2144 682 2199 in
698 2147 788 2202 sacris
801 2145 916 2214 litteris,

97 2234 206 2306 quibus
220 2233 312 2288 sancti
329 2236 476 2305 coguntur
490 2249 543 2288 sua
558 2233 634 2289 bona
650 2233 800 2291 humiliter
814 2239 919 2292 retrec-

96 2328 169 2388 tare,
185 2321 499 2393 videlicetautquaado
508 2327 681 2394 premuntur
692 2323 855 2381 vehementi
867 2325 917 2380 ed-

97 2409 242 2476 vcrsitate,
255 2410 334 2466 bona
349 2426 403 2465 sua
415 2410 450 2465 ad
457 2409 684 2467 consolationem
697 2416 813 2485 etspem
824 2413 919 2470 humi·

97 2500 164 2557 liter
178 2502 346 2567 retractant,
372 2499 471 2555 utlob
495 2499 545 2572 qui
570 2499 694 2557 dicebat.
715 2525 725 2552 ι
743 2501 852 2559 Oculus
876 2501 918 2557 fui

97 2606 183 2659 caco,
200 2593 229 2645 et
243 2605 294 2661 pes
310 2588 413 2644 claudo
429 2589 497 2658 (tob.
517 2589 604 2661 xxix).
623 2593 689 2646 »At
712 2592 829 2664 quaudo
853 2608 917 2647 mo·

96 2695 162 2752 vere
176 2677 278 2735 volunt
291 2677 384 2734 Deum
399 2694 549 2732 summum
564 2678 697 2735 Judicem
709 2680 744 2736 ad
757 2680 919 2736 miscricor-

97 2768 187 2835 diam,
203 2770 236 2822 ut
249 2765 396 2834 Ezechias,
408 2766 453 2821 cui
467 2783 534 2821 cum
546 2767 656 2823 dictum
667 2772 744 2824 esset
756 2787 773 2824 a
783 2769 916 2826 Domino:

98 2881 112 2909 a
129 2855 260 2914 Morieris
276 2861 309 2912 tu
324 2860 353 2912 et
367 2872 426 2911 non
440 2856 528 2922 vives,
545 2856 598 2912 ait:
617 2857 772 2926 Memento,
784 2858 916 2928 Domine,

97 2947 242 3022 quomodo
266 2944 477 3002 ambulaverim
502 2962 599 3001 eoram
615 2950 643 3002 te
659 2947 687 3001 in
707 2947 828 3003 veritate
853 2948 916 3015 (leo.

972 2052 1046 2108 dolis
1061 2053 1161 2109 anima
1176 2059 1279 2127 sponte
1294 2058 1326 2110 ut
1341 2053 1454 2111 Christo
1469 2054 1610 2111 inhaereat
1624 2072 1680 2128 per
1699 2054 1792 2112 fidem.

972 2140 1044 2196 Cum
1060 2143 1139 2197 enim
1155 2147 1257 2198 cetera
1272 2144 1365 2216 possit
1377 2144 1464 2200 homo
1480 2143 1574 2200 fecere
1594 2141 1713 2214 nolens,
1738 2159 1794 2200 erv-

972 2229 1040 2286 dere
1055 2248 1112 2286 aon
1129 2231 1408 2304 potestaisivolens.
1419 2231 1588 2289 Pasciturse
1604 2231 1634 2287 in
1643 2231 1794 2289 dilectione

971 2323 1000 2375 et
1024 2320 1209 2376 observantia
1234 2321 1438 2377 nrandatorum
1456 2322 1505 2378 Dei
1529 2326 1793 2393 perseveraturum.

971 2407 1106 2464 Christus
1118 2427 1183 2465 vero
1199 2427 1326 2484 sponsus
1342 2410 1466 2483 largitur
1478 2409 1503 2465 ei
1519 2413 1633 2466 eternae
1648 2409 1796 2467 haeredita·

971 2497 1010 2553 tis
1025 2497 1135 2553 dotem.
1154 2500 1265 2571 ltaque,
1283 2498 1387 2555 fratres
1398 2498 1544 2572 mei,quia
1554 2498 1760 2571 spopondistis
1768 2499 1794 2554 in

971 2585 1117 2659 baptismo
1135 2604 1184 2642 tros
1200 2605 1251 2659 per
1265 2587 1352 2643 fidem
1368 2587 1482 2644 Christo
1503 2604 1614 2662 sponso
1637 2588 1793 2655 adherere,

972 2676 1042 2748 quia
1057 2676 1133 2749 pacti
1158 2676 1211 2732 esti
1238 2694 1288 2733 vos
1303 2676 1333 2732 in
1359 2677 1500 2733 charitate
1524 2677 1589 2749 ejus
1606 2681 1636 2733 et
1651 2676 1795 2733 mandatis

972 2782 1164 2837 perseverare,
1182 2767 1259 2838 quod
1274 2766 1416 2838 Spiritum
1442 2771 1575 2822 sanctum
1598 2766 1755 2840 accepistis
1768 2765 1794 2821 in

972 2859 1157 2927 peecatorum
1170 2855 1351 2922 remissione,
1364 2853 1724 2928 consideratediligeuter,
1736 2855 1793 2912 siin

971 2942 1018 2999 bis
1034 2943 1341 3017 perseveratis‚procul
1351 2944 1439 3000 dubio
1455 2943 1721 3017 beatiestis,quam
1735 2962 1795 3018 per·

95 3040 223 3105 xxxviii).
243 3061 253 3086 ·
270 3037 327 3091 Aut
342 3034 460 3108 quando
473 3033 576 3091 volunt
587 3037 762 3107 persuadere
777 3037 917 3092 auditori-
971 3033 1083 3104 cepturi
1100 3032 1172 3089 estis
1197 3034 1293 3089 dotem
1317 3038 1430 3089 aeternas
1454 3033 1646 3090 hereditatis.
1674 3032 1792 3101 Quodsi

96 3127 161 3195 bus,
176 3131 208 3182 ut
222 3124 277 3181 sibi
293 3123 387 3196 magis
402 3124 588 3196 acquiescant
603 3142 692 3196 quam
704 3109 952 3198 pseudomeni-C
971 3137 1146 3177 consensum
1162 3128 1190 3178 et
1204 3127 1322 3195 pactum
1339 3121 1573 3195 desponsationis
1588 3127 1695 3178 vestrae
1716 3124 1791 3180 fran-

96 3215 254 3281 catoribus,
270 3218 302 3270 ut
317 3213 363 3269 bic
379 3212 501 3269 Paulus:
518 3213 654 3282 llinistri,
676 3214 781 3286 iuquit,
808 3214 914 3270 Christi
970 3210 1066 3283 gistis,
1081 3211 1216 3268 festinate
1232 3229 1320 3284 quam
1336 3211 1423 3268 citius
1436 3210 1578 3284 poteritis,
1591 3210 1665 3267 illud
1679 3229 1793 3286 perpes·

86 3310 175 3372 sunt,
192 3309 221 3360 et
244 3320 307 3377 ego,
333 3304 377 3374 (ut
400 3301 497 3357 minus
519 3301 637 3374 sapiens
661 3302 746 3372 dico),
770 3303 837 3375 plus
852 3321 914 3376 ego.
971 3299 1099 3356 nitentia
1115 3301 1288 3367 remedium,
1305 3300 1376 3356 illud
1393 3302 1543 3367 renodare,
1559 3300 1704 3373 quoniam
1719 3301 1794 3358 beni·

95 3393 175 3449 Hanc
190 3408 258 3466 ergo
274 3390 474 3462 insipientiam
490 3407 574 3445 suam
591 3393 671 3463 optat
690 3391 846 3463 Apostolus
867 3409 916 3447 su·
970 3405 1046 3462 gnus
1062 3394 1090 3445 et
1105 3389 1270 3446 misericors
1286 3395 1331 3446 est
1347 3391 1497 3460 Dominus,
1520 3389 1569 3463 qui
1595 3394 1664 3464 post
1689 3389 1792 3447 multas

96 3481 207 3549 stineri,
224 3497 257 3535 ac
272 3480 296 3535 si
313 3480 403 3535 dicat:
422 3478 494 3552 Opto
511 3483 543 3533 ut
558 3495 654 3535 nisam
669 3495 824 3551 personam
836 3497 916 3536 com·
970 3477 1178 3536 fornicationes
1193 3479 1323 3535 animam
1339 3496 1397 3534 uon
1407 3478 1792 3553 solumreciperedignatur,

96 3571 282 3626 mendantem
299 3585 357 3623 nou
373 3567 568 3639 redarguatis,
585 3568 635 3624 scd
652 3568 840 3625 sustineatis:
854 3570 915 3636 sed,
969 3566 1795 3642 imoutadseipsumredeathortatur.Undeipsepertere·

96 3658 172 3732 quod
188 3657 254 3729 plus
271 3660 324 3723 est,
341 3658 509 3728 supportate
525 3672 580 3712 me.
597 3657 783 3713 Sustinemus
794 3657 871 3713 enim
883 3674 917 3713 ea
971 3655 1061 3710 mium
1078 3656 1162 3712 dicit:
1181 3680 1194 3706 «
1212 3657 1241 3712 Si
1258 3657 1397 3713 recedens
1412 3674 1428 3713 a
1443 3657 1504 3712 viro
1520 3674 1572 3713 suo
1586 3656 1698 3714 mulier
1713 3659 1795 3714 duxe.

95 3765 159 3820 que
175 3762 232 3802 non
248 3744 455 3818 approbamus.
467 3748 679 3816 supportamus
689 3762 722 3801 ea
733 3746 840 3817 quibus
851 3763 917 3801 con·
971 3745 1008 3800 rit
1023 3744 1402 3818 alterumvirum,nunquid
1412 3746 1616 3802 reverteturnd
1630 3744 1794 3802 eumultrai

95 3836 250 3894 sentimus.
266 3836 317 3891 Est
331 3850 398 3906 ergo
410 3850 443 3889 ao
455 3834 581 3889 sidicat:
593 3834 621 3888 si
632 3833 817 3892 infirmitates
829 3840 857 3891 et
868 3852 916 3891 ex·
971 3834 1108 3907 Nunquid
1122 3853 1179 3891 uon
1196 3834 1307 3907 polluta
1321 3836 1376 3891 erit
1386 3835 1561 3892 mulierillet
1570 3835 1603 3890 Et
1611 3840 1644 3890 tu
1656 3835 1795 3891 fornicata

95 3942 197 3983 cessus
213 3924 304 3998 patris
313 3921 400 3980 vestri
411 3922 573 3996 spiritualis
584 3923 729 3979 sustinere
740 3927 768 3979 ot
779 3940 916 3980 excusare
970 3939 1001 3978 es
1018 3940 1085 3978 cum
1100 3925 1281 3981 amatoribus
1297 3924 1408 3994 multis,
1425 3929 1522 3982 tamen
1534 3924 1569 3980 ad
1582 3940 1630 3979 me
1642 3929 1793 3989 revertere,

95 4014 216 4083 debetis,
232 4017 260 4069 ct
275 4011 447 4068 maledictus
457 4015 510 4079 est,
527 4011 576 4084 qui
588 4010 765 4068 sicutham
780 4012 918 4084 pudenda
971 4015 1000 4068 et
1015 4029 1067 4084 ego
1082 4017 1109 4067 te
1126 4014 1297 4086 suscipiam,
1314 4014 1354 4068 ait
1377 4015 1518 4070 Dominus
1543 4014 1606 4086 tter.
1623 4016 1678 4083 m),
1697 4013 1794 4082 »Quis

95 4102 304 4176 patrisirridet,
313 4105 421 4174 quanto
431 4101 685 4174 magisvosmeem
693 4105 917 4174 proptervossu·
970 4101 1189 4157 visceradivinae
1197 4102 1402 4158 misericordiae
1413 4119 1536 4175 pensare
1548 4101 1695 4158 sufficiat?
1705 4103 1794 4159 Homo

96 4195 226 4264 sceptam
236 4189 435 4263 insipientiam
443 4193 615 4262 supportare
626 4189 860 4257 debetis‘tQuare
869 4208 918 4246 au·
972 4195 1105 4261 peccator
1120 4191 1271 4246 mulierem
1287 4196 1353 4262 post
1368 4191 1590 4247 fornicationem
1605 4191 1642 4246 ad
1660 4208 1694 4248 se
1715 4191 1794 4247 rede·

95 4285 154 4336 tem
170 4295 237 4336 eum
253 4279 283 4334 in
298 4279 352 4335 boc
368 4282 539 4352 supportare
556 4278 681 4334 debeant
695 4280 832 4347 ostendit,
849 4297 916 4335 cum
971 4285 1070 4336 antem
1088 4281 1213 4352 recipere
1230 4281 1414 4353 dedignatur,
1431 4284 1460 4336 et
1474 4281 1561 4350 Deus,
1572 4279 1623 4353 qui
1636 4280 1703 4353 ipsa
1715 4297 1796 4337 mun·

95 4369 211 4426 subdit:
238 4369 363 4425 AEmutor
386 4371 460 4423 enim
483 4384 528 4424 vos
551 4368 601 4423 tter·
623 4368 805 4424 emulatione.
828 4370 867 4424 Ac
892 4369 916 4425 si
972 4368 1044 4423 ditia
1058 4373 1112 4436 est,
1130 4370 1259 4425 animam
1275 4374 1341 4442 post
1356 4368 1464 4426 multas
1489 4369 1700 4426 fornicationes
1716 4369 1795 4426 utad

95 4458 225 4532 apertius
240 4457 330 4513 dieat:
347 4456 467 4529 Propter
483 4456 537 4511 hoc
552 4455 666 4512 debetis
681 4472 727 4511 me
744 4461 917 4529 supportare
931 4481 955 4545 D
973 4474 1004 4514 se
1017 4458 1115 4514 redeat
1129 4458 1272 4514 hortatur.
1288 4459 1353 4515 Jam
1370 4459 1454 4515 nobis
1474 4457 1574 4514 nullus
1598 4459 1797 4515 excusationis

95 4547 124 4605 in
141 4548 206 4615 hoo,
218 4547 287 4620 quia
295 4544 602 4619 propterdilectionem
613 4550 642 4600 et
652 4544 776 4600 salutem
787 4550 915 4603 vestram
970 4544 1145 4620 relinquitur
1159 4548 1250 4604 loeus.
1267 4552 1433 4621 Propterea,
1445 4548 1549 4603 iratres
1563 4547 1633 4615 mei,
1646 4553 1716 4621 post
1727 4546 1798 4605 mul·

95 4637 169 4694 facio
185 4640 279 4693 totum
296 4635 359 4690 boc.
375 4635 426 4691 Est
439 4638 537 4689 autem
553 4633 613 4689 baec
628 4650 696 4705 pars
710 4634 806 4702 tertia,
818 4634 848 4690 in
860 4653 919 4706 qua
971 4639 1017 4689 tas
1032 4635 1230 4708 turpitudines
1245 4640 1273 4692 et
1287 4637 1538 4709 prevaricationes
1550 4636 1586 4692 ad
1598 4636 1691 4692 Deum
1704 4654 1799 4694 rever·

95 4726 249 4799 Apostolus
264 4725 335 4781 dicit
350 4740 380 4779 se
396 4720 613 4779 neszelarczclo
627 4722 685 4779 Dei.
697 4723 828 4779 AEmulor
838 4724 917 4780 euim
972 4728 1079 4791 tamur,
1097 4723 1206 4780 scelera
1222 4729 1322 4782 nostra
1332 4725 1470 4799 lacrymis
1480 4743 1552 4782 vera
1563 4725 1745 4799 poenitentiae
1756 4725 1799 4782 di·

95 4832 147 4889 pro
163 4816 223 4873 zelo
239 4814 367 4888 positum
378 4816 433 4869 ast.
447 4813 521 4868 Sans
532 4811 580 4884 qui
592 4812 809 4885 zelatsponsam
821 4830 916 4881 suam,
971 4812 1099 4881 luamus,
1112 4814 1666 4885 operibusmisericordiaeredimamus,
1673 4813 1799 4886 iejuniis

96 4910 221 4977 quatuor
236 4905 317 4960 facit:
341 4920 405 4959 eam
428 4901 565 4958 ardenter
588 4907 677 4969 amat,
699 4919 763 4958 eam
790 4901 917 4960 cultibus
971 4907 1000 4958 et
1014 4902 1221 4959 afflictionibus
1236 4920 1357 4977 corpora
1372 4910 1471 4962 nostra
1486 4903 1676 4976 castigemus,
1690 4904 1799 4960 oratio-

95 4999 225 5062 exornat,
244 5010 346 5049 omncs
366 5009 505 5064 personas
530 4992 733 5063 suspectasab
754 5006 788 5047 ea
813 5007 918 5065 seque·
972 4990 1204 5048 nibusctbonis
1228 4992 1365 5064 operibus
1390 4994 1509 5065 superni
1539 4991 1641 5066 sponsi
1671 4992 1798 5065 gratiam

96 5086 180 5150 strat,
195 5098 257 5137 eam
275 5080 496 5148 monitionibus,
514 5081 601 5136 minis
613 5084 640 5136 et
650 5080 820 5136 verberibus
833 5081 917 5136 casti·
971 5078 1173 5151 imploremus,
1191 5081 1226 5136 ad
1246 5098 1313 5136 eum
1336 5081 1404 5136 totis
1431 5081 1568 5155 suspiriis
1584 5085 1613 5136 et
1637 5080 1800 5154 gemitibus

96 5174 154 5246 gat.
171 5170 218 5227 Sic
236 5169 361 5226 faciebat
386 5169 504 5225 Paulus.
521 5169 566 5226 Sic
592 5169 685 5225 facere
711 5169 797 5225 debet
820 5170 917 5225 omnis
972 5168 1145 5236 clamemus,
1162 5170 1353 5241 quatenusad
1373 5186 1442 5225 suas
1458 5175 1580 5226 aeternas
1602 5168 1727 5242 nuptias
1748 5184 1801 5224 nos

95 5264 197 5334 pastor
219 5258 445 5315 ecclesiasticus.
473 5258 561 5314 Debet
584 5257 663 5314 enim
687 5256 846 5314 Ecclesiam
862 5259 918 5315 sibi
972 5257 1157 5313 introducere
1181 5257 1329 5331 dignetur,
1347 5261 1375 5313 et
1391 5259 1486 5314 dotem
1512 5257 1691 5330 promissam
1713 5257 1800 5313 uobis

96 5348 284 5406 commissam
300 5349 436 5404 ardenter
451 5364 560 5414 amare,
577 5347 663 5403 bonis
674 5345 805 5403 moribus
819 5353 847 5403 et
860 5348 918 5403 vir·
972 5346 1113 5402 concedat
1130 5345 1270 5402 Dominus
1283 5349 1384 5402 noster
1397 5346 1484 5404 Jesus
1499 5346 1645 5414 Christus,
1662 5346 1714 5419 qui
1731 5361 1798 5402 cum

95 5437 209 5494 tutibus
225 5452 450 5502 ramesmere,
465 5435 626 5504 hereticos,
638 5435 811 5492 criminosos
822 5439 850 5492 et
859 5453 919 5492 om·
972 5435 1057 5491 Patre
1070 5439 1099 5490 et
1113 5432 1222 5506 Spiritu
1237 5439 1338 5491 sancto
1353 5434 1423 5492 vivit
1437 5438 1465 5492 et
1475 5440 1577 5510 regnat
1587 5439 1665 5493 Deus
1675 5449 1800 5514 perom-

95 5543 148 5591 nes
163 5525 329 5588 animarum
345 5527 529 5602 corruptores
544 5524 580 5583 eb
596 5541 631 5584 ea
644 5527 837 5602 sequestrare,
854 5541 919 5584 eam
974 5521 1023 5582 nia
1039 5523 1154 5582 saeculo.
1170 5523 1272 5580 Amen.
