3816 6006
105 248 184 313 4967
616 251 814 314 ADDCNDA.
831 283 871 297 -
887 251 1085 315 sanonum
1107 251 1314 314 sonorus.
1740 249 1809 314 1968

104 380 131 454 ll
141 383 219 438 loce.
232 383 277 450 ιι.)
286 381 380 446 Quare
393 397 450 437 non
461 384 506 438 est
516 380 694 454 mirandum,
706 383 730 439 si
743 382 813 439 mali
823 383 926 440 odiunt
938 386 966 453 Α
981 387 1127 441 naturam.
1151 386 1184 440 dt
1195 384 1273 440 scitis
1287 385 1419 456 quocica
1433 385 1521 441 omnis
1535 383 1683 440 homicida
1697 398 1755 441 coa
1767 385 1809 439 to-

101 468 207 537 llense,
231 470 373 542 quoniam
396 470 484 527 stiam
511 472 624 544 seipsos
649 471 762 528 odiunt.
780 473 832 540 Qui
846 473 925 528 enim
981 474 1024 529 let
1035 476 1121 529 uitem
1134 481 1265 530 eterriom
1280 474 1350 529 inse
1361 481 1525 542 morientem,
1543 474 1627 529 sicut
1638 472 1810 546 neopalmes

28 605 35 621 .
102 558 195 631 litteo
205 560 388 631 iniquitatem,
403 559 460 616 odil
474 563 598 617 oriamur
610 578 689 617 soora
700 562 786 627 (Ptol.
802 562 842 633 ιι.)
853 562 927 625 Quo·
980 563 1083 618 aridus
1095 566 1125 618 ει
1139 579 1156 618 a
1170 562 1227 618 vite
1241 561 1391 635 praecisus.

102 648 190 707 moda
204 647 306 722 diliget
320 648 423 717 alium,
433 649 484 722 qui
496 651 627 723 seipsum
642 667 699 707 non
711 650 824 724 diligit‘l
833 651 927 715 Quare
1015 651 1152 724 Sequitur
1165 668 1235 723 pars
1249 652 1344 720 tertia,
1356 651 1386 706 in
1402 669 1461 725 qua
1472 652 1509 709 ad
1520 653 1742 726 perfectionem
1752 653 1809 710 aba

103 752 161 803 uon
176 741 221 795 est
235 736 403 795 mirandum
424 738 448 795 si
464 739 534 795 mali
550 740 654 797 odiunt
668 740 770 796 boues.
797 741 870 806 Quia
883 741 926 796 sie
980 741 1075 798 citatis
1090 759 1144 798 nos
1159 742 1292 798 bortatur
1305 741 1437 815 exemplo
1449 742 1569 811 Christi,
1585 742 1699 800 dicens
1710 759 1717 797 :
1730 743 1811 800 late

101 830 325 894 consueverunt,
333 828 445 884 iaciunt
453 844 510 884 nen
520 833 596 901 quod
608 829 675 885 boui
687 835 863 895 mereantur,
875 830 926 886 sed
979 834 1154 902 coenavimus
1176 831 1338 888 charitalem
1359 832 1418 899 liei,
1440 834 1573 904 quonlam
1597 834 1661 904 ipse
1672 848 1726 904 pro
1741 834 1809 889 aoth

102 916 181 989 quod
197 915 253 989 ipsi
265 916 430 975 solent-Sic
446 918 483 974 ab
497 917 580 976 initio
593 919 663 976 Cain
679 919 798 991 iniquus
809 921 925 991 justum
980 922 1104 976 enimam
1118 937 1198 976 suom
1209 922 1310 992 posuit,
1321 928 1403 977 dnos
1417 920 1545 978 dctemm
1552 938 1606 994 pro
1620 925 1809 994 [retribuam

102 1005 307 1065 enarratam
331 1023 419 1063 auum
446 1012 618 1079 persecutus
647 1009 862 1065 estotoccidit.
879 1008 925 1066 Sic
979 1009 1524 1081 strisonimospcnere.Aesidiceret:
1542 1011 1808 1085 Charitaspcrcx·

101 1092 925 1169 iniquiiratreslustumlesepbsiciniquusSaulaanctum
980 1099 1153 1156 bibitionem
1174 1099 1271 1171 operis
1295 1098 1490 1172 cognoscitur.
1515 1101 1603 1157 Sicut
1628 1117 1702 1173 ergo
1729 1103 1807 1171 Deus,

95 1182 205 1251 ¹David,
220 1184 262 1240 sic
277 1183 360 1257 impii
372 1184 481 1241 Hehrei
498 1191 616 1242 sanctos
629 1187 797 1259 propbetas,
813 1186 855 1243 sic
869 1187 925 1242 ini·
980 1188 1162 1256 charitatem,
1172 1187 1375 1261 quarnbabeat
1386 1205 1455 1263 erga
1466 1204 1530 1258 nos,
1546 1206 1601 1262 per
1610 1191 1807 1263 operationem

102 1272 154 1345 qui
164 1272 258 1331 iudai
271 1273 431 1339 Christum,
441 1274 483 1331 sie
493 1273 626 1332 infideles
636 1276 747 1333 fideles.
758 1277 924 1348 Propterea,
980 1276 1806 1351 nobisdcmonstraritponendopronobisanimamsuam,

12 1393 14 1396 <
95 1361 207 1421 ¹iratres
217 1362 395 1430 charissimi,
407 1380 461 1419 nec
471 1363 619 1421 miremini
629 1365 654 1421 si
665 1365 768 1421 mundi
780 1369 926 1422 amatores
980 1367 1022 1424 ita
1030 1371 1059 1423 et
1073 1384 1132 1423 non
1142 1366 1326 1434 charitatem,
1342 1382 1431 1438 quam
1446 1367 1596 1425 babemus
1608 1367 1644 1425 in
1656 1371 1807 1442 proximae,

101 1468 153 1510 ves
167 1450 272 1509 odiunt
285 1454 314 1508 ct
328 1457 554 1526 persequuntur.
570 1453 712 1510 Dominus
722 1454 800 1511 enim
811 1454 873 1511 suis
884 1454 926 1510 di·
979 1472 1067 1528 opere
1079 1455 1270 1512 ostendamus
1284 1455 1418 1528 ponende
1431 1473 1482 1529 pro
1493 1455 1537 1513 eis
1552 1456 1680 1515 animas
1691 1463 1806 1516 nostras.

102 1540 340 1614 scipulieiuquit:
353 1542 432 1599 sine
440 1545 575 1614 persecuti
583 1552 657 1611 sual,
667 1561 713 1600 uos
721 1553 924 1616 persequenter,
979 1545 1030 1600 liet
1040 1548 1138 1600 autem
1151 1547 1357 1617 argumentum
1369 1561 1387 1600 a
1397 1545 1512 1617 majori.
1524 1545 1680 1610 Quoniam
1692 1547 1717 1604 si
1728 1548 1807 1616 Deua

101 1638 132 1687 al
146 1631 293 1704 implectur
314 1631 385 1686 illud
408 1632 580 1691 Psalmistre:
606 1633 675 1701 ditio
696 1634 757 1689 odio
772 1633 925 1690 hahuerunt
980 1632 1029 1703 qui
1045 1650 1103 1689 non
1117 1632 1282 1698 tenebatur,
1297 1635 1397 1688 tantus
1412 1635 1440 1688 et
1452 1631 1532 1699 talis,
1548 1638 1579 1690 ει
1593 1634 1684 1707 prior
1697 1652 1750 1708 pro
1764 1652 1807 1692 no·

100 1737 144 1777 cte
157 1722 245 1791 qratia
258 1721 319 1793 (53)
335 1720 424 1794 (loco.
439 1724 499 1789 xv.)
978 1722 1024 1778 bis
1039 1720 1147 1777 talibus
1161 1725 1191 1777 et
1203 1725 1314 1790 tantus,
1330 1720 1459 1778 animam
1472 1739 1560 1779 suam
1576 1723 1695 1796 posuit,
1707 1730 1807 1798 quauta

136 1809 274 1882 Sequitur
287 1827 356 1883 pars
378 1811 516 1880 secunda,
533 1811 564 1866 in
579 1829 637 1884 qua
660 1812 787 1868 ostendit
810 1812 924 1885 eosqui
978 1812 1074 1884 magis
1085 1827 1148 1877 aas,
1166 1811 1216 1883 qui
1232 1814 1376 1878 tenemur,
1392 1811 1599 1883 prelratribus
1616 1814 1809 1871 nostriscem·

100 1897 504 1967 charitatembabeutrivere,
515 1899 581 1957 illos
591 1902 641 1972 qui
651 1918 709 1958 non
720 1900 829 1957 habent
839 1901 923 1967 mori,
978 1899 1221 1972 paribusanimas
1237 1903 1353 1955 nostras
1363 1899 1527 1972 corporales
1533 1917 1650 1973 ponere
1658 1902 1808 1960 dehemust

100 2004 168 2047 eum
184 1987 299 2045 subdit:
315 1990 367 2045 Nos
382 1996 474 2045 colem
485 1989 588 2045 scimus
602 1992 669 2060 quie
687 1991 817 2046 translati
830 2006 924 2046 sumus
979 1988 1017 2045 Ut
1030 1987 1141 2045 scilicet
1152 1987 1177 2043 si
1187 1987 1347 2044 viderimus
1363 1988 1465 2045 iratres
1480 1994 1600 2046 nostros
1617 2008 1638 2048 a
1653 1991 1807 2066 gentilibus

100 2076 133 2135 de
147 2085 232 2135 morte
245 2077 281 2133 od
304 2079 398 2143 uilem,
421 2080 552 2150 quonium
565 2078 707 2149 diligimus
721 2081 830 2150 fratres.
845 2080 884 2134 Ac
900 2077 924 2134 ei
979 2081 1091 2150 captos,
1115 2077 1145 2132 ia
1161 2076 1218 2133 fide
1233 2076 1394 2134 titubantes
1417 2081 1447 2133 at
1459 2078 1579 2147 dubios,
1596 2084 1742 2137 tenemur
1753 2099 1806 2149 ees,

100 2165 192 2224 dieat:
220 2165 353 2232 Quandiu
378 2166 489 2223 suimus
504 2166 566 2223 sinc
582 2166 734 2223 dilectione
749 2167 799 2223 Dei
815 2172 844 2224 ει
858 2183 923 2239 pro·
980 2166 1095 2222 animas
1106 2170 1221 2222 nostras
1234 2183 1285 2239 pro
1296 2166 1516 2223 confirmatione
1530 2168 1601 2225 ssdei
1619 2171 1770 2242 ponende,
1782 2173 1807 2228 in

99 2253 219 2323 simiis
227 2259 320 2311 morte
331 2258 515 2326 peccatorum
524 2256 694 2311 erumnadt
704 2260 860 2327 postquam
871 2272 925 2312 coe-
944 2268 948 2277 “
980 2256 1037 2311 fide
1046 2255 1228 2323 confirmare,
1241 2272 1278 2311 ne
1288 2255 1361 2312 sorte
1371 2256 1502 2328 negando
1512 2255 1544 2313 in
1557 2257 1665 2315 anima
1676 2261 1805 2333 perirent

100 2343 299 2416 pimusDeum
311 2347 342 2400 et
352 2343 517 2416 proximum
528 2343 657 2416 diligere,
668 2343 924 2416 coepimusrivere,
979 2345 1033 2400 Pro
1046 2345 1104 2400 vita
1118 2361 1185 2400 vero
1199 2344 1324 2418 proximi
1339 2344 1480 2417 corporali
1493 2345 1586 2402 vitam
1608 2354 1747 2406 nostram
1761 2366 1807 2423 pe·

98 2431 279 2489 vitascilieat
293 2431 443 2489 virtutum.
462 2432 543 2489 Sicut
557 2433 635 2489 enirn
646 2434 747 2489 odium
759 2437 788 2489 et
798 2438 925 2489 contem·
979 2451 1048 2491 uere
1063 2451 1121 2490 non
1136 2438 1281 2490 tenemur.
1297 2432 1436 2506 Legimus
1449 2438 1549 2491 tamen
1565 2435 1596 2492 in
1614 2437 1742 2512 Dialoga
1751 2456 1807 2495 san·

98 2524 168 2594 ptus
183 2525 229 2579 eat
242 2523 307 2578 lona
317 2521 450 2579 emnium
463 2521 610 2590 vitiorum,
628 2523 668 2579 ita
679 2523 840 2579 econtrario
856 2523 924 2578 cba—
979 2527 1058 2577 ctum
1072 2522 1243 2578 sanctulum
1260 2540 1313 2595 pro
1338 2523 1465 2595 quodam
1480 2523 1559 2580 clare
1585 2527 1627 2582 ab
1644 2528 1806 2585 infidelibus

99 2611 171 2677 ritas
187 2610 238 2669 Dei
253 2615 282 2667 ει
297 2610 421 2684 proximi
435 2611 554 2669 ostiens
569 2611 700 2667 emnium
712 2611 926 2667 virtutumPcr
979 2617 1097 2685 captum
1112 2612 1203 2668 vitam
1219 2629 1303 2668 suam
1319 2612 1474 2686 obligasse,
1489 2618 1523 2668 ut
1538 2614 1658 2672 scilicet
1675 2616 1805 2674 maneval

99 2699 284 2760 dilectionem
293 2700 402 2774 quippe
412 2701 613 2757 connectimur
625 2701 683 2757 Deo
698 2705 727 2757 ει
739 2701 882 2773 proximo,
894 2705 926 2757 ut
979 2706 1077 2775 captu,
1092 2702 1136 2758 vel
1152 2701 1283 2775 seipsum
1294 2718 1346 2773 pre
1356 2718 1390 2758 ec
1400 2702 1442 2759 eis
1454 2702 1626 2760 restitueret
1641 2708 1737 2772 Quem
1747 2723 1805 2764 cum

99 2790 194 2849 simus
209 2790 342 2847 membra
356 2789 486 2863 corperis
501 2790 618 2859 Christi,
635 2791 713 2862 quod
726 2794 773 2847 est
785 2790 923 2847 Ecclesia.
979 2795 1064 2847 nocto
1079 2791 1213 2847 recedere
1229 2790 1429 2863 compulisset,
1445 2791 1508 2864 ipsa
1522 2808 1577 2864 pro
1592 2810 1630 2850 cc
1657 2812 1746 2853 mane
1767 2812 1806 2853 aa·

97 2880 134 2937 et
148 2880 173 2937 si
189 2878 344 2937 dilectione
358 2896 503 2948 caremus,
515 2881 579 2952 jam
595 2897 648 2935 uec
659 2879 792 2935 membru
804 2878 924 2950 Christi,
979 2880 1077 2952 ipsum
1088 2879 1391 2953 exhibuitgladiatcri.
1400 2880 1528 2945 Quicum
1536 2885 1806 2952 sanctum,elcvato

99 2985 153 3028 nec
164 2968 200 3027 de
209 2967 376 3042 integritate
386 2969 449 3040 ejus
459 2968 587 3041 corporis
598 2985 713 3037 sumus,
726 2967 800 3024 nihil
813 2968 926 3024 fructus
978 2968 1529 3043 gladio,decollarerellcl,dexteracjus
1538 2971 1680 3046 diriguit.
1688 2975 1806 3049 Adquod

99 3058 251 3127 facientes,
261 3061 313 3115 sad
328 3057 434 3115 mortui
446 3062 475 3114 et
489 3057 669 3114 damnationi
685 3058 826 3130 deputati.
843 3059 924 3124 Quod
979 3057 1154 3114 miraculum
1170 3057 1304 3113 infideles
1317 3058 1508 3127 admirantes,
1524 3060 1649 3117 veniam
1665 3064 1705 3120 ab
1719 3081 1752 3122 co
1766 3080 1808 3135 po

99 3146 243 3207 Dominus
253 3147 445 3220 inhvangalio
456 3164 508 3220 per
517 3146 739 3204 similitudinem
750 3146 817 3202 vitis
828 3151 856 3203 et
866 3145 926 3219 pal·
941 3132 963 3200 C
981 3153 1077 3216 scunt,
1088 3151 1117 3203 et
1131 3149 1164 3203 ul
1173 3163 1257 3218 prece
1267 3163 1323 3202 aua
1331 3147 1479 3204 dexteram
1493 3164 1547 3205 suo
1556 3150 1733 3208 decollatori
1752 3153 1808 3209 red·

100 3237 207 3295 mitum
222 3236 359 3305 ostendit,
376 3237 493 3293 dicens:
509 3237 717 3305 boccumvilla
732 3244 757 3291 ct
766 3251 812 3292 vos
825 3237 926 3308 palmi·
980 3237 1072 3304 deret,
1088 3239 1216 3302 exerant,
1229 3240 1259 3291 et
1273 3236 1352 3308 quod
1362 3235 1447 3292 vellet
1457 3253 1569 3293 munus
1578 3237 1618 3293 ab
1631 3237 1679 3295 eis
1689 3239 1809 3313 postula·

100 3333 146 3389 tes.
171 3325 249 3383 Sleet
274 3326 378 3397 palmes
402 3340 479 3382 cese
502 3341 558 3381 oon
578 3333 664 3397 potest
678 3330 769 3397 locere
794 3329 926 3397 sumtum,
981 3323 1633 3396 retalsanctusexactoperjusJ'urandumab
1646 3344 1683 3385 ee
1694 3329 1808 3385 neultra

103 3416 163 3477 aro
175 3416 463 3483 marchitrudem
476 3430 525 3469 aec
535 3430 589 3481 uos,
600 3415 658 3469 nisi
667 3416 696 3468 io
706 3417 927 3473 memenseritis.
981 3413 1156 3486 sanguinem
1165 3412 1360 3469 christianum
1371 3412 1512 3482 sunderat,
1524 3413 1552 3469 ei
1563 3414 1722 3474 dexteram
1732 3418 1807 3474 reati·

103 3505 136 3561 Sc‘
150 3505 212 3576 quis
224 3505 256 3560 ia
269 3519 313 3559 me
326 3519 382 3559 aon
395 3503 537 3565 meuserit,
555 3504 677 3559 mittetur
690 3504 765 3573 [oros
782 3505 853 3559 sicel
865 3504 928 3575 pol·
981 3501 1808 3575 tuit,etemncscaptivescbristianesquostenebantlibs·

103 3608 170 3659 mes,
185 3599 212 3649 et
225 3599 335 3658 arescet,
348 3598 375 3647 et
388 3591 515 3662 colligent
532 3608 603 3659 eaor,
620 3600 646 3647 ct
657 3593 686 3647 ia
702 3594 792 3663 r'gocru
806 3595 926 3662 micent,
983 3591 1809 3664 resrecepitlhil.Ecce,lratresmei,quantasitrirtuseba·

103 3688 130 3741 ct
142 3680 218 3737 ardet
238 3683 330 3748 (loen.
345 3683 404 3749 xv.)
425 3679 507 3735 Unde
520 3684 549 3735 ct
564 3680 611 3736 bic
626 3680 776 3736 subditur:
802 3684 860 3754 Qui
871 3699 928 3738 aea
982 3681 1160 3747 ritatis,dum
1173 3698 1251 3737 unus
1262 3696 1368 3753 cerpus
1381 3696 1469 3737 suum
1485 3697 1536 3753 pro
1552 3698 1683 3756 corpore
1698 3686 1807 3743 alterins

102 3769 205 3842 diligit,
228 3776 320 3825 munel
334 3770 366 3825 ia
392 3776 488 3826 rrrorte.
512 3769 615 3825 Videat
630 3786 698 3842 ergo
723 3771 928 3844 unusquisque
983 3769 1069 3827 morti
1085 3770 1212 3843 exponit,
1229 3770 1321 3826 virtue
1342 3769 1440 3826 divina
1454 3769 1694 3831 demonstratur.
1710 3777 1745 3832 Et
1757 3791 1806 3832 nea

103 3862 238 3919 nochum
254 3873 344 3931 penes
354 3875 385 3914 se
399 3857 426 3915 si
441 3856 538 3931 diligit
551 3857 642 3914 Deum
659 3862 687 3915 ει
701 3859 878 3931 proximum.
895 3861 929 3916 ut
981 3859 1077 3916 solum
1089 3858 1133 3915 illi
1147 3860 1216 3928 due,
1231 3859 1282 3915 scd
1297 3860 1385 3916 etiam
1400 3859 1484 3916 multi
1500 3866 1628 3919 ameria
1639 3863 1806 3923 liberantur.

101 3947 128 4011 si
144 3946 251 4022 diligit,
266 3947 341 4004 sciat
352 3946 460 4021 quiain
476 3947 533 4004 Dee
543 3946 622 4013 vivit,
635 3949 838 4004 otmambrum
849 3948 928 4005 Cbri·
1018 3947 1156 4021 Sequitur
1170 3965 1239 4020 pars
1264 3951 1379 4020 quarta,
1395 3948 1500 4020 inqua
1522 3949 1710 4010 dehortatur
1731 3970 1807 4011 nost

102 4039 142 4099 au
155 4042 210 4095 est.
226 4037 256 4093 si
272 4040 369 4094 autem
394 4054 452 4094 non
471 4036 577 4110 diligit,
594 4036 668 4094 sciat
680 4037 752 4109 quia
765 4038 795 4094 in
811 4044 927 4111 peccato
982 4036 1056 4094 laisa
1071 4037 1235 4104 dilectione,
1246 4037 1361 4094 dicens:
1374 4039 1407 4094 Si
1416 4041 1477 4110 quis
1487 4038 1619 4096 hahuerit
1630 4044 1810 4100 subeuntium

103 4130 237 4185 mortuus
248 4130 302 4193 cst,
311 4131 339 4183 et
348 4128 513 4183 membrum
522 4126 629 4182 Christi
638 4143 696 4182 non
706 4131 760 4183 est.
771 4127 850 4184 Talis
860 4146 928 4202 crgo
982 4127 1064 4199 liujus
1079 4127 1186 4193 mendi,
1197 4135 1223 4183 ct
1237 4127 1335 4183 clleo
1343 4130 1458 4200 fratrem
1471 4143 1553 4184 saum
1562 4135 1757 4191 recessissem
1767 4148 1810 4207 ps·

103 4232 155 4290 per
169 4215 370 4289 poenitentiam
386 4216 503 4273 festinet
517 4232 678 4288 resurgere,
695 4220 724 4270 et
738 4233 789 4288 per
803 4216 926 4272 charita-
982 4218 1129 4285 liealem,el
1135 4217 1269 4272 clauserit
1278 4219 1381 4272 atsere
1389 4233 1442 4273 suo
1449 4217 1482 4272 ol
1494 4232 1535 4286 eo,
1546 4223 1693 4290 quomodo
1702 4224 1812 4280 cherlus

102 4309 162 4363 tam
178 4305 293 4362 Christo
316 4304 475 4375 adherere,
490 4321 528 4360 ne
551 4304 634 4373 sorte,
659 4310 800 4378 tanquam
815 4305 928 4378 palmes
981 4306 1031 4363 oet
1042 4309 1118 4379 (qua
1133 4306 1221 4361 etiam
1237 4305 1367 4362 animam
1388 4322 1439 4379 pro
1454 4305 1601 4379 proximis
1613 4312 1716 4385 ponit)
1730 4317 1813 4368 maaet

103 4395 254 4468 precisus,
271 4393 300 4450 in
313 4394 412 4466 ignem
423 4399 563 4450 aeternum
574 4393 718 4450 mittatur.
730 4394 798 4450 Etsi
809 4395 851 4451 sic
860 4412 928 4452 reus
982 4396 1012 4451 in
1022 4394 1148 4452 eo‘lAcsi
1156 4394 1241 4450 dieat:
1255 4394 1308 4458 Oui
1317 4412 1374 4451 non
1386 4397 1435 4452 dat
1446 4395 1527 4452 fratri
1535 4396 1692 4472 indigenti
1700 4402 1814 4459 munde·

103 4487 159 4551 est,
177 4483 228 4556 qui
247 4500 305 4539 non
320 4483 425 4556 diligit,
442 4482 538 4554 qualis
554 4488 598 4538 est
612 4481 661 4539 ille
676 4482 725 4556 qui
740 4483 829 4538 etiam
844 4485 928 4541 adit?
943 4505 965 4570 D
982 4483 1686 4561 numquambabetsubstantiam,quomodopr0
1696 4508 1732 4549 ee
1743 4492 1816 4548 data.

103 4573 208 4643 Omne,
224 4573 330 4645 inquit,
347 4575 395 4645 qui
410 4573 468 4628 odil
492 4574 608 4644 fratrem
620 4588 711 4641 seem,
727 4573 864 4629 homicide
878 4582 926 4630 est.
982 4573 1816 4638 rusestanimamsuam‘llnboceuimveradileeticalalat

102 4661 928 4734 Nonaitinimicum,veliniquum,quoniaminimicitiam
983 4662 1816 4738 discernitur,qu0niamveradilectionenpetestclaudera

102 4750 580 4824 veliniquitatembominisodisse
589 4751 930 4818 benumest,lraternita·
982 4752 1288 4825 viscerapietatis,sed
1301 4752 1640 4826 quodpotestoperatur.
1650 4758 1686 4815 Si
1697 4760 1816 4818 multura

102 4843 161 4895 tem
175 4858 242 4897 veru
263 4845 372 4898 natura
386 4841 494 4908 odisse,
515 4838 707 4895 homicidium
723 4845 776 4896 est.
792 4841 928 4911 Proinde,
982 4841 1081 4911 babet,
1089 4841 1342 4914 multumpraebet.
1350 4841 1380 4898 Si
1387 4842 1536 4898 medicum
1543 4844 1817 4908 etiamilludliben·

103 4927 217 4996 lratres‚
236 4947 344 5002 magna
357 4929 492 4985 discretio
504 4928 552 4984 hie
563 4927 699 4984 habenda
709 4933 763 5000 est,
773 4935 805 4985 ul
820 4929 930 4986 scilicet
983 4935 1028 4987 ter
1038 4930 1347 5003 impertitur.Silienti,
1363 4930 1388 4987 si
1405 4931 1502 4999 habet,
1518 4931 1626 4992 vinum
1640 4936 1819 5015 porrigit3si

102 5013 144 5071 ita
157 5016 224 5073 edio
239 5017 403 5075 babeamus
417 5018 546 5074 beminis
561 5017 675 5086 vitium,
689 5019 766 5090 quod
777 5036 835 5074 non
847 5023 930 5075 natu·
983 5019 1250 5087 nonhabet,datvcl
1261 5020 1604 5093 aquamcalidem.Quod
1613 5027 1820 5104 siearetlignis

102 5119 177 5171 rani,
186 5109 214 5161 et
223 5103 265 5161 ita
274 5105 723 5179 diligamusbominisnaturam,
736 5109 814 5180 quod
824 5107 928 5166 vitium
982 5109 1091 5182 quibus
1105 5125 1170 5165 eam
1182 5108 1343 5175 calefaciat,
1356 5110 1406 5165 det
1419 5108 1463 5166 vel
1474 5109 1619 5184 frigidam
1630 5131 1761 5189 aquam.
1771 5118 1822 5175 Nee

102 5191 167 5262 qiua
182 5191 249 5249 adio
262 5191 434 5251 habeamus.
459 5196 540 5259 Quod
560 5199 662 5251 contra
677 5195 742 5252 illos
758 5198 868 5269 estqui
883 5197 928 5255 vel
982 5197 1097 5255 amittat
1111 5198 1275 5254 mercedem
1300 5214 1384 5254 suam
1405 5197 1521 5255 dicente
1536 5199 1696 5262 Domino:
1715 5207 1751 5264 Si
1769 5206 1824 5282 qais

101 5281 928 5357 propteramicitiamhominieconsentiuntejusvitiis,rel
981 5286 1136 5343 dederitis
1158 5287 1269 5341 nomiae
1289 5300 1350 5341 mco
1371 5285 1487 5342 calicem
1509 5303 1597 5359 oquae
1610 5293 1750 5365 frigidae,
1777 5312 1825 5353 ms

101 5373 219 5442 propter
232 5370 419 5427 inimicitiam
440 5371 578 5427 vitiorum
594 5373 660 5430 odie
675 5373 785 5430 babent
799 5374 928 5434 hominis
979 5375 1073 5447 perdel
1095 5373 1244 5431 mercedem
1265 5388 1345 5429 suom
1366 5373 1475 5446 (Bottia
1492 5390 1526 5441 x,-
1552 5379 1650 5435 Herc.
1667 5384 1729 5456 rx.)
1751 5381 1828 5451 Quod

8 5518 14 5529 ἱ
103 5604 109 5613 ,
144 5545 191 5616 53)
206 5547 294 5621 Apud
307 5543 392 5600 ioan.
407 5542 463 5616 lag.
476 5553 507 5600 ut
520 5546 704 5621 adimpleatur
714 5567 802 5608 sermo
815 5555 863 5625 qai
879 5555 909 5609 io
922 5553 946 5611 lc
966 5570 980 5610 e
995 5567 1087 5610 comeo
1103 5552 1218 5621 scriptus
1230 5556 1278 5620 est,
1295 5554 1349 5606 ete.

145 5615 191 5695 5⁴)
205 5620 235 5680 S.
252 5617 340 5689 ureg.
356 5611 468 5690 Dialog.
484 5613 535 5672 lib.
552 5634 595 5689 ιιι,
611 5635 675 5694 cap.
691 5621 736 5688 47,
751 5626 823 5679 tom.
841 5571 964 5681 edwii
976 5619 1155 5695 Patrolugia.
