3816 6006
71 278 134 342 eet
536 283 696 347 ASSISES
718 282 770 346 ult
790 285 807 347 J
810 282 1034 347 causatum.
1044 317 1083 329 -
1097 283 1317 347 exducem.
1717 281 1777 346 398

70 412 160 488 vulgo
175 413 250 470 66116
263 417 385 471 vocatur
398 418 427 471 et
441 431 507 471 666
523 416 661 473 omnibus
676 417 712 474 ab
727 417 901 489 antiquitate
914 417 941 484 Α
991 416 1028 473 Ut
1042 415 1131 474 etiam
1145 416 1206 473 heo
1230 419 1332 472 nostra
1346 419 1457 471 statuta
1472 418 1535 470 rata
1556 418 1585 470 et
1607 413 1780 473 inconvulsa
1816 480 1819 484 ,

72 502 256 577 appendiciis
271 502 334 560 suia
354 503 385 559 in
407 503 539 576 decimis,
563 505 667 578 pratis,
696 505 787 574 silvis,
812 505 898 562 terris
952 509 1155 577 permaneant,
1171 505 1248 565 hanc
1263 502 1464 560 memorialem
1479 501 1704 577 descriptionem
1715 503 1779 560 11661

71 593 159 650 cultis
175 598 204 650 61
219 592 348 662 16661116,
364 591 520 660 viridariis,
540 594 727 661 molendinis,
742 595 837 668 equis,
853 595 897 668 pi·
948 594 1106 666 jussimus,
1123 600 1152 651 et
1168 593 1256 667 sigilli
1272 591 1363 650 nostri
1377 592 1581 666 impressione,
1599 591 1779 666 testiumque

69 681 263 750 stationibus,
283 681 436 755 acquisitis
462 687 490 739 et
513 683 698 756 acquirendis
717 688 745 740 61
759 683 898 742 omnibus
951 682 1123 740 idoneorum
1139 683 1274 739 affixione
1289 681 1482 756 signavimus.

69 772 411 844 quequoeunquemodo
419 771 563 828 nominari
573 772 896 846 possuntpertinentiis.
987 773 1111 847 Signum
1122 772 1268 830 Godelridi
1284 771 1368 828 ducis
1379 771 1429 845 qui
1441 771 1516 828 hauc
1529 770 1661 828 chartam
1673 768 1779 827 deseri·

68 861 220 934 simulque
235 860 387 917 ecclesium
404 861 440 917 de
455 861 582 932 11166666,
591 877 658 917 666
670 861 808 919 omnibus
819 861 896 918 utili·
951 861 980 917 bi
997 862 1074 917 lecit.

68 948 181 1005 tatibus
195 948 269 1017 suis,
285 952 314 1006 et
328 949 475 1017 omnibus,
492 966 556 1022 que
568 950 897 1022 predictusavusmeus
988 951 1017 1006 S.
1034 949 1190 1017 Haldwini,
1216 950 1315 1006 fratris
1337 948 1393 1017 661,
1421 950 1450 1005 S.
1474 947 1615 1018 walterii,
1631 946 1775 1016 advocati,

67 1038 285 1111 superaddidit,
301 1038 509 1095 donationibus
525 1038 695 1112 prelibatis.
951 1039 980 1096 S.
996 1039 1112 1095 henrici
1128 1039 1253 1103 comitia,
1267 1039 1296 1094 S.
1307 1037 1456 1105 Amalrici,
1471 1039 1501 1095 S.
1513 1037 1639 1107 lticheri,
1652 1037 1682 1094 S.
1694 1039 1776 1094 utto·

102 1126 897 1200 Pretereenequisunquamhuicuostraeconstitutioni
951 1127 1007 1196 nis,
1024 1128 1054 1184 S.
1071 1127 1209 1196 Ludonis,
1222 1129 1251 1184 S.
1263 1126 1418 1195 Horiberti,
1436 1127 1466 1182 S.
1478 1125 1664 1193 Everardi,S.
1683 1123 1776 1182 Albri·

67 1219 96 1271 et
109 1214 261 1273 vestitura
276 1214 364 1290 legali
378 1216 485 1272 audeat
499 1216 649 1290 refragari,
666 1222 811 1274 66616661
834 1235 896 1274 om·
951 1218 988 1287 ci,
1000 1217 1029 1272 S.
1042 1217 1198 1285 teudonis,
1216 1217 1245 1272 S.
1263 1215 1391 1282 Sihnrdi,
1409 1216 1438 1272 S.
1458 1214 1591 1282 Soziridi,
1608 1212 1775 1283 1661616661,

66 1304 152 1360 6166
170 1320 378 1361 successorum
393 1309 560 1361 nostrorum
573 1305 745 1362 auctoritate
755 1311 784 1362 et
799 1307 896 1362 banno
951 1306 980 1363 S.
998 1305 1150 1379 Helgaudi,
1167 1305 1197 1361 S.
1215 1303 1384 1372 Franconis,
1400 1305 1430 1361 S.
1447 1303 1587 1376 Hugonis.

65 1393 262 1466 prohibemus
276 1397 306 1449 et
320 1392 533 1461 interdicimus,
550 1398 578 1450 et
593 1393 744 1468 quidpiam
755 1393 812 1451 late
827 1412 897 1468 pre-
984 1397 1089 1452 Actum
1104 1393 1270 1463 Sathenaoi,
1295 1410 1371 1450 6666
1391 1391 1547 1449 Dominioea
1561 1389 1776 1450 incarnationis

64 1482 240 1556 sumpserit,
256 1482 293 1539 ad
305 1481 438 1539 divinum
452 1498 501 1540 eos
512 1483 658 1555 judicium
674 1500 876 1556 provocamus.
950 1483 1108 1541 millesimo
1122 1482 1311 1558 nonagesimo
1326 1486 1418 1555 sexto,
1433 1480 1593 1539 indictione
1607 1483 1723 1555 quarta.

431 1885 752 2019 1661666
796 1854 1414 2023 6611666666

101 2251 249 2308 Hubrrces
264 2253 293 2306 et
306 2252 425 2321 excepte
450 2245 592 2304 nonnulla
615 2251 731 2303 166166
758 2248 864 2304 66666
888 2265 956 2304 666
973 2248 1141 2323 prelatione
1157 2248 1290 2307 editoris.
1303 2250 1377 2308 Vide
1391 2251 1415 2308 61
1432 2251 1528 2309 lubet:
1550 2253 1653 2311 1661666
1666 2261 1693 2312 61
1709 2252 1775 2311 totu

63 2339 162 2392 uscqes
176 2323 216 2378 de
230 2322 368 2394 Hoqcume
382 2320 587 2386 (1611666166,
603 2321 666 2375 lires
690 2319 757 2374 (166
779 2322 932 2376 1666666611
954 2320 987 2377 (16
1003 2323 1031 2377 16
1054 2322 1238 2394 bibliotheque
1259 2324 1384 2380 1611666
1408 2340 1471 2380 avec
1485 2325 1523 2380 tes
1537 2332 1613 2382 66166
1636 2332 1663 2383 61
1681 2326 1772 2383 61666-

63 2397 171 2450 6611666
187 2393 221 2449 de
234 2391 356 2465 Gospord
380 2392 514 2447 11166666
528 2390 560 2446 de
586 2390 615 2446 16
634 2392 848 2456 1166666166,
867 2394 975 2464 sceqer,
1000 2395 1128 2465 seiqneur
1149 2394 1187 2451 du
1206 2395 1417 2467 Pup-Ferreoli,
1444 2403 1538 2452 666661
1560 2398 1593 2452 en
1610 2397 1773 2454 6661616661.

60 2496 97 2506 -
110 2466 253 2537 bourges,
268 2461 411 2530 1666661
428 2462 517 2532 hujus
528 2460 713 2518 collectionis
745 2462 997 2520 66616611661666
1009 2463 1218 2534 recensionem,
1232 2482 1321 2540 quam
1331 2464 1491 2524 novissime
1502 2465 1595 2524 edidit
1606 2459 1773 2526 illustrissi-

64 2553 136 2594 mus
149 2552 251 2594 comes
264 2533 411 2591 arthurus
426 2533 571 2606 9666666,
589 2532 680 2601 Paris,
698 2535 710 2590 1
732 2535 776 2590 11.

771 2795 1069 2885 PRAEFATIO

664 2971 803 3031 1111116616
816 2973 998 3031 bituricensis
1013 2973 1084 3030 6661
1099 2972 1178 3031 1690.

101 3173 159 3230 Les
171 3171 289 3231 1661666
304 3171 340 3228 66
356 3168 536 3227 Hierusalem
552 3172 619 3226 6661
633 3167 676 3227 166
687 3168 755 3238 loix,
778 3173 896 3238 statute,
910 3172 935 3238 Β
950 3170 1010 3227 ties
1025 3167 1505 3244 661116666616166669666166661
1522 3185 1569 3228 666
1587 3184 1775 3229 6666666666

63 3265 377 3336 usagesotcoutumes
387 3260 540 3316 aecordeee
551 3276 588 3316 66
599 3275 737 3333 royaume
747 3260 783 3316 de
793 3259 896 3316 Hteru·
949 3259 1009 3316 rois
1024 3259 1060 3316 66
1073 3257 1265 3326 Hierusalem,
1281 3257 1352 3316 elles
1367 3258 1465 3316 iurent
1483 3259 1615 3334 redigtes
1636 3257 1777 3333 pertenit

64 3350 159 3407 solem
174 3367 230 3424 per
243 3349 387 3422 Godeiroy
401 3348 458 3404 duc
474 3348 509 3404 de
533 3345 649 3405 Huillon
672 3347 730 3404 166
747 3348 825 3418 1099,
843 3365 897 3422 par
950 3351 979 3405 et
993 3347 1083 3406 61666
1098 3364 1134 3404 66
1145 3348 1230 3405 66666
1241 3348 1374 3419 6661666
1385 3347 1519 3418 d’lbelin,
1530 3352 1624 3405 66616
1635 3348 1671 3406 66
1681 3346 1777 3423 Jephe

63 3439 148 3496 l'svia
162 3438 205 3495 du
221 3437 426 3512 patriarcheet
437 3437 531 3493 66666
544 3437 663 3504 herous,
679 3440 763 3510 apres
778 3436 848 3510 qu'il
859 3453 895 3494 en
949 3442 978 3494 et
991 3436 1153 3505 d'Ascelon,
1171 3437 1307 3512 seigneur
1316 3438 1351 3494 66
1366 3436 1476 3494 Baruth
1491 3441 1520 3494 et
1533 3437 1569 3494 66
1584 3437 1777 3507 1166666666

64 3529 177 3585 661616
191 3526 240 3584 616
256 3544 316 3600 roy.
332 3524 409 3583 Hiles
424 3529 492 3582 sont
507 3525 652 3598 appetitos
671 3526 793 3594 Assises,
810 3543 896 3599 parce
950 3525 1007 3582 166
1023 3527 1103 3583 1950.
1119 3525 1142 3584 ll
1157 3525 1229 3584 ttoit
1253 3524 1299 3582 fils
1323 3526 1359 3582 de
1382 3526 1481 3583 361166
1504 3525 1624 3584 d'lbelin
1648 3527 1776 3585 6161116-

64 3614 189 3691 qn'ellea
208 3615 307 3672 iurent
324 3614 409 3671 161166
429 3631 465 3671 66
488 3613 601 3671 l'assise
615 3632 652 3672 66
669 3615 831 3672 assemblee
845 3615 896 3672 des
950 3614 1032 3672 chive
1047 3617 1082 3673 de
1098 3614 1304 3683 idontbeliard,
1321 3620 1350 3672 et
1365 3613 1385 3669 il
1402 3620 1521 3673 mourut
1535 3614 1591 3672 166
1607 3615 1687 3672 tabu.

63 3705 177 3779 grands
187 3705 229 3760 du
240 3703 439 3778 Royaume,de
451 3705 615 3776 memeque
629 3704 658 3759 la
667 3705 779 3761 celebre
788 3705 895 3760 ordon·
984 3703 1061 3761 Hlles
1071 3705 1167 3761 iurent
1179 3702 1779 3762 6666666666161666666616366666666

65 3810 161 3851 nance
175 3793 213 3850 66
223 3793 368 3866 Godeiroy
387 3797 482 3848 comte
497 3792 532 3848 de
548 3792 688 3866 Hretagne
703 3797 732 3849 et
741 3793 776 3849 66
787 3809 833 3849 ses
844 3794 896 3849 be·
950 3792 1030 3850 1369.
1049 3797 1137 3867 epoes
1151 3793 1180 3849 16
1194 3797 1272 3849 6661
1287 3793 1322 3849 66
1346 3793 1443 3850 Pierre
1459 3794 1495 3849 de
1511 3790 1660 3868 Lusignan
1676 3810 1728 3867 roy
1742 3793 1779 3851 do

66 3899 137 3940 rone
152 3883 190 3938 de
200 3881 259 3938 166
272 3880 596 3954 ll85,pourlepartage
607 3881 754 3947 noble,est
766 3881 897 3955 appelles
950 3880 1066 3954 Chipre,
1091 3900 1145 3955 par
1170 3882 1376 3940 l'ordonnauce
1403 3883 1439 3939 66
1467 3881 1539 3940 1666
1564 3882 1600 3938 66
1627 3881 1778 3956 Lusignau

67 3969 637 4039 166616666966169666166611161166
652 3971 824 4027 Houenden:
838 3975 895 4026 As·
950 3970 1049 4051 prince
1064 3970 1243 4040 d’Antioche,
1259 3970 1402 4028 6611116166
1416 3972 1453 4028 66
1468 3970 1563 4028 Pierre
1578 3971 1614 4027 de
1630 3970 1778 4045 lusignan

66 4063 134 4118 6166·
146 4060 262 4116 11666161
274 4059 348 4128 repis
361 4059 443 4129 seetae
462 4058 536 4131 opud
551 4059 754 4115 1166666666
771 4060 846 4116 6666
869 4058 897 4117 16
949 4077 1000 4134 roy
1012 4060 1046 4116 de
1058 4060 1162 4133 Chipre
1172 4077 1224 4116 666
1237 4077 1338 4128 neveu,
1350 4077 1404 4133 par
1414 4059 1489 4118 seize
1499 4059 1634 4117 hommes
1645 4075 1778 4117 nommez

68 4144 482 4220 666166661666166111666,
495 4164 520 4203 6.
534 4147 896 4221 17,ἒῖ666666116161666·
950 4152 979 4205 61
994 4148 1103 4205 choisis
1118 4166 1153 4204 66
1169 4148 1357 4205 l'Assemblee
1372 4149 1423 4205 des
1439 4150 1513 4206 61616
1529 4149 1567 4204 66
1584 4164 1732 4222 royaume,
1749 4151 1779 4206 et

68 4236 207 4292 1116116616
219 4235 309 4304 requi,
330 4248 394 4307 quae
412 4236 510 4291 Assera
529 4237 699 4292 nominatur.
722 4235 896 4292 1166616666
950 4238 1035 4309 apres
1049 4235 1120 4294 elles
1136 4238 1234 4293 iurent
1248 4237 1338 4293 mises
1354 4254 1391 4293 66
1407 4241 1501 4294 166666
1517 4237 1552 4293 66
1563 4236 1674 4312 l'tglise
1685 4236 1779 4294 delii·

69 4342 120 4399 roy
134 4322 272 4380 Bauduin
288 4322 335 4379 ch.
348 4323 409 4379 117.
426 4323 551 4381 11666166
577 4325 616 4380 66
636 4341 687 4398 roy
701 4325 830 4398 Amaury
848 4324 894 4382 eh.
951 4325 1054 4394 666616,
1072 4327 1146 4383 6666
1162 4344 1201 4382 66
1217 4326 1295 4382 66166
1311 4325 1397 4383 666116
1411 4327 1446 4383 66
1462 4330 1565 4401 quatre
1580 4343 1696 4383 sceaux.

67 4414 131 4469 273
143 4411 245 4469 666166
260 4412 300 4469 66
315 4428 367 4486 roy
379 4414 507 4487 Amaury
522 4419 551 4469 et
565 4413 605 4471 du
616 4414 678 4487 Roy
693 4414 826 4469 Beuduin
842 4431 896 4470 666
986 4415 1046 4472 J’en
1065 4414 1091 4472 ai
1107 4416 1243 4472 recouvrh
1258 4432 1312 4487 par
1335 4414 1362 4471 le
1376 4432 1480 4488 moyen
1497 4416 1532 4471 de
1548 4414 1587 4472 M.
1604 4411 1779 4471 d'Herouval

68 4502 127 4558 1116.
139 4504 207 4558 Asa.
219 4500 335 4558 616288.
346 4501 446 4558 666166
456 4502 496 4558 66
505 4503 679 4576 royiluques
689 4503 733 4560 ch.
744 4504 807 4560 309.
819 4503 897 4576 Spel-
913 4542 935 4609 G
953 4522 991 4559 66
1003 4503 1178 4577 exempluire
1188 4520 1222 4560 66
1234 4500 1471 4577 labibliotheque
1481 4503 1516 4559 de
1528 4502 1620 4559 ieull.
1636 4502 1778 4571 Brodeau,

69 4608 152 4646 666.
171 4590 191 4646 1.
209 4590 255 4647 53.
272 4592 303 4646 in
316 4592 408 4648 verbio
422 4593 543 4648 Ass1s1a.
954 4593 1092 4649 166666611
1106 4610 1159 4650 666
1173 4592 1199 4648 16
1217 4591 1380 4648 manuscrit
1394 4592 1430 4649 de
1444 4591 1472 4648 le
1486 4591 1685 4664 bibliotheque
1698 4589 1780 4647 Vati·

104 4677 743 4751 0666616661666166611666661666666
758 4678 901 4752 Godeiroy
955 4696 1036 4751 6666,
1055 4685 1132 4737 6166
1148 4685 1231 4736 autre
1246 4680 1321 4736 dana
1336 4679 1406 4736 celle
1421 4681 1456 4736 66
1472 4679 1511 4736 hl.
1522 4679 1658 4748 Colbert;
1673 4679 1716 4736 les
1730 4679 1782 4737 Aa·

69 4769 107 4824 66
121 4765 250 4834 buillon,
279 4769 307 4823 61
321 4766 425 4823 6661166
449 4768 486 4823 de
505 4785 558 4823 666
580 4784 676 4833 sceau,
706 4769 740 4825 66
765 4784 837 4823 ceux
860 4768 899 4823 du
955 4769 1029 4826 sises
1046 4771 1096 4825 661
1117 4772 1161 4826 tte
1186 4770 1379 4827 traduitesen
1405 4767 1517 4841 italien,
1534 4772 1562 4825 61
1580 4769 1782 4842 1666166666

39 4917 46 4933 ,
70 4855 240 4930 patriarche
250 4855 453 4912 etduvioomte
463 4856 499 4912 de
510 4856 702 4913 Hierusalem.
715 4857 791 4912 Hlles
802 4858 900 4912 iurent
952 4858 1058 4915 Venise
1073 4875 1110 4915 en
1127 4857 1185 4915 166
1204 4859 1280 4915 1513.

71 4940 210 5016 appeltes
226 4941 269 4998 les
283 4943 397 4999 Lettres
420 4943 459 5000 66
484 4943 653 5016 sepulchre,
679 4960 764 5017 parte
779 4943 899 5017 qu’elles
990 4945 1177 5003 libanrnnsio
1202 4946 1245 5003 dit
1270 4964 1326 5021 que
1349 4946 1499 5006 Heudouin
1523 4946 1546 5017 1,
1570 4964 1723 5021 empereur
1746 4947 1783 5006 d'e
1884 5010 1887 5015 ,

70 5029 185 5087 eicient
197 5029 321 5103 gardtea
334 5047 371 5087 en
398 5047 438 5086 un
462 5032 548 5098 66166,
572 5032 646 5089 6666
670 5031 778 5105 l'eglise
793 5033 831 5089 du
849 5033 899 5089 Se·
954 5035 1209 5109 Constantinopbe
1225 5035 1267 5092 les
1283 5037 1317 5092 ut
1338 5042 1474 5110 apporter
1487 5038 1522 5093 de
1534 5036 1696 5096 Jerusalem
1711 5053 1786 5110 pour

70 5118 208 5193 pulchre,
225 5119 293 5174 666
307 5117 379 5175 61166
393 5120 500 5176 6161661
512 5120 600 5176 116666
615 5137 650 5176 66
666 5119 695 5177 16
710 5137 847 5192 presence
860 5122 899 5177 du
954 5123 996 5180 les
1010 5123 1086 5180 16166
1101 5124 1236 5180 observer
1251 5126 1324 5181 dans
1340 5125 1487 5199 l'Hmpire,
1502 5130 1531 5182 et
1545 5142 1621 5202 pour
1634 5125 1728 5201 regler
1741 5125 1785 5184 lea

71 5222 181 5282 roy,ou
192 5206 767 5281 6666166661661166616666661666
779 5209 901 5281 patriur-
955 5212 1080 5269 services
1096 5213 1131 5268 de
1147 5212 1211 5268 11616
1229 5217 1258 5269 61
1274 5214 1326 5270 666
1340 5230 1475 5272 vasseux.

70 5295 137 5359 che,
155 5311 194 5351 ou
209 5311 246 5351 eu
263 5311 316 5352 666
340 5296 465 5353 absence
487 5297 528 5352 66
553 5296 652 5369 prieur
675 5297 714 5351 du
730 5295 899 5370 Sepulchre,
990 5301 1012 5357 ll
1028 5304 1072 5357 est
1087 5300 1328 5376 certainqu‘elles
1346 5306 1452 5360 661616
1467 5303 1553 5362 116666
1563 5305 1615 5362 666
1630 5309 1785 5363 66616666

71 5386 110 5441 66
125 5384 205 5440 deux
220 5383 379 5440 ehenoines
393 5385 471 5441 6166
485 5385 619 5451 vicomte,
636 5384 767 5458 lorsqu'il
788 5404 805 5459 y
825 5387 901 5443 uvoit
960 5398 985 5446 61
1003 5407 1107 5461 usages
1123 5391 1158 5446 de
1168 5390 1197 5447 16
1209 5392 1327 5459 166666,
1345 5409 1458 5449 66666
1472 5392 1652 5466 leJustifieut
1664 5392 1706 5452 166
1716 5394 1784 5452 cha·

70 5474 164 5531 66661
178 5490 232 5530 aur
245 5473 373 5547 quelque
388 5473 487 5530 article
500 5475 536 5532 66
550 5490 599 5532 666
614 5480 776 5533 66616666.
956 5478 1046 5552 pitres
1061 5478 1113 5536 191
1128 5485 1157 5536 61
1171 5480 1225 5537 295
1247 5485 1276 5537 61
1293 5481 1422 5540 Wittetm.
1441 5485 1538 5557 tyrius
1552 5482 1604 5557 lib,
1619 5501 1677 5553 xvi,
1692 5483 1739 5541 oh.
1755 5485 1783 5555 2,

107 5562 313 5622 1161666666
322 5560 512 5622 ellesavaient
520 5563 716 5640 ettcorrigtes
725 5568 754 5625 et
764 5582 903 5643 augmen·
957 5570 986 5626 et
999 5565 1052 5626 lib.
1067 5585 1126 5640 xix,
1140 5568 1186 5629 ch.
1202 5572 1230 5628 2.
