3816 6006
106 300 184 363 1829
437 297 615 364 lthllLlAE
635 301 675 363 lN
697 301 824 367 EPIS'l'.
846 305 897 367 ΕΤ
918 298 1063 370 SVANG.
1085 304 1263 368 contrua.
1278 338 1318 351 —
1332 303 1434 368 PARS
1457 305 1483 370 l.
1737 303 1817 368 1880

107 452 175 490 mur
189 434 225 491 ab
240 433 408 490 haereditate
431 432 531 508 patria
551 433 687 505 coelestis,
704 437 755 492 sed
780 437 969 509 imitemurss
985 438 1163 512 gnificantur
1177 438 1359 509 innocentes,
1377 439 1427 512 qui
1442 436 1556 512 flagella
1572 455 1629 494 non
1647 439 1752 494 merita
1768 457 1817 513 pa·

106 523 303 580 obedientiam
319 523 385 579 novi
402 520 530 580 bominis
546 523 663 592 Christi,
681 529 713 580 ut
728 541 794 582 cum
815 543 848 584 eo
871 544 931 583 me·
986 528 1092 584 tiontcr
1109 527 1413 602 sustinentes,gratias
1429 532 1560 600 ugentes,
1577 532 1605 583 ct
1621 544 1673 600 pro
1688 527 1816 586 inimicis

107 610 932 686 reamurglorificari.Adeoenimestneoessariaohedieu-
986 617 1048 673 suis
1064 621 1192 684 orantes,
1210 617 1305 690 magis
1322 635 1354 674 ac
1371 617 1464 690 magis
1480 616 1656 672 clarescunt.
1672 616 1816 682 Quoniam

107 703 157 768 tia,
173 702 251 774 quod
267 700 382 757 nullum
395 701 505 757 bonum
517 699 580 757 siue
596 717 630 757 ea
640 706 738 775 potest
747 704 895 776 prodesse,
903 707 933 762 et
986 721 1054 777 ergo
1070 705 1203 762 Christus
1220 706 1262 761 sic
1278 704 1333 761 luit
1349 704 1482 772 humilia,
1499 704 1540 760 sic
1564 703 1713 771 obediens,
1730 705 1816 762 etsie

106 791 222 847 nullum
238 789 350 847 malum
362 807 430 846 cum
445 790 610 847 obedientia
626 794 722 864 potest
735 793 848 849 obesse.
858 792 931 850 Cum
986 794 1111 867 patiens,
1129 795 1274 851 exaltatus
1288 799 1333 851 ast
1347 794 1383 850 ad
1396 795 1543 849 dexteram
1554 793 1660 862 Patris,
1671 797 1699 850 et
1713 794 1815 850 datum

106 880 184 937 enim
200 881 310 937 bouum
331 880 370 937 sit
384 881 535 937 comedere
550 896 682 952 pomum,
698 884 796 938 tamen
820 899 873 955 per
887 882 931 937 iu·
986 887 1031 940 est
1044 883 1071 939 ei
1087 900 1203 952 nomen,
1221 885 1298 956 quod
1315 888 1459 956 estsuper
1474 898 1560 938 oniae
1576 899 1694 951 nomen,
1711 887 1743 939 ut
1758 881 1815 940 sri-

105 969 301 1028 obedientiam
317 970 429 1026 malum
445 969 511 1025 luit.
533 970 569 1025 Et
583 972 698 1025 tantum
715 968 836 1038 malum,
853 969 931 1042 quod
985 971 1054 1028 lieet
1069 973 1107 1029 sit
1123 990 1199 1029 unus
1215 973 1292 1029 Deus
1308 989 1375 1029 cum
1390 974 1474 1028 Patre
1485 976 1514 1028 et
1530 972 1641 1045 Spiritu
1654 977 1764 1029 sancto.
1781 973 1816 1030 ut

105 1076 164 1115 nou
180 1057 276 1116 solum
293 1063 442 1115 auctorem
465 1058 568 1129 Adam,
585 1057 636 1114 scd
660 1057 748 1114 etiam
764 1058 931 1116 universam
986 1060 1041 1117 hoc
1056 1061 1081 1118 ei
1095 1060 1204 1119 idcirco
1219 1062 1327 1118 dicitur
1338 1063 1450 1130 datum,
1468 1061 1607 1135 quoniam
1623 1062 1701 1134 quod
1718 1060 1816 1119 eratei

106 1148 170 1219 ejus
185 1145 397 1220 posteritatem,
414 1163 431 1201 a
446 1145 582 1219 paradiso
595 1145 768 1219 proscripsit
782 1149 861 1220 (Gen.
879 1144 930 1218 ut.)
986 1154 1092 1207 natura
1106 1152 1267 1207 secuudum
1284 1153 1362 1224 quod
1379 1156 1465 1222 Deus,
1487 1150 1512 1206 ei
1538 1150 1647 1206 lactum
1663 1155 1709 1206 cst
1722 1149 1816 1224 gratia

105 1237 178 1293 Cum
193 1237 304 1293 bonum
318 1251 435 1308 quoquo
450 1234 490 1291 sit
504 1234 668 1291 sacrificare
684 1236 752 1304 Deo,
769 1240 798 1292 et
813 1237 932 1310 perpie-
986 1240 1148 1295 secundum
1178 1241 1256 1313 quod
1285 1240 1384 1297 homo.
1413 1241 1497 1299 Utin
1520 1240 1717 1298 nominetenus
1732 1256 1816 1298 omae

103 1331 193 1384 tatem
204 1337 323 1400 parcere
332 1324 428 1393 victis,
439 1324 725 1397 tamenquiacontra
734 1325 931 1382 obedientiam
985 1345 1075 1402 penu,
1090 1329 1118 1385 id
1135 1334 1179 1385 est
1193 1330 1289 1386 omnis
1305 1334 1434 1403 potestas
1450 1329 1595 1400 llectatur,
1607 1328 1745 1398 coelestis,
1760 1333 1816 1387 ter·

103 1415 159 1471 hoc
174 1415 246 1471 Saul
261 1414 339 1483 lacit,
353 1414 383 1469 ia
398 1413 453 1470 hoc
467 1413 595 1487 graviter
608 1414 747 1486 peccavit.
764 1413 846 1471 Unde
860 1414 886 1470 ei
902 1418 932 1472 ct
985 1433 1065 1485 rena,
1083 1422 1111 1474 et
1124 1417 1287 1476 infernalis.
1316 1419 1459 1476 litomeris
1476 1417 1591 1492 linquo,
1609 1416 1638 1474 id
1655 1423 1711 1486 est,
1727 1435 1815 1478 omna

105 1522 122 1560 a
133 1504 269 1560 Samuele
278 1503 390 1560 dictum
402 1507 447 1559 est
458 1519 465 1558 :
478 1502 565 1574 liupis
575 1504 653 1559 valet
664 1503 832 1560 obedientia
842 1521 932 1576 quam
985 1523 1079 1579 genus
1094 1524 1275 1577 sermonum,
1292 1507 1482 1581 confiteatur,
1497 1510 1569 1581 quio
1580 1509 1723 1565 Dominus
1736 1511 1816 1568 teras

105 1594 230 1651 uictima
242 1594 267 1666 (1
279 1597 347 1664 lieo.
364 1592 423 1664 xv.)
440 1590 606 1649 hcoutrario
622 1609 690 1649 cum
705 1592 816 1649 malum
832 1594 872 1650 sit
886 1594 931 1650 vi·
986 1596 1154 1654 Christusin
1164 1598 1314 1671 gloriaest
1326 1599 1380 1655 Dei
1387 1598 1496 1655 Putris.
1507 1599 1618 1670 ltaque,
1636 1598 1816 1657 iratrescha-

105 1683 239 1739 cinerum
264 1682 342 1738 bona
366 1681 456 1738 iurari
480 1681 522 1737 vel
548 1697 659 1754 rupere,
676 1686 774 1738 tamen
795 1683 930 1739 lsraelitae
985 1685 1106 1753 rissimi,
1123 1685 1148 1743 si
1175 1687 1312 1760 cupimus
1328 1687 1479 1760 pervenire
1494 1686 1531 1742 ad
1547 1686 1597 1743 Dei
1613 1685 1750 1761 gloriam,
1766 1704 1814 1745 se-

106 1771 267 1844 spoliantes
281 1771 444 1844 AEgyptios,
458 1770 528 1843 quia
543 1787 595 1843 per
609 1770 803 1827 obedientiam
818 1772 872 1828 hoc
888 1773 930 1829 le·
985 1791 1112 1846 quamur
1126 1776 1190 1847 ejus
1205 1776 1292 1831 viam.
1310 1775 1515 1843 Humiliemur,
1527 1774 1709 1845 obediamus,
1723 1776 1815 1850 patia-

106 1863 217 1929 cerunt,
245 1875 303 1916 non
329 1863 532 1932 peccaverunt,
559 1859 610 1915 sed
626 1858 724 1932 potius
748 1865 928 1917 meruerunt.
985 1879 1061 1918 mur.
1078 1862 1130 1927 Qui
1146 1864 1225 1920 enim
1241 1869 1286 1920 est
1301 1864 1457 1937 superbus,
1474 1861 1656 1932 inobediens,
1673 1869 1702 1920 et
1717 1864 1812 1938 impa-

106 1949 177 2005 ltem
194 1965 262 2004 cum
277 1948 384 2005 ducere
400 1947 597 2015 fornicariam,
612 1952 640 2004 et
652 1947 771 2021 gignere
785 1948 860 2004 filios
872 1950 929 2005 lor·
984 1953 1071 2019 tiens,
1094 1969 1151 2009 non
1174 1953 1283 2009 incedit
1295 1952 1373 2008 vium
1389 1952 1506 2018 Christi,
1523 1952 1574 2008 sed
1590 1952 1667 2009 viam
1693 1952 1813 2021 diaboli,

106 2038 273 2110 nicationis,
295 2053 381 2111 grave
403 2036 541 2093 delictum
556 2035 604 2104 sit,
622 2041 720 2093 tamen
736 2037 878 2110 propheta
893 2038 929 2094 ad
984 2045 1012 2097 et
1027 2041 1091 2098 ideo
1106 2059 1174 2098 cum
1189 2058 1222 2098 eo
1234 2041 1464 2115 precipitabitur
1478 2046 1508 2098 et
1524 2041 1721 2098 damnabitur.
1738 2044 1813 2110 Quo·

105 2128 279 2184 mundatum
291 2127 342 2183 Dei
353 2127 408 2183 hoc
420 2126 538 2195 faciens,
548 2143 605 2182 uon
617 2126 755 2199 peccavit,
770 2127 820 2183 sod
833 2127 929 2198 potius
984 2130 1098 2202 tiosque
1110 2130 1176 2203 plus
1186 2131 1346 2203 quaerimus
1357 2129 1475 2187 exaltari
1494 2130 1522 2186 in
1539 2130 1593 2187 hoc
1609 2130 1714 2187 sarculo
1725 2148 1813 2205 quam

105 2217 276 2291 promeruit.
302 2217 449 2280 Quantum
469 2215 557 2272 etiam
574 2216 685 2271 bonum
701 2215 739 2272 sit
753 2216 928 2283 obedientia,
983 2218 1143 2290 humiliari,
1160 2220 1227 2294 plus
1242 2221 1398 2293 precipere
1413 2237 1502 2292 quam
1520 2219 1649 2291 obedire,
1665 2219 1732 2292 plus
1747 2238 1813 2294 pro·

105 2303 929 2379 ostenduntmultasanctorummiraculaMaurusquippe
983 2309 1094 2381 sperari
1104 2311 1132 2365 in
1143 2309 1302 2367 mundanis
1310 2308 1510 2381 voluptatibus
1521 2326 1610 2382 quam
1617 2309 1814 2383 correptiones

105 2395 141 2450 ad
157 2394 329 2450 mandatum
344 2393 436 2466 patris
447 2393 594 2451 Benedicti
608 2410 739 2462 currens,
755 2393 791 2450 ud
806 2395 929 2467 eripien·
983 2397 1054 2470 pati,
1071 2415 1128 2454 non
1151 2398 1284 2471 sapimus
1300 2414 1334 2454 ea
1348 2416 1412 2471 quae
1429 2402 1500 2454 suut
1516 2398 1579 2467 Dei,
1597 2399 1647 2456 scd
1663 2416 1727 2472 que
1743 2403 1814 2457 aunt

105 2483 175 2539 dum
187 2500 309 2556 puerum
319 2481 466 2556 placidum
479 2484 515 2538 de
526 2499 612 2555 aqua,
622 2500 712 2556 super
721 2500 812 2557 aquas
822 2483 929 2557 legitur
982 2486 1099 2543 diaboli.
1116 2487 1312 2544 Humiliemus
1323 2486 1414 2561 igitur
1429 2488 1700 2560 nosmetipsos,uon
1716 2488 1813 2546 solum

105 2571 282 2629 ambulasse.
297 2572 376 2628 Alter
391 2589 507 2645 quoque
527 2573 562 2628 ad
580 2573 752 2629 mandatum
768 2572 882 2630 abbatis
897 2573 927 2630 iu
983 2576 1156 2648 majoribus,
1171 2575 1322 2632 sedetiam
1337 2574 1502 2648 equalibus
1513 2579 1542 2631 et
1553 2575 1727 2632 minoribus.
1740 2574 1813 2633 Oba·

104 2662 252 2718 olibanum
264 2662 414 2719 ardentem
426 2659 592 2735 prosiliens,
605 2660 809 2720 incombustus
822 2661 929 2737 legitur
982 2665 1100 2721 diamus
1112 2665 1170 2722 Deo
1185 2668 1214 2721 et
1229 2663 1392 2736 majoribus
1412 2664 1532 2733 nostris,
1549 2681 1608 2720 non
1623 2664 1738 2733 timore,
1754 2681 1813 2722 nou

103 2752 219 2808 exiisse.
983 2755 1172 2824 mercenarie,
1189 2755 1240 2811 sod
1257 2769 1365 2810 amore.
1382 2752 1532 2810 Patiamur
1547 2751 1663 2826 llagella
1677 2756 1705 2809 et
1719 2754 1812 2810 tribu·

139 2846 281 2897 Amemus
295 2839 395 2914 igitur,
412 2841 526 2908 iratres,
538 2839 569 2896 in
584 2839 721 2897 omnibus
732 2841 928 2899 obedientiam
983 2841 1105 2900 latioues
1131 2861 1214 2916 aquo
1241 2843 1350 2912 animo,
1367 2841 1435 2900 etsi
1454 2860 1511 2899 non
1527 2841 1568 2898 ita
1583 2842 1762 2910 innocenter,
1779 2847 1813 2899 ut

105 2929 205 2986 Deoia
214 2929 351 2986 omnibus
361 2929 540 2998 obedientes,
552 2929 714 3002 majoribus
723 2929 927 2987 nostrisetiam
983 2932 1126 3000 Christus,
1135 2936 1234 2988 tamen
1248 2936 1281 2988 ut
1295 2932 1395 2987 dexter
1405 2930 1489 2998 latro,
1503 2929 1692 3005 propeccatis
1703 2930 1813 2989 nostris

104 3019 134 3074 in
150 3019 299 3084 omnibus,
312 3035 375 3090 qua
388 3021 490 3074 contra
501 3018 594 3074 Deum
606 3036 665 3075 uon
676 3024 755 3088 sunt,
766 3019 929 3093 obsequen·
983 3020 1061 3077 mala
1076 3020 1160 3078 uobis
1175 3020 1275 3077 inferri
1291 3021 1435 3088 dicamus,
1453 3019 1563 3094 gratius
1578 3023 1709 3092 agentes,
1722 3024 1750 3075 et
1759 3035 1813 3092 pro

103 3112 158 3176 tes,
173 3108 299 3165 scientes
312 3106 451 3179 quoniam
467 3107 545 3180 quod
560 3124 611 3181 per
622 3108 778 3165 sevidetur
789 3108 929 3166 inutileet
984 3109 1220 3182 persecutoribus
1235 3113 1397 3176 exorantes,
1414 3113 1562 3181 quatenus
1578 3109 1647 3181 ipsae
1662 3108 1814 3181 passiones

103 3196 241 3264 otiosum,
258 3196 284 3252 si
297 3199 396 3252 tamen
413 3212 464 3268 per
479 3195 673 3252 obedientiam
689 3197 750 3266 ssat,
768 3197 800 3253 fit
815 3197 885 3254 utile
900 3185 965 3256 etC
984 3198 1044 3255 sint
1059 3199 1144 3255 nobis
1157 3199 1330 3273 purgatoria
1342 3203 1370 3254 at
1381 3197 1480 3267 utiles,
1491 3202 1524 3254 ut
1539 3213 1606 3253 cum
1622 3197 1686 3270 ipso
1702 3195 1814 3254 latrone

103 3284 296 3342 meritorium.
325 3285 392 3342 Fuit
415 3301 532 3358 quoque
560 3286 591 3340 in
616 3286 710 3341 Adam
734 3285 927 3359 impatientia,
982 3286 1812 3360 paradisumintraremereamur.PerDominumnostrum

102 3375 242 3447 quoniam
259 3374 450 3431 mitissimum
462 3375 569 3447 jugum
585 3373 635 3430 Dei
651 3374 746 3430 uoluit
760 3375 831 3448 pati,
843 3380 876 3432 ut
888 3375 929 3431 vi·
981 3377 1083 3434 lesum
1100 3377 1259 3433 Christum.
1275 3378 1379 3433 Amen.
1864 3364 1867 3375 ⁴

101 3479 173 3519 vens
189 3468 312 3519 mortem
337 3461 467 3519 evitaret.
494 3462 663 3519 Scantrario
683 3462 715 3519 in
736 3452 849 3520 Christo
874 3465 929 3521 luit
1261 3483 1413 3539 H0M1L1A
1431 3483 1526 3539 χιιι,

103 3550 927 3625 maximapatientia,quoniamdurumPatrismandatum
1152 3572 1291 3613 uoururcx
1309 3572 1339 3611 ιι
1358 3571 1448 3611 naurs
1467 3571 1637 3611 aasumensi.

102 3640 236 3713 portavit,
253 3643 285 3695 ut
300 3639 440 3707 moriens,
457 3644 588 3696 mortuos
603 3641 639 3696 ad
663 3640 752 3697 vitam
768 3646 924 3700 revocaret.
1017 3645 1087 3702 Cum
1098 3645 1678 3720 appropinqrtuaretleaurlerosolymam
1690 3643 1813 3701 uenisset

100 3729 318 3801 Adamquoquc
328 3728 555 3803 nonpotuitputi
565 3744 656 3802 prose
667 3729 835 3800 mitissima,
848 3730 928 3788 Chri·
980 3735 1146 3807 Bethpltape
1161 3737 1205 3792 act
1219 3740 1344 3792 mortem
1355 3735 1473 3804 oliveti,
1489 3735 1569 3790 misit
1583 3734 1655 3790 duos
1667 3733 1703 3790 de
1716 3734 1810 3791 disci-

100 3822 165 3874 stus
181 3834 247 3873 vero
259 3835 364 3890 passus
381 3821 425 3874 est
435 3834 487 3890 pro
503 3817 568 3874 aliis
583 3817 752 3875 durissima.
763 3819 855 3876 Adam
868 3838 925 3877 non
978 3825 1058 3896 palis
1071 3827 1142 3889 suis,
1156 3829 1210 3880 etc.
1224 3824 1340 3897 (ιιαιιιι.
1356 3823 1534 3896 xxi.)1nhac
1550 3824 1644 3880 sancti
1659 3820 1810 3896 Evangelii

100 3907 197 3981 potuit
211 3906 272 3980 pati
288 3909 321 3963 ut
332 3906 492 3964 abstineret
503 3923 520 3963 a
532 3905 622 3981 ligno,
638 3905 772 3966 Christus
784 3909 927 3967 sustinuit
980 3911 1115 3982 lectione,
1131 3899 1234 3969 iratres
1261 3912 1437 3980 charissimi,
1462 3911 1557 3984 primo
1573 3928 1607 3967 ea
1629 3927 1692 3983 que
1709 3911 1744 3966 ad
1761 3910 1811 3966 hi-

101 4001 133 4052 ut
148 4001 309 4052 moreretur
323 3995 354 4051 in
366 3995 456 4068 ligno.
473 3997 540 4062 Qua
558 4012 639 4061 mors
654 4001 698 4053 est
714 3997 808 4071 magis
823 3999 925 4054 crude·
980 4002 1114 4071 storiam,
1131 4003 1258 4059 seeundo
1274 4019 1338 4075 quae
1354 4002 1390 4057 ud
1407 4001 1565 4073 mysticum
1581 4015 1702 4055 sensum
1718 3998 1810 4071 perti-

99 4084 224 4154 lissima,
241 4085 391 4157 probrosa,
408 4090 437 4141 et
451 4083 549 4158 longa.
567 4085 648 4142 Unde
663 4089 691 4142 et
705 4086 847 4159 patientia
862 4088 925 4159 ejus
980 4097 1051 4148 nent
1059 4095 1127 4147 sunt
1135 4091 1358 4147 consideranda.
1370 4089 1445 4145 Sunt
1455 4093 1552 4145 autem
1562 4089 1648 4161 juxta
1655 4087 1810 4145 historiam

99 4174 154 4230 luit
169 4175 274 4246 major,
300 4177 329 4229 et
352 4173 493 4246 abjectior
511 4178 540 4229 et
562 4173 768 4257 longanimior.
794 4174 925 4233 Crudelis
980 4179 1112 4260 quinquo
1127 4178 1313 4235 attendenda.

98 4264 177 4319 enim
193 4279 273 4320 mors
287 4266 404 4318 estnon
420 4261 486 4330 cito,
505 4263 556 4319 sed
573 4262 649 4320 lente
663 4263 765 4320 occidi.
782 4264 926 4323 Probrosa
1015 4267 1123 4335 Primo,
1140 4283 1230 4339 quare
1246 4266 1399 4335 Dominus,
1416 4283 1483 4322 cum
1500 4269 1567 4322 ante
1589 4265 1735 4337 latuisset,
1752 4265 1808 4322 im-

98 4369 179 4409 mors
195 4351 271 4408 inter
287 4350 403 4423 iniquos
418 4351 557 4424 reputari.
575 4353 674 4427 Longa
689 4369 768 4411 mors
789 4358 834 4411 est
857 4370 924 4410 eum
979 4355 1109 4413 minente
1123 4372 1178 4413 sua
1192 4355 1340 4428 passione,
1354 4354 1447 4412 voluit
1461 4358 1561 4430 aparte
1586 4354 1643 4427 ipsi
1660 4354 1732 4424 loco,
1750 4371 1808 4429 quo

97 4441 186 4515 longa
199 4441 351 4497 vexatione
366 4439 497 4497 dissolvi.
515 4440 595 4498 Pessi
611 4447 681 4499 sunt
695 4446 791 4499 autem
808 4461 875 4499 eum
890 4461 924 4501 eo
978 4463 1123 4519 passurus
1137 4449 1208 4514 erat,
1235 4444 1482 4519 appropinquare.
1499 4443 1579 4510 Quod
1601 4442 1666 4500 ideo
1683 4443 1760 4513 lecit,
1776 4448 1810 4501 ut

98 4530 201 4604 iniqui,
220 4530 270 4588 scd
287 4528 481 4586 dissimiliter.
498 4529 620 4587 sinister
633 4531 711 4589 enim
727 4531 801 4588 latro
814 4533 925 4606 patitur
938 4556 963 4623 D
978 4534 1194 4590 demonstraret
1202 4549 1233 4589 se
1241 4533 1359 4606 quando
1368 4532 1497 4606 oportuit
1507 4537 1698 4605 spontaneam
1710 4531 1810 4589 subire

96 4636 149 4692 pro
166 4622 284 4692 peccato
300 4635 364 4687 suo,
386 4634 438 4674 nec
454 4619 618 4691 corrigitur,
637 4620 688 4677 aad
704 4621 799 4694 magis
814 4621 924 4694 impro-
979 4622 1157 4696 passionem.
1174 4622 1295 4689 Quando
1310 4622 1401 4695 igitur
1421 4621 1518 4688 latuit,
1534 4621 1615 4678 dedit
1629 4619 1809 4694 imperfectis

97 4711 188 4780 perat,
205 4711 234 4762 et
256 4707 351 4781 magis
376 4707 578 4764 deterioratur.
598 4708 703 4766 Dexter
716 4726 833 4784 quoque
847 4709 921 4767 latro
977 4710 1143 4785 exemplum
1169 4710 1289 4767 latendi.
1316 4710 1437 4776 Quando
1461 4709 1547 4765 morti
1564 4710 1701 4779 occurrit,
1729 4708 1809 4766 dedit

97 4795 208 4869 patitur
222 4813 274 4869 pro
290 4801 408 4870 peccato
424 4813 477 4853 suo
490 4801 519 4852 et
530 4798 694 4873 corrigitur,
708 4816 759 4872 pro
774 4816 806 4856 se
821 4804 884 4856 orat
894 4804 923 4857 et
976 4800 1112 4873 perlectis
1122 4798 1288 4873 exemplum
1296 4798 1569 4856 mortioccurrendi.
1582 4797 1805 4869 Quandolatuit,

97 4884 235 4941 salvatur.
264 4885 397 4943 Christus
424 4902 492 4943 vero
513 4887 624 4960 patitur
638 4905 696 4945 nou
712 4905 764 4962 pro
780 4889 854 4958 suis,
870 4891 921 4946 sed
977 4888 1045 4945 tecit
1058 4889 1136 4961 quod
1152 4893 1215 4945 erat
1229 4887 1337 4944 caruis.
1354 4887 1475 4953 Quando
1489 4887 1577 4942 morti
1592 4887 1728 4956 occurrit,
1740 4887 1808 4944 lecit

97 4970 201 5027 alienis
216 4974 363 5047 peccatis;
386 4976 451 5030 orat
465 4991 516 5047 pro
542 4974 681 5032 inimicis.
698 4980 726 5032 et
748 4975 922 5050 virtusejus
976 4978 1133 5051 quoderat
1158 4977 1291 5052 spiritus.
1308 4977 1395 5034 Juxta
1417 4977 1495 5049 quod
1512 4976 1574 5050 ipse
1590 4976 1648 5034 ait:
1673 4977 1804 5051 Spiritus

97 5060 193 5133 magis
208 5077 241 5116 ac
255 5061 348 5134 magia
357 5061 545 5135 glorificatur.
557 5064 611 5120 Per
622 5064 677 5122 hos
686 5069 746 5121 tres
757 5065 923 5139 significan·
976 5067 1093 5141 quidem
1116 5073 1271 5140 proruptus
1285 5073 1337 5137 est,
1352 5084 1422 5124 curo
1436 5072 1535 5124 cutem
1551 5069 1670 5140 infirma
1686 5066 1802 5139 (llottlr.

96 5153 146 5205 tur
160 5148 216 5204 tria
229 5165 338 5222 genera
355 5151 539 5224 patientium.
567 5153 621 5209 Per
636 5153 789 5211 sinistrum
814 5155 922 5228 quippe
975 5161 1065 5226 xxvi.)
1079 5155 1222 5213 Similiter
1236 5156 1353 5229 quando
1368 5154 1426 5213 ait:
1443 5156 1549 5214 tristes
1563 5166 1605 5213 eat
1618 5156 1721 5214 anima
1736 5173 1805 5216 mec

96 5238 240 5295 latronem
256 5237 461 5311 significantur
471 5241 514 5299 illi
527 5241 578 5316 qui
589 5259 640 5315 pro
656 5243 782 5317 peccatis
797 5243 859 5300 suis
872 5245 922 5300 tla-
974 5263 1063 5322 usque
1078 5246 1258 5303 camertem
1281 5246 1391 5318 (ibid),
1413 5244 1486 5303 dixit
1500 5247 1578 5319 quod
1592 5251 1654 5303 erat
1667 5247 1804 5305 humani·

94 5326 194 5401 gellati
212 5345 269 5384 nou
292 5328 496 5400 emendantur,
512 5332 564 5387 sed
581 5334 768 5386 murmurant
782 5335 811 5389 et
825 5330 921 5406 magis
974 5335 1054 5392 tatis.
1066 5335 1187 5402 Quando
1198 5351 1265 5391 vero
1277 5332 1363 5391 dixit:
1373 5335 1460 5391 Nemo
1470 5334 1696 5393 tottitanimam
1706 5352 1805 5394 mecm

95 5416 299 5488 reprobantur.
312 5417 365 5472 Per
377 5418 512 5474 dextrum
522 5436 589 5475 vero
605 5419 746 5475 latronem
757 5420 922 5495 significan·
975 5443 994 5483 a
1009 5440 1065 5490 me,
1082 5424 1135 5480 aed
1149 5439 1203 5498 epo
1216 5439 1292 5492 pono
1307 5439 1373 5480 eam
1394 5424 1487 5496 (loon.
1500 5425 1540 5498 x,)
1558 5425 1632 5482 dixit
1647 5424 1725 5498 quod
1741 5427 1804 5483 erat

95 5507 145 5562 tur
158 5503 201 5559 illi
216 5504 267 5578 qui
283 5521 335 5578 pro
350 5505 477 5576 peccatis
488 5507 550 5563 suis
565 5506 703 5582 flagellati
715 5510 919 5580 emendantur,
975 5513 1144 5571 divinitatis.
1161 5512 1274 5585 ltaque,
1297 5512 1402 5570 tratres
1425 5513 1493 5582 mei,
1509 5513 1645 5572 Christus
1659 5514 1759 5571 carnis
1773 5517 1804 5570 et

94 5591 206 5668 gratias
220 5596 314 5668 agunt
327 5595 357 5653 et
369 5591 530 5664 adeantur.
547 5595 601 5657 Per
623 5593 774 5658 Christum
797 5615 865 5662 vero
974 5603 1107 5682 spiritus,
1128 5601 1260 5664 hominis
1283 5605 1312 5662 et
1327 5601 1390 5678 Dei,
1405 5618 1504 5664 veram
1528 5601 1560 5661 iu
1573 5618 1604 5663 se
1619 5601 1804 5689 exprimebat
