3816 6006
532 276 812 342 nonium-1.
835 278 887 341 bu
907 277 1105 342 andrean.
1591 272 1686 340 teto·

87 404 320 465 exercitationes
331 407 449 466 exclusa
471 408 534 466 fuit.
560 411 788 484 Significatione,
806 411 940 480 Aselam
957 428 1039 470 soror
1052 411 1220 470 ministrare
1235 409 1383 484 relinquit.
1398 410 1433 467 nt
1448 407 1472 467 si
1496 407 1564 467 talis
1579 413 1624 466 est
1637 407 1668 466 in

77 512 105 550 m
121 495 274 553 castellum
285 498 393 554 dicitur
403 500 479 572 quod
489 504 534 556 est
543 501 672 557 muriset
684 518 789 574 propu-
843 503 929 558 beata
942 501 1063 576 Virgine
1078 520 1146 575 pars
1160 502 1288 568 Marthae,
1301 500 1397 573 qualis
1413 499 1523 574 putatis
1537 504 1581 556 est
1594 499 1624 555 in
1636 517 1669 556 ea

77 586 98 641 is
108 585 554 653 circumvallatum‚custodibus
567 590 724 658 munitum,
738 607 787 646 ne·
842 607 906 663 quae
918 590 1029 663 optima
1040 608 1108 663 pars
1119 591 1293 663 predicatur
1304 591 1421 647 Maria?
1431 591 1453 646 Ο
1464 607 1553 662 quam
1562 605 1670 662 magna

77 673 98 730 is
113 673 266 746 repletum.
279 676 414 733 Castrum
429 677 647 751 quaque'beata
658 679 787 752 Virginis
842 679 1000 737 multitudo
1024 680 1189 737 dulcedinis
1214 679 1269 734 fuit
1293 679 1322 734 in
1348 696 1392 745 ea,
1410 680 1527 751 quando
1543 678 1669 752 Spiritus

77 762 259 836 ›pugnaculis
269 765 421 834 vallatum,
437 772 470 822 ut
485 768 664 823 abstinentia
685 773 787 825 eontra
841 774 962 826 sanctus
976 769 1005 825 in
1023 786 1087 825 eam
1102 770 1191 836 venit,
1208 773 1237 825 et
1249 768 1342 825 virtus
1359 768 1500 824 ditissimi
1512 769 1669 825 obumbra-

77 867 129 920 em,
145 852 279 909 castitate
294 859 396 911 contra
410 854 569 923 luxuriam,
584 857 786 915 munificentia
839 858 891 927 vit,
908 860 985 915 etde
1000 858 1101 915 eodem
1118 858 1229 930 Spiritu
1245 862 1345 914 saneto
1373 856 1519 930 concepit!
1535 858 1609 923 Ouid
1632 858 1668 914 de

77 940 235 1008 avaritiam,
247 943 389 1015 patientia
404 948 504 1001 eontra
518 945 603 1014 iram,
620 946 785 1005 bumilitate
839 948 898 1004 Deo
909 965 967 1004 nou
979 947 1148 1020 aspiciebat,
1160 947 1190 1002 in
1207 964 1266 1019 qua
1275 946 1326 1003 Dei
1337 947 1481 1019 sapientia
1492 944 1617 1002 latebat?
1631 948 1666 1003 Et

77 1031 249 1103 superbiam.
267 1032 348 1088 Unde
373 1032 402 1089 in
427 1035 553 1090 Canticis
578 1037 782 1094 canticorum:
840 1038 908 1110 quid
925 1038 960 1093 de
975 1041 1032 1093 Deo
1048 1053 1106 1092 uon
1122 1036 1266 1109 sapiebat,
1282 1053 1347 1108 que
1370 1037 1467 1109 ipsum
1492 1035 1664 1091 thesaurum

77 1135 97 1176 s
111 1119 268 1175 conclusus
284 1137 365 1176 soror
380 1138 446 1179 msa
460 1140 578 1196 sponsa,
595 1124 698 1181 hortus
713 1142 784 1181 eon·
838 1125 988 1200 sapientie
999 1131 1028 1182 et
1039 1123 1165 1182 scientie
1177 1125 1208 1180 in
1224 1141 1255 1181 se
1264 1124 1421 1197 portabat?
1432 1124 1523 1179 Nemo
1533 1139 1663 1194 unquam
1693 1155 1697 1163 ·

84 1207 148 1265 lons
172 1208 305 1282 signatus
322 1210 409 1282 (Ceut.
427 1214 475 1280 iv).
494 1234 508 1262 n
524 1213 594 1269 Item
613 1230 620 1269 :
638 1236 652 1264 «
669 1213 782 1270 Collum
838 1217 880 1272 sie
895 1214 1023 1289 gustavit
1036 1231 1125 1287 quarn
1137 1214 1236 1270 suavis
1248 1217 1292 1270 est
1304 1213 1530 1269 DominusHaee
1550 1228 1664 1268 conser-

77 1295 134 1353 ieut
156 1297 247 1354 turris
269 1298 370 1366 David,
387 1317 452 1372 quas
477 1301 621 1358 edificata
646 1306 690 1359 est
714 1319 782 1360 cum
836 1303 1661 1377 rabatomniaverbaangelorum,pastorum,magerum,

77 1386 194 1443 iaculis.
212 1386 289 1442 Mille
304 1388 396 1462 clypei
412 1390 540 1461 pandent
565 1408 599 1447 ex
626 1409 670 1458 ea,
686 1393 782 1450 omnis
836 1410 950 1450 necnon
974 1398 1003 1451 et
1028 1394 1122 1465 ipsius
1145 1392 1199 1449 lilii
1226 1392 1282 1463 sui,
1298 1392 1450 1449 conferens
1463 1390 1492 1445 in
1509 1391 1594 1446 corde
1609 1407 1662 1447 sua

77 1492 105 1532 ra
119 1474 239 1530 fortium
254 1476 380 1550 (liiidie
398 1478 463 1534 fuit
487 1479 564 1535 enim
591 1479 675 1536 beata
693 1480 781 1555 Virga
836 1482 1070 1553 (Luc.11).Cirea
1096 1481 1224 1554 plurima
1248 1482 1457 1554 occupabatur,
1477 1483 1510 1535 ut
1535 1479 1660 1548 Martha,

79 1579 130 1637 per
139 1565 215 1636 quad
227 1564 297 1621 exiit
308 1566 343 1621 nd
356 1567 684 1624 nosVerhumDei.Fuit
693 1568 780 1625 etiam
836 1573 913 1629 eirca
934 1589 1027 1629 unum
1053 1572 1261 1637 delectabatur,
1279 1575 1312 1627 ut
1339 1570 1441 1626 Maria.
1467 1569 1662 1641 singulariter

77 1655 129 1709 bus
143 1653 303 1720 munitum,
320 1659 419 1727 utpote
435 1673 524 1728 quarn
540 1656 657 1713 Gabriel
673 1658 780 1714 crateri·
834 1659 1047 1734 igiturpartem
1060 1659 1180 1715 Martha
1192 1659 1312 1733 peregit,
1320 1658 1510 1732 singulariter
1520 1657 1661 1730 optimam

77 1740 133 1816 geli,
146 1745 175 1798 et
189 1743 281 1798 saneti
293 1743 439 1813 homines,
449 1749 482 1800 ut
495 1745 604 1817 ioseph
616 1750 643 1802 et
653 1746 781 1804 ioannes
837 1753 947 1822 partem
964 1748 1061 1805 Maria
1076 1748 1172 1822 elegit.
1190 1749 1245 1805 Sed
1261 1766 1329 1820 pars
1345 1747 1464 1805 Martha
1479 1746 1505 1802 ei
1531 1746 1663 1803 aufertur

77 1830 144 1901 ista,
156 1835 188 1887 ut
199 1831 248 1887 Dei
262 1832 416 1906 templum,
433 1834 618 1891 sanctissime
635 1837 781 1892 custodie·
837 1838 912 1894 bono
927 1854 991 1905 suo,
1008 1837 1078 1910 quia
1094 1853 1162 1910 pars
1177 1835 1274 1892 illaria
1297 1836 1322 1891 ei
1346 1836 1497 1908 perficitur
1520 1852 1584 1907 que
1603 1852 1660 1891 non

76 1919 111 1977 iit
123 1925 152 1977 et
166 1923 339 1978 necessariis
355 1923 613 1997 repletum,utpote
629 1925 658 1979 in
672 1942 731 1997 qua
743 1926 781 1981 fe·
836 1928 986 1984 auferetur
1000 1927 1035 1983 ub
1050 1944 1093 1983 aa.
1106 1924 1238 1981 Exultata
1251 1929 1296 1981 est
1307 1925 1384 1980 anim
1397 1942 1486 1998 super
1495 1924 1599 1981 choros
1609 1941 1660 1979 an·

80 2008 231 2066 cellarium
243 2012 328 2083 panis
344 2012 406 2067 vitae
422 2017 450 2068 et
461 2029 537 2086 aqua
548 2013 706 2086 sapientia.
717 2014 783 2070 Fuit
836 2015 978 2089 galerum,
995 2015 1139 2089 repletum
1154 2019 1198 2070 est
1212 2016 1243 2070 ia
1259 2014 1344 2070 bonis
1366 2012 1543 2070 desiderium
1560 2030 1659 2081 suum,

77 2099 158 2155 beata
178 2099 265 2172 Virgo
288 2100 451 2170 castellum,
469 2107 498 2158 et
519 2103 678 2175 quoddam,
693 2102 723 2159 id
738 2107 783 2160 est
836 2121 900 2176 queo
916 2105 1023 2178 gaudet
1037 2109 1065 2160 et
1079 2108 1181 2177 regnat
1204 2119 1270 2158 curn
1296 2103 1356 2158 filio
1381 2119 1435 2158 sno
1458 2101 1488 2157 in
1508 2107 1659 2173 aternum,

77 2204 116 2257 re,
133 2189 213 2261 quia,
230 2190 364 2262 quamvis
384 2196 492 2247 eaeterae
515 2192 642 2265 virgines
669 2193 784 2265 possint
836 2194 913 2265 apud
926 2194 1023 2266 ipsum
1035 2211 1086 2266 pre
1098 2193 1182 2249 nobis
1193 2191 1546 2265 semperintercedens,si
1561 2196 1660 2247 tamen

77 2276 152 2333 inde
167 2282 195 2333 et
210 2283 306 2346 castae,
324 2283 421 2335 tamen
439 2280 520 2337 nulla
535 2284 634 2354 potest
655 2296 719 2337 esse
739 2280 782 2337 si·
836 2282 873 2337 ad
884 2282 1122 2356 exemplumejus
1135 2280 1277 2337 fuerimus
1289 2280 1333 2337 vel
1343 2280 1619 2346 Martha,Christum
1629 2280 1659 2336 in

79 2366 192 2439 tVirgo
207 2370 236 2423 et
260 2368 362 2424 Mater.
379 2370 460 2435 Quod
486 2373 515 2426 et
540 2370 565 2425 si
587 2370 782 2426 concedamus
837 2371 1017 2444 pauperibus
1032 2369 1228 2442 suscipiendo,
1246 2370 1381 2438 cibando,
1399 2368 1559 2434 vestiendo,
1575 2373 1660 2425 eate-

77 2455 219 2524 eri,nulla
229 2460 327 2513 tamen
344 2456 401 2514 alia
417 2463 592 2531 potestesse
609 2462 703 2514 mater
718 2457 782 2514 llilii
837 2476 927 2532 raque
942 2476 1031 2533 opera
1045 2459 1253 2516 misericordia
1268 2459 1473 2523 ministrando,
1485 2458 1529 2514 vel
1539 2458 1562 2513 si
1575 2457 1661 2514 fueri·

79 2543 88 2600 i
104 2544 180 2602 sieut
194 2550 239 2601 est
253 2546 338 2603 unico
355 2547 443 2617 Patri,
453 2547 494 2603 ita
509 2552 553 2603 est
568 2548 675 2604 unicus
690 2546 782 2603 unicae
836 2565 904 2604 mus
921 2548 1022 2617 Maria,
1033 2548 1086 2605 soli
1105 2548 1219 2604 Christo
1234 2547 1348 2603 cunctis
1363 2545 1540 2618 transitoriis
1555 2545 1660 2618 spretis

77 2636 99 2689 'n
115 2633 170 2690 hoc
186 2635 275 2708 igit-ur
285 2636 486 2692 castissimum
500 2637 654 2692 castellum
665 2636 784 2692 intravit
837 2636 1020 2704 adherendo,
1030 2635 1280 2708 contemplationi,
1292 2634 1418 2701 lectioni,
1433 2635 1568 2702 orationi,
1581 2639 1661 2690 eaete·

77 2723 152 2779 ‘orta
166 2742 232 2781 vero
248 2741 299 2797 per
314 2742 403 2799 quam
419 2725 630 2793 intravit,lides
644 2730 697 2783 est.
711 2724 784 2792 Quin
837 2725 936 2798 risque
951 2723 1109 2782 virtutibus
1121 2725 1261 2791 vacando,
1273 2728 1301 2779 et
1316 2724 1352 2779 nd
1368 2724 1460 2779 Deum
1476 2727 1536 2779 toto
1551 2722 1662 2779 deside·

77 2813 204 2882 eredidit,
223 2815 349 2883 perfecta
372 2818 442 2870 sunt
463 2814 488 2870 ei
513 2815 691 2887 omniaque
706 2814 786 2869 dieta
838 2814 880 2870 rio
891 2812 1055 2870 festinando
1070 2817 1099 2870 et
1114 2812 1315 2886 perveniendo.
1331 2813 1411 2879 Quod
1424 2811 1559 2884 gloriosis
1573 2810 1663 2884 preci·

86 2902 318 2959 abominoNee
333 2902 608 2959 intranslesushee
629 2903 784 2959 castellum
837 2903 893 2959 bus
908 2903 1041 2975 ejusdem
1058 2902 1233 2959 beatissimae
1249 2901 1426 2958 matrissuae
1451 2900 1535 2956 nobis
1560 2916 1661 2957 conee-

85 2989 194 3060 ;Jesus
210 2992 288 3047 enim
305 2991 407 3058 salvat,
423 3009 480 3048 nan
496 2991 596 3048 violat.
615 2991 784 3048 Secundum
837 2992 905 3048 dere
920 2991 1066 3066 dignetur,
1074 2991 1121 3047 cui
1135 3009 1203 3048 eum
1219 2991 1303 3047 Patre
1318 2995 1346 3046 et
1361 2989 1471 3062 Spiritu
1483 2992 1584 3045 sancto
1594 2988 1663 3044 vivit

82 3080 159 3151 ejus,
176 3080 218 3135 ita
232 3084 260 3135 et
275 3097 350 3153 opus
364 3082 438 3153 ejus.
838 3084 868 3137 et
880 3084 983 3153 regnat
997 3084 1072 3138 Deus
1082 3079 1240 3152 peremnia
1250 3079 1356 3135 sarcula
1366 3077 1550 3135 saecularum.
1560 3081 1660 3134 Amen.

77 3168 143 3224 alter
158 3168 293 3240 quedam,
306 3169 410 3225 Martie
433 3172 553 3238 nomiae,
572 3171 677 3242 excepit
700 3169 781 3225 illum
795 3160 817 3224 C
1196 3186 1305 3243 xxxp,

77 3274 113 3312 im
125 3273 213 3325 suam,
224 3261 278 3312 etc.
295 3257 381 3313 Nulla
395 3257 437 3314 sic
448 3263 585 3314 exsecuta
594 3262 638 3314 est
652 3257 782 3315 officium
1004 3276 1033 3314 in
1050 3275 1134 3314 unsre
1154 3275 1251 3314 ssucrr
1272 3274 1489 3313 naaruomuar.

77 3367 90 3415 i,
103 3349 136 3401 ut
151 3345 405 3419 bealaVirgo.Alii
420 3347 579 3420 quemlibet
591 3347 736 3420 hospitem
751 3345 781 3402 in
871 3351 955 3402 Facta
978 3356 1018 3404 est
1040 3349 1175 3403 canentia
1199 3350 1271 3403 inter
1299 3347 1458 3419 ‹liaripaloa
1483 3348 1659 3418 quiscerem

77 3452 116 3490 ua
130 3434 307 3506 suscipiunt,
320 3436 381 3491 bac
396 3440 425 3492 et
440 3437 518 3492 istud
535 3437 571 3492 ad
595 3437 723 3493 litterum
739 3437 782 3491 fe·
836 3435 1038 3493 tricleretureaae
1053 3438 1142 3510 major
1156 3437 1230 3508 (liic.
1247 3440 1295 3504 iv),
1311 3440 1340 3490 et
1362 3453 1375 3489 r
1394 3435 1483 3508 liqua.
1509 3435 1660 3507 Quinque-

77 3521 217 3588 editur,et
228 3523 307 3595 quod
323 3529 367 3580 est
382 3527 591 3598 majusipsurn
604 3525 709 3582 Filium
722 3525 780 3594 lle-i,
837 3524 942 3596 pertita
956 3529 1001 3582 est
1016 3525 1099 3582 lectio
1115 3527 1181 3594 ista,
1194 3526 1297 3581 fratres
1312 3524 1579 3580 mei.*Pri1noenim
1593 3540 1661 3579 con·

77 3610 183 3667 ibabct
198 3612 248 3667 ubi
264 3617 353 3685 caput
368 3630 454 3670 suum
471 3614 591 3671 reclinet
605 3615 781 3686 (f,ee.1xl‚in
836 3614 961 3670 tendunt
976 3615 1112 3686 discipuli
1130 3615 1165 3670 dc
1181 3613 1359 3687 praelatione.
1370 3612 1662 3679 Secundo,Dominus

77 3698 192 3773 recepit.
208 3700 263 3755 Alii
280 3702 393 3757 nudum
407 3703 567 3775 quemlibet
580 3709 659 3760 veste
680 3719 782 3776 coepe·
836 3717 886 3758 eos
903 3704 1081 3778 redarguens
1104 3703 1231 3760 ostendit
1255 3704 1290 3759 de
1314 3719 1372 3775 quo
1395 3718 1452 3758 nou
1468 3702 1602 3770 debeant,
1617 3701 1663 3758 vel

77 3805 131 3845 naee
147 3793 175 3844 et
189 3789 267 3846 istud
284 3790 387 3846 fecisse
402 3793 540 3858 ereditur,
552 3796 580 3848 et
593 3793 670 3865 quod
686 3792 783 3864 majus
836 3788 962 3845 debeant
971 3789 1270 3858 contendera.Tertio,
1285 3788 1416 3862 exemplo
1425 3807 1478 3845 suo
1488 3806 1538 3846 eos
1548 3788 1661 3847 inritat.
1688 3833 1690 3837 .

77 3894 127 3934 um
140 3877 247 3934 Filium
264 3880 313 3934 Dei
331 3881 448 3952 propria
471 3897 558 3937 earne
580 3881 706 3938 vestivit.
727 3879 782 3935 Alii
838 3879 955 3946 Quarto,
973 3896 1037 3951 qua
1049 3879 1087 3935 sit
1103 3896 1221 3934 summa
1242 3878 1338 3934 meriti
1354 3895 1454 3935 eorum
1471 3879 1662 3935 demonstrat.

77 3968 120 4023 bet
133 3968 309 4023 esurientem
331 3968 395 4024 ciba
410 3968 454 4024 vel
470 3974 539 4042 potu
556 3970 704 4038 reficiunt;
721 3970 783 4025 heac
837 3967 1033 4041 Quinto,quod
1047 3969 1198 4041 premium
1209 3973 1287 4023 esset
1298 3966 1340 4022 ais
1351 3969 1473 4023 daturus
1485 3967 1663 4023 manifestat.

77 4057 82 4111 i
98 4055 200 4112 fecisse
216 4057 389 4126 creditur,et
403 4058 491 4113 etiarn
503 4059 601 4131 ipsum
614 4058 717 4114 l'ilium
732 4056 783 4114 Dei
838 4056 934 4113 Primo
947 4055 1182 4130 igiturdiscipuli
1192 4060 1349 4111 narrantur
1359 4057 1395 4111 do
1413 4055 1580 4128 pretatione
1595 4073 1664 4113 ean-

77 4162 122 4201 um
138 4161 256 4201 carnem
268 4146 454 4215 esurientem,
464 4147 552 4203 etiarn
564 4147 694 4204 interiori
710 4146 783 4203 lacte
836 4146 976 4214 tendisse,
993 4162 1060 4202 cum
1075 4144 1183 4201 dieitur
1194 4161 1201 4199 :
1214 4150 1297 4201 Facto
1312 4153 1350 4200 est
1365 4147 1500 4202 eontentio
1514 4147 1586 4201 inter
1607 4145 1663 4202 dis·

78 4235 146 4304 avit,
158 4238 186 4289 et
196 4239 299 4289 catera
313 4234 506 4291 humanitatis
518 4236 646 4292 officiani
662 4235 784 4308 diligen·
836 4236 951 4307 cipelos,
964 4237 1025 4308 quis
1040 4251 1134 4291 serram
1148 4233 1285 4289 vicinetur
1298 4250 1354 4289 ease
1366 4235 1465 4306 aieijor.
1480 4234 1562 4291 Sicut
1576 4235 1664 4291 bono·

89 4323 230 4387 exhibuit,
247 4327 280 4378 ut
302 4323 338 4379 de
352 4340 386 4379 ea
401 4323 505 4380 merito
529 4325 644 4398 dpcatur
659 4342 666 4379 :
680 4325 785 4381 llartha
837 4340 903 4379 rum
917 4328 963 4380 est
976 4323 1006 4380 in
1022 4323 1182 4395 Scripturis
1192 4323 1342 4378 attendere
1355 4323 1471 4379 undein
1481 4322 1588 4379 melius
1600 4339 1662 4395 pro

77 4412 171 4481 eqebct
185 4415 260 4467 circe
273 4413 400 4485 frequens
416 4415 611 4470 ministerium.
625 4414 703 4470 lnter
723 4413 783 4469 haee
838 4411 947 4480 ficiunt,
963 4413 1005 4469 sic
1021 4428 1225 4485 perversorum
1241 4411 1330 4467 estin
1346 4411 1505 4484 Scripturis
1520 4411 1660 4484 accipere,

77 4499 189 4556 allicita
202 4504 275 4571 erat,
290 4506 319 4556 et
333 4502 517 4570 turbabatur,
535 4519 602 4557 cum
618 4504 730 4575 lugeret
752 4502 782 4557 in
798 4528 822 4592 D
838 4501 915 4556 unde
939 4501 1085 4573 nequitias
1110 4517 1180 4556 suas
1203 4498 1247 4555 vel
1263 4499 1430 4561 defendant,
1447 4499 1491 4554 vel
1511 4503 1660 4568 excusent,

77 4606 115 4645 un
132 4606 149 4645 a
163 4589 236 4646 facie
247 4590 368 4645 Herodis
380 4608 467 4646 suum
480 4590 569 4647 talam
581 4591 673 4646 hliuni
685 4606 783 4663 porse·
838 4589 961 4661 ideaque
971 4590 1064 4646 multo
1079 4588 1230 4645 ardentius
1246 4588 1402 4643 attendunt
1425 4587 1503 4659 quod
1519 4587 1595 4643 facta
1619 4591 1663 4642 est

89 4679 194 4746 (narrt.
208 4679 249 4750 u).
266 4679 455 4734 Turbubatur
479 4697 546 4735 cum
571 4680 687 4736 Judaos
711 4679 783 4735 insi·
839 4679 987 4735 contentio
1000 4679 1075 4735 inter
1091 4677 1250 4751 discipulos
1265 4675 1381 4744 Christi,
1392 4677 1568 4748 quiseorum
1584 4675 1662 4732 vide·

78 4771 132 4836 ,et
159 4767 184 4822 ei
209 4772 332 4822 mortem
360 4767 564 4824 machinantes
597 4773 779 4842 agnosceret.
839 4773 919 4824 retur
931 4784 996 4824 esse
1011 4768 1208 4839 major,quam
1221 4764 1297 4838 quod
1311 4787 1324 4814 a
1338 4763 1536 4820 multitudinis
1547 4763 1664 4819 creden·

77 4853 174 4911 ihenso
190 4872 306 4927 quoque
317 4861 346 4910 et
356 4856 492 4912 crucifixo
504 4858 607 4924 adfuit,
621 4859 679 4914 imo
694 4858 783 4914 etiam
839 4857 913 4913 tium
929 4861 990 4913 erat
1004 4874 1054 4912 cor
1069 4872 1160 4911 unum
1177 4859 1205 4911 et
1220 4854 1319 4909 anima
1334 4870 1393 4908 una
1404 4854 1469 4922 (Act.
1489 4857 1556 4923 iv).»
1572 4852 1663 4910 Multo

77 4942 194 4999 inimum
205 4943 282 4999 idem
292 4943 407 5016 gladius
416 4945 561 5015 passienis
571 4948 785 5003 transverbera·
838 4945 971 5003 recolunt
980 4945 1112 5003 tenacius
1125 4944 1201 5017 quod
1213 4944 1288 4999 faeta
1296 4943 1493 5000 esteonteutio
1503 4942 1580 4999 inter
1589 4942 1664 4998 Pau·

79 5034 138 5106 .11).
154 5032 236 5088 Unde
252 5037 280 5089 et
295 5034 367 5088 bene
390 5035 523 5106 congruit
547 5037 624 5106 quod
650 5036 759 5091 dieitur
775 5054 781 5093 :
838 5031 1663 5104 lumetBarnabam,itautdiscederentnbinvicem,quam

79 5161 86 5188 ,
102 5121 344 5188 dorecestriae
358 5130 429 5189 eset
443 5125 565 5178 turbaris
575 5141 641 5192 erpa
649 5126 782 5196 plurimo.
840 5126 916 5199 quod
934 5126 1009 5181 idem
1019 5123 1126 5180 Paulus
1141 5122 1231 5179 dicit:
1244 5123 1389 5176 «comsit
1404 5122 1536 5179 intervos
1546 5120 1664 5179 zeluset

77 5225 131 5266 *ero
146 5211 263 5266 dubitat
276 5212 348 5282 quin
363 5211 448 5265 beata
469 5211 561 5266 illaria
581 5211 667 5268 vellet
690 5213 784 5270 lilium
840 5213 995 5281 contentio,
1013 5229 1109 5269 nonne
1124 5211 1256 5267 carnales
1277 5211 1370 5266 estis?
1387 5233 1401 5261 »
1417 5212 1440 5279 (l
1452 5213 1510 5268 Cor.
1527 5214 1561 5281 1.)
1575 5209 1663 5278 Quasi

77 5299 108 5356 da
135 5299 216 5356 amni
247 5299 435 5356 tribulatione
464 5299 635 5371 libcrari,et
656 5302 784 5375 seipsam
840 5301 1664 5370 uobisinfirmitassanctorumpreponaturimitandaet

77 5389 186 5445 satione
211 5389 342 5460 adjuvari
367 5406 384 5443 a
409 5388 572 5455 divinitate,
585 5407 672 5462 quam
689 5392 784 5447 eidem
840 5408 897 5447 non
910 5389 983 5447 illud
994 5387 1181 5464 potiusquis
1191 5412 1205 5438 κ
1218 5386 1472 5444 convalueruntde
1482 5388 1663 5455 infirmitate,

77 5494 89 5535 a
105 5481 224 5534 noverat
238 5478 333 5533 inesse
349 5494 400 5550 per
413 5477 554 5533 theoriam
570 5496 634 5550 quae
651 5484 695 5535 est
716 5497 785 5553 pars
840 5480 929 5535 fortes
945 5478 1012 5535 facti
1028 5481 1098 5533 sunt
1114 5476 1143 5532 in
1159 5475 1235 5532 bello
1251 5476 1398 5549 (fledrux).
1410 5499 1423 5527 n
1435 5477 1498 5533 Non
1509 5478 1664 5549 enimpra·

83 5566 119 5624 'tlt
133 5570 178 5625 est
194 5567 272 5638 quod
287 5565 476 5638 conqueritur
491 5567 616 5636 Martha,
626 5569 703 5640 quod
720 5586 784 5626 eain
840 5568 959 5642 ponitur
973 5566 1058 5624 nobis
1068 5565 1213 5624 eontentio
1223 5566 1268 5622 vel
1278 5565 1436 5623 infirmitas
1447 5571 1616 5624 sauctorum
1626 5565 1664 5622 ad
