3816 6006
94 207 150 287 aar
346 204 398 266 eo
421 204 681 285 aooararnuu
701 204 868 268 urrann.
892 205 930 268 u.
946 238 986 275 ,-
1000 202 1157 291 uonuu.
1180 204 1232 267 nu
1252 203 1379 291 sassa
1400 201 1541 267 sacac.
1739 201 1803 290 sss

96 339 152 397 Sed
167 342 265 394 tamen
279 335 398 393 illorum
415 343 539 394 mortem
555 338 639 411 pauci
656 338 802 394 sociorum
934 339 962 407 Α
977 339 1011 394 bt
1026 336 1067 393 nil
1083 335 1199 394 solliciti
1215 336 1383 413 gaudebant
1396 351 1461 394 aere
1476 334 1551 403 miti,

95 427 247 486 Narraudo
262 415 361 482 tristes
376 426 488 483 iaciunt
503 428 730 500 sociosquoquc
746 427 856 484 tristes.
975 427 1031 484 Sed
1048 427 1103 483 sub
1119 430 1267 483 momento
1283 428 1421 499 surgente
1436 442 1488 499 per
1502 440 1570 480 aera
1583 427 1680 492 vento,

97 519 168 573 Inde
184 516 272 574 nimis
287 514 379 572 tristis
395 515 577 572 boimundus
593 517 680 572 rebus
695 516 725 573 in
741 516 805 573 istis
974 516 1056 574 Aeris
1070 515 1176 589 ingrati
1192 519 1341 573 commotu
1355 513 1537 589 praecipitati,

98 605 227 678 Supplex
241 604 343 660 divinae
359 609 442 679 rogat
459 604 599 661 auxilium
615 605 778 674 medicine,
974 605 1029 662 Vix
1043 606 1147 662 subite
1163 605 1237 680 pesti
1251 608 1387 678 poterant
1401 603 1542 671 obsistere
1558 603 1668 670 maesti,

99 695 282 766 lnsidiasque
298 698 381 767 parat
394 695 484 768 genti,
501 713 564 767 quae
580 695 682 753 fraude
698 700 816 753 necarat
975 695 1144 768 Cunctaque
1160 695 1325 751 lustrabant
1340 693 1459 761 imbres,
1476 695 1505 748 et
1519 695 1615 763 castra
1631 692 1784 749 natabant.

97 785 213 840 Victum
229 788 401 856 quaerentes,
417 784 448 838 ni
462 801 514 856 per
528 788 668 841 montana
683 784 831 842 timentes.
976 787 1089 858 Quique
1103 785 1213 841 locarat
1227 799 1337 856 equum
1354 786 1496 839 nocturno
1511 786 1642 855 tempore
1658 797 1771 851 secum,

97 875 139 929 Ad
156 873 248 929 victus
264 873 353 945 igitur
367 873 549 945 querendos,
564 877 596 929 ut
611 874 703 947 prius,
720 875 789 931 itur.
976 875 1075 931 Flebat
1090 891 1158 947 eum
1173 890 1269 943 mane,
1286 888 1451 945 corpusque
1465 870 1601 927 trahebat
1614 870 1712 928 inane.

98 962 171 1018 Cum
186 963 260 1017 duce
273 961 444 1018 Flaudrensi
458 961 640 1018 Boimundus
655 963 838 1019 consociatur
976 963 1118 1020 Militibus
1133 961 1222 1029 mille,
1239 962 1290 1035 qui
1305 960 1422 1030 cinctus,
1434 959 1517 1046 prius
1533 963 1606 1030 erat,
1622 957 1671 1015 ille

97 1051 269 1124 Armigeris,
286 1067 332 1107 res
348 1052 501 1125 armigeris
517 1052 656 1124 predicta
671 1053 797 1110 debatur
812 1054 878 1127 (30),
976 1055 1030 1110 Pro
1046 1053 1138 1109 nimia
1153 1056 1301 1126 pestanae
1317 1067 1423 1120 nomen
1439 1047 1567 1105 habebat
1582 1048 1706 1119 honeste

99 1138 261 1196 Premissis
277 1139 366 1196 mille.
384 1139 522 1214 Sequitur
537 1141 595 1197 dux
609 1140 748 1213 providus
764 1142 822 1198 ille.
939 1173 944 1180 -
978 1142 1090 1209 Militis,
1106 1146 1194 1214 atque
1207 1141 1296 1215 pedes
1311 1139 1406 1196 iactus
1421 1137 1555 1217 plorabat
1570 1137 1600 1221 ip
1616 1138 1703 1205 aedes.

84 1229 157 1285 'Hos
172 1227 222 1284 ubi
239 1229 402 1300 predantes
417 1229 553 1285 viderunt
567 1229 752 1299 insidiantes,
976 1234 1071 1305 Turpe
1087 1231 1206 1305 quidem
1221 1230 1311 1298 dictu,
1326 1230 1377 1286 sed
1393 1226 1478 1299 miles
1493 1228 1579 1300 inops
1593 1227 1657 1284 sine
1671 1225 1752 1303 rictu

100 1308 235 1373 Protinus
251 1334 266 1374 e
282 1316 401 1374 latebris
417 1317 554 1375 salientes
568 1319 697 1392 undique
712 1320 833 1386 crebris,
976 1321 1161 1396 Armigcrum
1177 1321 1296 1387 llentrm
1312 1319 1385 1387 flens
1401 1317 1464 1390 ipse
1479 1316 1556 1373 fame
1570 1319 1741 1395 pereuntem

99 1406 227 1463 Vocibus
237 1406 392 1477 insultant,
400 1411 429 1463 et
439 1412 709 1481 equorumpectora
717 1409 844 1467 multant
854 1410 922 1484 (31),
979 1413 997 1467 A
1014 1408 1196 1483 sepeliebat,
1214 1408 1284 1483 quia
1296 1424 1349 1476 nec
1364 1404 1421 1477 sibi
1437 1404 1612 1479 sufficiebat.

99 1495 266 1569 Armigeros
284 1497 402 1552 feriunt.
419 1497 495 1552 Dum
512 1497 583 1554 talia
598 1498 697 1570 praelia
713 1501 768 1570 (32)
785 1500 868 1569 finnt,
979 1500 1031 1556 Pro
1048 1500 1146 1556 dolor!
1164 1499 1226 1572 ipse
1242 1502 1325 1572 pater
1339 1500 1417 1564 nato,
1435 1494 1518 1551 iratri
1535 1510 1653 1568 quoque
1667 1494 1767 1565 irater,

100 1585 173 1641 Cum
187 1602 276 1658 parva
290 1590 377 1659 gente
392 1587 574 1643 Bcimundus
589 1587 666 1644 bella
681 1593 800 1663 repente
979 1594 1056 1658 Quos
1071 1588 1128 1646 sibi
1144 1587 1279 1645 servabat
1293 1585 1398 1655 victus,
1415 1584 1444 1640 in
1459 1587 1554 1640 morte
1570 1583 1707 1657 negabat,

100 1674 249 1743 Turbavit,
265 1673 373 1731 multos
387 1675 514 1748 perimit,
529 1677 624 1733 socios
640 1695 692 1734 nec
708 1679 817 1736 inultos
940 1679 1103 1782 BAttentis
1118 1679 1175 1752 (37)
1190 1676 1325 1744 ducibus,
1344 1691 1417 1748 quos
1433 1674 1554 1730 miserat
1569 1664 1800 1749 undique'mun·

103 1763 236 1839 Amplius
249 1780 313 1820 esse
328 1763 409 1833 sinit,
426 1766 613 1840 gemitusque
628 1785 697 1824 suos
711 1769 752 1825 ibi
768 1767 842 1824 sinit.
1685 1759 1766 1836 [dub

101 1853 153 1909 Hic
179 1869 295 1925 quoquc
322 1853 505 1912 l'landrensis
534 1856 643 1914 multos
672 1862 757 1914 necat
786 1857 924 1915 horridus
979 1858 1052 1914 Cum
1067 1859 1140 1914 duce
1156 1853 1328 1912 Flandrensi
1340 1852 1452 1910 solatur
1464 1868 1515 1909 eos
1530 1850 1725 1918 Boimundus,

788 1946 888 2021 [ensis.
978 1948 1014 2004 Et
1029 1946 1182 2004 bellatores
1192 1945 1279 2018 iubet
1293 1940 1401 2016 armari
1417 1939 1563 2009 meliores,

99 2030 146 2088 Sic
162 2032 249 2088 Turci
261 2031 327 2088 telis
342 2033 442 2106 populi
458 2051 570 2091 cessere
586 2033 691 2092 fidelis.
979 2039 1035 2093 Ter
1049 2036 1144 2093 decies
1158 2033 1237 2091 mille
1253 2032 1366 2106 pedites
1380 2032 1438 2087 dux
1452 2029 1535 2104 eligit
1549 2029 1609 2113 ille,

98 2120 212 2192 Oppida
225 2120 350 2178 victores
366 2126 511 2194 repetunt,
528 2123 699 2197 priscosque
712 2124 826 2181 dolores
976 2126 1148 2198 Armatique
1163 2125 1225 2188 iere
1235 2121 1341 2197 galeati
1358 2119 1438 2177 mille
1454 2120 1546 2196 suere.

100 2208 208 2265 Ponere
222 2209 397 2282 praecipiunt
412 2211 478 2284 (33),
495 2215 619 2284 ponunt,
636 2213 779 2269 solemnia
794 2215 879 2269 fiunt.
978 2216 1070 2288 Hique
1086 2231 1155 2271 suos
1170 2229 1255 2270 enses
1268 2213 1440 2278 convertunt
1455 2210 1491 2265 ad
1507 2207 1669 2282 syrienses,

99 2298 244 2370 Tempora
258 2299 416 2370 tranquilla
429 2299 551 2356 victoria
565 2302 690 2374 prebuit
705 2301 766 2358 illa.
977 2305 1092 2378 Oppida
1106 2303 1273 2377 prodantur
1287 2300 1386 2373 Syrie,
1401 2297 1493 2369 nostri
1510 2298 1679 2367 recreantur
1692 2296 1761 2367 (38),

99 2385 202 2442 Victus
216 2387 251 2443 dc
265 2386 342 2444 villis
357 2389 423 2457 (31).
438 2406 496 2445 non
513 2390 721 2461 insidiantibus
736 2392 815 2462 ullis,
977 2393 1104 2451 Telluris
1119 2395 1207 2466 grate
1223 2391 1294 2445 dum
1309 2379 1419 2461 gaudet
1431 2384 1588 2454 fertilitate,

101 2475 259 2531 Portabant
273 2479 374 2549 gentes
389 2479 424 2533 ad
440 2482 535 2535 eastra
551 2479 624 2536 nihil
637 2484 809 2538 metuentes.
977 2481 1147 2554 Diripiendo
1163 2482 1227 2536 sata
1241 2477 1330 2550 Syriae
1344 2468 1417 2549 gens
1431 2472 1482 2548 illa
1496 2472 1582 2543 beata

125 2583 294 2641 Christianos
309 2587 396 2656 faces
410 2594 436 2642 et
450 2577 551 2644 ‘triemis
566 2588 742 2646 inclementia
756 2591 895 2663 efflipant.
977 2574 1049 2628 Ts⁰⁵
1064 2567 1230 2638 admiraldis
1247 2567 1290 2623 ⁸5⁰
1305 2581 1389 2647 regei
1403 2561 1511 2636 (1111119
1525 2559 1630 2655 100111
1670 2648 1676 2660 1

36 2742 43 2751 ,
133 2692 185 2746 Ast
200 2690 250 2746 ubi
266 2690 353 2764 plena
368 2692 453 2749 malis
468 2693 584 2750 advenit
599 2695 694 2752 hiems
707 2694 850 2771 glacialis,
976 2658 1147 2725 Jerusalffln’
1165 2654 1262 2729 calepi
1279 2656 1426 2719 duam&
1442 2655 1530 2723 qu
1542 2650 1688 2706 Damam·

97 2778 184 2834 Venit
199 2783 367 2852 tempestas,
383 2786 499 2838 nostros
511 2783 614 2839 asllixit
627 2789 751 2857 egestas.

98 2868 247 2926 Imbribus
263 2874 292 2924 et
306 2869 408 2926 multis
422 2871 538 2928 nivibus
554 2877 693 2930 montana
705 2874 920 2948 timebant(35),

97 2958 275 3030 Armeuique
290 2959 354 3016 cibo
370 2961 421 3032 qui
436 2965 532 3018 castra
542 2962 645 3034 juvare
660 2963 803 3033 solebant,

98 3045 151 3101 Per
165 3046 273 3103 nimios
288 3048 395 3105 {luctus
410 3049 517 3106 nimios
532 3051 718 3126 exstinguere
733 3053 839 3121 luctus,

97 3134 159 3190 Non
173 3133 320 3208 poterant,
338 3138 425 3194 llcbat
439 3139 565 3212 populus
579 3157 667 3212 quem
684 3141 795 3214 grando
810 3158 922 3215 preme-

742 3231 803 3303 [bat
818 3232 884 3300 (36).
928 3267 935 3279 1

96 3314 160 3370 Non
175 3313 259 3387 inops
274 3319 390 3370 tantum
406 3315 525 3387 glacies,
540 3318 591 3374 sed
606 3318 663 3375 tela
678 3319 859 3391 premebant.

96 3401 160 3456 Non
176 3401 266 3474 aliqui
283 3408 400 3474 portum
416 3404 514 3460 Sancti
530 3405 675 3463 Simeonis
691 3407 822 3477 adibant,
977 3417 1139 3483 Christiani,
1155 3431 1190 3472 ee
1228 3413 1357 3483 pactione
1380 3409 1456 3464 urbis
1481 3407 1663 3479 desperantes,
1679 3404 1714 3459 ab
1728 3402 1799 3459 obsi·

97 3489 151 3555 Qui
168 3489 268 3545 navale
284 3490 378 3546 iorum
395 3491 482 3547 dabat
497 3493 576 3547 omni
593 3510 688 3550 merce
704 3496 852 3552 decorum.
1199 3487 1260 3542 ione
1274 3480 1452 3540 recedendum
1464 3479 1595 3534 clamant·

96 3579 132 3632 At
147 3576 214 3632 fidei
229 3576 344 3650 pugiles
359 3596 459 3650 poenas
471 3581 579 3636 nimias
595 3582 656 3637 iore
671 3581 742 3639 viles
1013 3586 1061 3642 llis
1077 3585 1120 3641 ita
1133 3581 1303 3648 transmtis,
1319 3594 1404 3635 mous
1428 3580 1552 3635 exstans.
1565 3573 1712 3633 maenibus
1728 3569 1796 3628 altis

98 3664 256 3738 Corporeas
272 3669 387 3736 putant,
404 3684 456 3723 nec
472 3669 565 3741 poenis
581 3670 689 3742 gaudia
704 3677 831 3740 mutant,
975 3678 1106 3748 Desuper
1121 3676 1262 3745 equatur,
1278 3673 1307 3726 et
1322 3665 1441 3727 casatis
1457 3665 1620 3723 decoratur.

96 3753 154 3809 Nec
169 3753 245 3809 bona
260 3755 423 3823 tormentis,
440 3757 548 3812 titubat
562 3760 727 3815 constantia
741 3762 860 3829 mentis,
976 3768 1014 3823 De
1026 3781 1083 3838 quo
1098 3765 1242 3835 spectaret
1257 3755 1432 3831 speculator,
1449 3753 1473 3810 si
1489 3769 1549 3826 qua
1562 3753 1678 3824 pararet

96 3841 234 3909 Quamvis
248 3859 402 3914 pressuras
417 3845 568 3917 patiantur
580 3863 701 3919 corpora
715 3849 814 3918 duras,
974 3855 1049 3911 Urbs
1064 3853 1177 3908 armata
1191 3848 1276 3914 dolis,
1292 3847 1328 3902 de
1344 3844 1472 3902 culmine
1485 3841 1587 3915 pervia
1599 3837 1697 3904 molis,

97 3931 153 3987 Sed
169 3932 336 4004 quicunque
352 3934 412 4005 pati
428 3938 586 4006 potuerunt
601 3935 657 3992 tola
672 3938 776 4009 parati,
977 3942 1026 3998 llio
1042 3941 1290 4012 consumpserunt
1304 3936 1362 3990 vim
1379 3932 1514 3999 multam,
1531 3946 1584 3989 nee
1599 3930 1760 4002 potuerant
1812 3957 1815 3960 ·

97 4023 219 4075 Parvum
234 4037 288 4076 nec
302 4021 407 4078 fortem
422 4022 468 4078 viu
483 4027 649 4081 exstruxere
663 4026 823 4097 eohortem,
974 4032 1108 4088 Castrum
1125 4031 1231 4084 natura
1246 4025 1395 4081 munitum
1411 4019 1516 4079 uellere
1531 4017 1617 4090 plura

95 4112 191 4180 Atque
207 4125 295 4165 manu
309 4127 398 4182 parva
413 4113 539 4183 predam
555 4131 677 4187 rapuere
691 4132 743 4187 per
756 4133 834 4173 arva.
973 4119 1109 4194 Agmina,
1124 4133 1192 4172 uam
1208 4113 1269 4170 nati
1284 4113 1338 4185 (39)
1355 4109 1461 4168 Christi
1477 4107 1549 4166 satis
1563 4103 1702 4178 exagitati

96 4215 183 4298 Multi
196 4216 304 4287 pretiis
318 4225 345 4273 et
352 4219 469 4290 jq'aniis
493 4222 664 4278 occumbam,
678 4224 854 4282 Boamunqqg
868 4226 920 4298 sy.
974 4208 1121 4265 Pallebant
1136 4203 1234 4290 contis·
1244 4203 1321 4258 cives
1335 4202 1372 4256 de
1387 4197 1515 4256 culmine
1528 4194 1646 4254 mentis.

131 4303 205 4342 raam
227 4287 403 4360 depredatur
426 4299 531 4362 tresque
551 4308 628 4361 reqes
649 4295 743 4351 vincat
761 4295 828 4353 Cam
847 4300 921 4358 vieta
975 4297 1091 4354 Viribus
1107 4295 1216 4350 interea
1231 4291 1340 4357 fractis,
1357 4306 1392 4346 en
1407 4289 1479 4344 urbe
1494 4287 1587 4359 Lycea

130 4374 189 4430 Vm
205 4358 368 4419 emnam
383 4361 462 4418 redit·
972 4384 1121 4442 Auxilium
1137 4384 1282 4454 querunt,
1297 4378 1376 4451 quod
1391 4393 1449 4432 non
1472 4380 1571 4432 tamen
1595 4370 1798 4452 obtinuartqub

132 4466 209 4530 Quos
224 4465 292 4521 tulit
306 4468 425 4523 eventus
441 4468 591 4526 Gallorum
607 4469 685 4526 clara
696 4471 847 4544 juventus,
934 4459 1174 4530 DNorthmanno
1190 4467 1289 4526 comiti
1304 4466 1447 4523 dederant
1462 4463 1538 4520 hauc
1552 4461 1625 4519 urbe
1639 4458 1725 4532 potiti

95 4553 273 4610 Enumerare
285 4554 371 4625 licet;
387 4557 437 4613 sed
454 4557 522 4629 quia
536 4562 580 4615 tot
595 4560 739 4615 acerrima
754 4560 830 4618 dicet
974 4561 1056 4636 Angli
1070 4561 1204 4626 victores,
1219 4555 1411 4630 patribusque
1423 4553 1487 4610 suis
1502 4550 1649 4618 meliores,

96 4639 208 4708 Prelio,
224 4660 388 4715 pressuras,
401 4646 525 4717 jejunia,
542 4647 661 4721 frigora,
678 4650 788 4705 curas?
972 4653 1030 4708 Nec
1044 4665 1117 4723 gens
1131 4645 1293 4719 anglorum
1308 4643 1400 4717 gessit
1413 4656 1528 4715 pugnas
1542 4637 1682 4706 aliorum,

96 4727 191 4785 Pauca
205 4732 325 4803 quidem
341 4733 405 4790 dico
422 4735 527 4803 tristis,
543 4753 596 4792 nec
610 4736 721 4793 lumine
737 4738 823 4806 sicco,
973 4741 1066 4797 Marte
1080 4738 1130 4794 sed
1146 4751 1279 4809 aequoreo
1293 4735 1350 4802 (¹t0)
1367 4732 1421 4788 luit
1436 4729 1490 4786 illa
1501 4727 1593 4802 potito
1607 4725 1749 4798 trophaeo,

96 4817 189 4874 Millia
202 4822 246 4876 ter
260 4826 376 4877 centnm
393 4823 517 4893 socrant,
534 4829 604 4881 tune
620 4826 731 4883 aestimo
747 4831 865 4884 eentum
974 4831 1031 4885 llos
1046 4843 1139 4900 genus
1153 4828 1268 4880 oratum
1284 4839 1342 4878 non
1357 4824 1403 4878 est
1414 4819 1462 4876 his
1475 4819 1534 4887 (tl)
1544 4815 1757 4889 participatum

96 4906 129 4961 ln
144 4903 219 4964 bello
233 4908 301 4965 clari
316 4910 363 4965 vix
378 4915 498 4982 possent
511 4913 710 4971 adnumerari.
972 4916 1078 4974 Mentis
1092 4919 1190 4970 turma
1203 4914 1286 4970 bone
1301 4908 1469 4983 quesgsssit
1483 4907 1516 4964 in
1529 4903 1693 4963 obsidione.

96 4994 174 5067 Saepe
190 4996 309 5068 quidem
325 4996 382 5053 laeti
397 4999 538 5056 dederant
552 5018 606 5058 sua
620 5004 752 5060 membra
767 5004 867 5076 quieti,
972 5007 1045 5064 Nam
1061 5020 1130 5078 grex
1145 5004 1307 5060 Turcorum
1319 4997 1441 5056 divortia
1456 4999 1526 5054 nota
1540 4994 1672 5052 locorum

978 2750 1058 2822 lpsos
1074 2746 1227 2813 invadunt,
1244 2743 1295 2800 sed
1312 2747 1340 2798 et
1354 2741 1386 2796 bi
1401 2739 1511 2810 uostris
1526 2755 1581 2795 sua
1596 2737 1728 2794 trad-unt.

977 2837 1088 2911 Quippe
1103 2838 1287 2892 recesserunt
1300 2831 1379 2899 victi,
1396 2829 1499 2903 plures,
1509 2823 1667 2901 perierunt.

977 2930 1035 2984 llac
1051 2924 1149 2999 palera
1165 2923 1241 2990 freti,
1255 2923 1392 2995 repetunt
1406 2917 1533 2995 tentoria
1547 2913 1615 2971 leti.

976 3018 1089 3074 Dantur
1103 3030 1183 3087 opes,
1200 3011 1329 3086 gaudent
1345 3010 1458 3082 inopes,
1475 3004 1640 3077 meliusque
1655 3003 1799 3060 futurum.

937 3088 958 3155 G
977 3107 1048 3164 Esse
1063 3106 1177 3178 putant,
1194 3100 1317 3157 credunt
1332 3115 1385 3154 nec
1400 3113 1487 3171 posse
1501 3094 1637 3151 resistere
1653 3108 1783 3161 murum,

975 3195 1092 3269 Optima
1118 3183 1277 3249 credu‘ntur
1310 3189 1397 3254 bona,
1427 3202 1490 3258 quae
1526 3182 1604 3239 mala
1631 3180 1727 3254 prima
1756 3196 1800 3236 se·

1611 3269 1765 3344 [quantur.

132 5137 189 5204 (³0)
204 5137 293 5205 Edit,
308 5137 427 5194 dicotur.
1007 5149 1052 5218 (36
1077 5146 1165 5214 Edit,
1180 5144 1323 5214 provebat.

130 5208 185 5275 (31)
201 5207 288 5288 Edit,
303 5208 424 5264 uctmtnt.
1006 5221 1051 5288 (37
1077 5216 1165 5284 adit,
1180 5215 1312 5271 auaritia

131 5278 186 5346 (32)
202 5278 290 5359 lldrt,
301 5279 420 5349 praedia
1007 5289 1061 5363 (38)
1079 5287 1165 5354 Edit,
1180 5288 1339 5342 reticentur.

130 5349 188 5415 (33)
204 5349 290 5416 11111,
305 5352 393 5420 praeci
412 5353 491 5409 itant.
1006 5361 1052 5431 (39
1078 5357 1165 5427 buit,
1181 5357 1240 5428 fidi.
1330 5373 1336 5387 “

129 5419 185 5486 (31)
201 5419 288 5501 Edit,
304 5368 424 5477 acolitis
437 5423 536 5481 minus
552 5427 634 5483 bene.
1005 5432 1052 5501 (ac
1078 5429 1166 5497 Edit,
1182 5436 1298 5501 equata.

130 5489 185 5562 (35)
201 5489 289 5558 Edit,
306 5492 453 5550 temtans.
1006 5502 1048 5572 (11
1077 5499 1165 5570 Edit,
1182 5501 1234 5556 bis.
