3816 6006
359 304 527 368 acanum
552 305 730 369 blthliCltl
754 305 1305 376 ulsv.ffluuosui..-L1av1.
1625 298 1686 384 799

67 432 180 505 rebant3
198 437 248 494 aed
265 438 294 493 in
307 441 440 513 praeintu
458 441 569 498 militia
586 449 800 517 sempererant.
815 440 845 510 A
860 443 980 512 invenit,
997 445 1082 519 eique
1099 449 1209 504 secreta
1225 446 1401 506 allocutione
1420 448 1516 508 dixit:
1535 450 1684 516 «Domine

69 529 98 583 et
113 527 229 601 sagittis
242 529 342 602 platee
359 532 484 589 civitatis
511 533 759 607 impediebantur,
776 540 804 592 et
856 532 1025 606 imperator,
1043 538 1135 593 nostri
1152 554 1250 594 revera
1269 538 1452 596 Antiochiam
1469 540 1601 599 obtinent
1613 561 1619 612 ;
1633 544 1684 602 scd

67 617 218 674 domorum
234 621 441 677 onerabantur.
459 622 544 678 Omni
561 624 607 679 die
620 629 687 680 autc
701 624 803 682 castel·
857 623 1010 680 castollum
1025 627 1102 698 quod
1113 625 1139 683 ei
1155 631 1289 700 superest
1301 629 1396 685 adhuc
1420 629 1504 685 Turni
1521 631 1682 703 possident,

67 711 169 764 ltnova
180 709 358 781 congressio,
370 710 579 785 multotiesque
594 712 681 768 flebat
692 719 803 771 nostro·
855 713 1012 771 innumera
1023 715 1184 772 lurcorum
1200 717 1319 789 agmina
1334 734 1383 773 cos
1400 718 1436 774 do
1451 719 1520 774 ioris
1536 721 1681 790 obsident,

67 801 86 854 rt
100 797 232 870 ipsorum
248 816 307 854 una
327 800 512 869 commisti03
529 803 564 858 de
581 803 688 859 nostris
702 809 800 860 tamen
856 803 949 876 etqui
964 804 994 859 in
1020 804 1139 860 castello
1160 810 1231 861 eunt
1245 805 1326 862 intus
1341 813 1521 880 oppugnant.
1538 810 1593 866 Sed
1610 811 1680 884 quid

67 892 216 961 retegente
232 890 317 961 pauci
330 891 549 959 moriebantur,
568 893 602 947 dc
613 892 745 949 illisvero
757 911 801 950 ea·
855 893 1003 967 superbis
1019 898 1120 961 restat,
1136 895 1195 950 nisi
1211 895 1341 966 quiaaut
1356 896 1463 952 mortui
1473 897 1535 969 jam
1547 903 1680 967 cuntant

68 977 108 1033 lm
123 978 352 1050 perimebantur.
365 981 398 1036 Et
412 981 482 1035 dum
495 981 536 1037 sic
548 986 664 1054 tompus
677 983 800 1055 prolabi·
854 982 884 1037 in
901 983 1033 1055 proximo
1049 1000 1150 1040 amnes
1160 983 1343 1040 morientur?
1353 985 1397 1039 'Pu
1412 988 1679 1054 autem‚reverende

67 1084 138 1124 rmes
150 1069 230 1124 omni
246 1068 329 1125 hoste
345 1069 489 1125 crudelior
502 1076 617 1126 nostros
633 1071 799 1139 invadit,vi·
853 1069 1022 1145 imperator,
1038 1073 1064 1129 si
1089 1076 1188 1129 nostro
1211 1073 1307 1129 credis
1331 1073 1463 1141 consilio,
1481 1074 1604 1132 ulterius
1619 1095 1677 1133 non

67 1173 197 1214 aeorum
220 1160 256 1213 de
282 1158 327 1215 die
353 1159 382 1214 in
408 1159 485 1215 diem
508 1163 678 1218 attenuavit.
694 1161 800 1218 Vultus
853 1161 1060 1235 progredieris,
1076 1162 1126 1218 sed
1151 1162 1186 1217 ad
1211 1163 1314 1218 urbem
1330 1167 1411 1218 tuam
1427 1163 1588 1221 reverteris.
1603 1165 1677 1222 Nam

67 1250 151 1313 cunt,
169 1247 288 1304 bmchia
312 1249 462 1314 deficiunt,
487 1254 514 1305 et
543 1251 669 1306 tremula
693 1268 799 1308 manus
854 1268 911 1307 non
927 1254 1022 1324 potest
1037 1251 1167 1307 humana
1176 1251 1219 1307 eis
1230 1255 1358 1323 potestas
1369 1250 1429 1307 ulla
1439 1251 1593 1310 subvenire
1605 1271 1612 1323 ;
1624 1255 1675 1311 sed

67 1353 117 1392 rra
137 1335 252 1393 vellicet
272 1337 387 1406 herhas,
411 1343 439 1394 et
463 1339 579 1396 frondes
605 1342 754 1409 arborum,
770 1347 799 1397 et
852 1340 876 1396 si
894 1339 963 1396 illuc
979 1339 1048 1396 ieris
1063 1341 1325 1396 eumtuooxereitu
1338 1340 1446 1412 poteris
1456 1340 1585 1399 interire.
1600 1365 1614 1392 υ
1625 1343 1676 1400 His

67 1440 86 1481 a
99 1443 241 1498 vaporum
254 1426 442 1483 silvestrium.
458 1429 518 1483 ttae
531 1430 628 1484 omnia
637 1431 799 1503 coqueban-
851 1427 961 1485 auditis
972 1428 1158 1485 sermonibus
1170 1428 1422 1502 imperatorvaldo
1436 1428 1529 1486 tristis
1539 1430 1675 1500 efficitur,

67 1519 74 1571 t
96 1516 333 1572 comedebantur.
350 1518 423 1572 Cras
438 1519 512 1572 asini
531 1518 680 1590 sexaginta
694 1518 796 1575 solidis
851 1522 880 1574 et
894 1517 972 1590 quod
987 1518 1012 1574 ei
1037 1518 1150 1574 dixerat
1166 1518 1195 1574 in
1211 1522 1332 1584 secreto,
1356 1519 1541 1591 principibus
1566 1520 1628 1577 suis
1643 1538 1676 1577 ac

67 1605 246 1672 urebatur,et
259 1607 309 1677 qui
326 1607 441 1662 emebat
453 1606 611 1678 dissipator
626 1609 796 1663 substantia
852 1606 1252 1679 magistratibuspropalavit
1268 1607 1297 1662 in
1314 1611 1423 1680 aperto.
1441 1607 1549 1665 Omnes
1568 1609 1675 1665 contri·

67 1693 247 1750 elimabatur
263 1712 269 1749 :
287 1695 373 1751 Panis
387 1713 494 1768 parvus
509 1697 727 1769 appretiabatur
738 1716 795 1752 rino
851 1701 976 1763 stantur,
989 1696 1323 1768 nostrorumquetuaera
1333 1694 1542 1768 lacrymantur.
1557 1698 1624 1753 Erat
1635 1698 1675 1755 ibi

67 1781 117 1839 tio.
134 1783 242 1840 Carnes
259 1784 419 1851 asinorum,
436 1803 588 1858 equorum,
605 1786 793 1850 camelorum,
810 1817 834 1881 B
851 1786 971 1857 quidam
988 1784 1082 1854 mites,
1097 1785 1215 1840 nomine
1225 1785 1321 1853 Wirto,
1335 1785 1384 1857 qui
1395 1803 1446 1858 per
1456 1785 1592 1842 militiam
1603 1787 1676 1844 ocle-

67 1913 73 1940 ,
89 1871 257 1928 bulalorum
284 1875 542 1941 consumebantur,
558 1875 679 1948 insuper
692 1892 794 1931 eoram
849 1875 899 1931 bre
915 1874 971 1930 sihi
986 1891 1091 1930 nomen
1104 1873 1289 1946 acquisierat,
1304 1873 1490 1947 multumque
1506 1875 1673 1935 boamundo

67 1964 329 2034 concoquebantur.
347 1964 454 2019 Matres
468 1963 544 2020 filios
554 1981 624 2020 suos
639 1964 716 2020 lame
729 1981 794 2036 per·
849 1963 1002 2021 familiaris
1017 1963 1176 2019 exstiterat.
1193 1962 1246 2028 Qui
1262 1979 1330 2018 cum
1345 1963 1400 2019 hoc
1416 1962 1556 2031 audisset,
1573 1965 1614 2020 ita
1628 1964 1673 2021 in-

67 2067 86 2120 s,
101 2050 138 2106 ad
156 2051 245 2107 ubera
269 2053 497 2123 suspendebant,
515 2054 564 2108 sed
585 2053 666 2125 pueri
683 2054 713 2108 in
729 2071 794 2110 ma·
849 2053 952 2122 doluit,
969 2054 1047 2126 quod
1070 2069 1103 2109 ac
1118 2053 1143 2109 si
1160 2056 1294 2108 mortuus
1309 2057 1396 2119 esset,
1412 2051 1442 2108 in
1464 2055 1542 2108 terra
1553 2053 1671 2109 corruit.

77 2138 218 2196 uberibus
234 2140 307 2195 nihil
322 2140 518 2211 inveniebant,
535 2145 563 2197 et
578 2159 635 2214 pra
647 2142 794 2215 inopiala-
847 2142 882 2197 m
896 2159 963 2198 cum
978 2146 1128 2214 resumpto
1143 2140 1249 2215 spiritu
1259 2141 1295 2197 ab
1312 2140 1361 2197 illa
1375 2141 1484 2198 mentis
1499 2140 1673 2199 alienatione

69 2228 150 2289 ausis
165 2229 258 2286 oculis
274 2229 464 2302 palpitabant.
481 2230 610 2296 Quadam
626 2231 673 2287 die
686 2231 793 2287 Gorba-
847 2235 1049 2301 reverteretur,
1067 2232 1134 2288 llere
1150 2231 1340 2287 immoderate
1355 2230 1602 2303 eoepit,genasque
1618 2248 1672 2288 un-

67 2319 176 2376 icitavit
191 2322 308 2375 nostros
323 2320 359 2374 ad
376 2318 520 2392 praelium,
532 2320 642 2376 scilieet
652 2325 732 2377 extra
747 2338 793 2376 un
848 2321 956 2394 guibus
967 2319 1218 2392 sulcando,crincs
1229 2318 1366 2376 manibus
1376 2319 1672 2392 decerpendo,omnes

67 2406 155 2464 chilla
165 2413 245 2481 parte
255 2408 284 2463 in
294 2424 352 2480 qua
364 2413 425 2464 erat
437 2407 590 2465 castellam
603 2428 609 2477 ;
622 2410 672 2464 sed
683 2408 793 2465 milites
848 2413 969 2483 cogebat
984 2411 1019 2466 ad
1036 2408 1160 2476 luctum,
1177 2408 1351 2480 dicebatque
1367 2408 1419 2481 (50)
1433 2424 1440 2464 t
1452 2430 1466 2460 «
1482 2407 1504 2464 0
1518 2407 1595 2466 Deus
1609 2426 1672 2466 cm·

67 2495 79 2553 ,i
93 2497 171 2554 fame
196 2497 325 2564 cruciati,
342 2497 392 2553 diu
418 2515 474 2554 non
498 2503 657 2571 potuerunt
671 2499 792 2555 sntlerre
847 2499 993 2571 nipotens,
1011 2496 1060 2554 ubi
1076 2503 1121 2555 est
1135 2496 1310 2553 virtustua‘l
1325 2496 1355 2553 Si
1372 2495 1555 2569 omnipotens
1570 2514 1673 2565 es,cur

96 2584 224 2658 impetus
240 2603 350 2642 eorum.
364 2586 535 2658 conglobati
548 2586 676 2660 igiturin
687 2605 790 2657 unum,
847 2587 976 2645 harcheri
987 2586 1161 2644 consensisti
1171 2585 1581 2643 'lnonneerantetmilitcstui
1591 2591 1672 2661 etpe-

77 2674 113 2732 ad
129 2675 272 2730 civitatem
285 2677 397 2748 regredi
410 2675 558 2731 salubrius
569 2693 633 2732 esse
645 2676 792 2733 intellexe—
847 2676 975 2751 regrinit
985 2676 1056 2744 Quis
1067 2692 1198 2748 unquam
1212 2693 1270 2742 ron,
1282 2674 1562 2748 autimperator,aut
1569 2677 1672 2749 potens

67 2763 252 2837 redopprassi
264 2764 521 2837 a'l'urcis,portam
534 2765 623 2821 nimis
636 2769 791 2838 angustam
847 2766 989 2823 Dominus
1005 2763 1147 2820 familiam
1164 2781 1249 2819 earam
1266 2763 1305 2817 iia
1320 2763 1454 2835 permisit
1469 2763 1600 2832 occidi,si
1612 2763 1671 2822 ullo

69 2858 149 2917 runt,
165 2853 195 2907 in
221 2857 336 2908 tantum
359 2854 435 2925 quad
452 2854 573 2924 quidam
589 2854 629 2909 ibi
647 2871 739 2927 usque
755 2856 791 2911 ad
847 2857 933 2912 modo
948 2854 1043 2928 potuit
1054 2853 1212 2926 adjuvare?
1223 2852 1293 2919 Quis
1304 2851 1495 2924 eritunquam
1508 2852 1671 2911 milestuus

67 2957 92 2998 m
107 2942 200 2998 attriti
225 2947 304 2998 sunt.
322 2942 427 3014 Siequo
444 2943 530 2998 fiebat
555 2960 652 3015 pugna
669 2943 749 2998 intus
764 2947 792 2998 et
847 2950 897 3000 aut
912 2943 1103 3018 peregrinus?
1118 2942 1140 2999 0
1156 2941 1334 3008 Boamunde,
1360 2940 1452 2997 bonor
1475 2940 1599 2997 aliorum
1616 2942 1669 2999 du·

67 3047 105 3099 rs,
122 3048 174 3087 nec
189 3031 315 3087 dabatur
329 3031 389 3087 ulla
412 3031 495 3103 quies
511 3033 619 3088 nostris
635 3032 791 3104 iametper-
847 3050 924 3098 earm,
941 3049 1048 3088 corona
1071 3031 1247 3104 sapientum,
1264 3029 1356 3103 gloria
1377 3028 1516 3097 militum,
1538 3028 1668 3086 solamen

67 3137 118 3175 us.
134 3121 253 3192 Propter
268 3120 329 3176 haec
344 3126 373 3175 et
388 3119 434 3175 his
449 3120 559 3175 similia
575 3119 665 3192 aliqui
688 3121 723 3176 de
739 3136 791 3175 no·
847 3121 1054 3188 desolatorum,
1071 3121 1161 3176 robur
1176 3119 1297 3184 militiae,
1313 3119 1445 3174 citatius
1460 3118 1563 3174 mundi
1578 3119 1668 3175 decus

67 3206 196 3264 ailitibus
211 3209 401 3264 immoderate
417 3209 571 3281 perterriti,
589 3211 657 3281 iuga
682 3210 711 3263 in
728 3183 828 3280 ipsaC
847 3211 972 3284 insigne,
990 3226 1043 3264 our
1058 3209 1112 3265 tibi
1129 3208 1186 3264 tale
1201 3208 1393 3263 intortunium
1409 3206 1582 3281 contigit,ut
1596 3208 1669 3263 Tur·

67 3295 158 3369 elapsi
174 3301 252 3362 sunt,
271 3299 284 3351 s
284 3299 391 3353 unibus
401 3299 437 3353 ad
450 3297 668 3370 propugnacula
678 3297 787 3370 ligatis,
845 3316 946 3356 corum
957 3298 1084 3354 ludibrio
1093 3296 1281 3368 subjaceres?
1292 3295 1364 3362 Heu,
1372 3295 1428 3352 heu
1438 3295 1444 3350 l
1455 3313 1508 3352 cur
1518 3296 1592 3352 mihi
1603 3313 1669 3353 con-

67 3402 194 3442 amanus
204 3402 274 3441 suas
288 3387 406 3442 omnino
416 3388 648 3457 decoriaverunt,
663 3391 690 3442 et
701 3387 742 3443 sie
753 3387 789 3442 ad
844 3405 961 3446 cessum
980 3391 1024 3444 eet
1044 3387 1139 3442 vivere
1163 3389 1228 3458 post
1243 3385 1292 3440 tet
1307 3402 1369 3457 quaa
1396 3384 1468 3441 mihi
1483 3384 1605 3458 posthac
1619 3384 1670 3442 lux

67 3475 187 3548 pedibus
202 3477 398 3530 tetenderunt.
416 3478 477 3542 Quo
495 3476 693 3548 pervenientes
710 3476 789 3531 dixe·
844 3482 937 3551 grata,
954 3493 1017 3549 quae
1033 3474 1145 3547 species
1158 3491 1349 3546 amoenaquae
1365 3473 1458 3547 gloria
1477 3474 1667 3555 delectabilia,

67 3562 161 3629 auris,
174 3569 207 3619 ut
218 3565 360 3635 tugerent,
373 3566 620 3636 quoniamomnes
632 3565 789 3620 Christiani
845 3584 908 3639 quae
921 3566 980 3620 vita
990 3563 1133 3635 jucunda,
1150 3567 1177 3618 te
1193 3563 1316 3618 minime
1327 3563 1506 3635 superstite?
1520 3562 1542 3619 0
1554 3562 1669 3629 Deus,si

67 3653 140 3709 urtrd
158 3657 208 3708 aut
222 3652 309 3707 vineti
323 3659 431 3709 essent.
448 3653 491 3708 llli
507 3659 603 3709 autem
617 3654 748 3710 dolentes
759 3653 788 3708 in
843 3652 1082 3725 verumeetquod
1092 3652 1146 3707 isle
1157 3651 1561 3724 nugacissimusetiugitivus
1572 3668 1670 3708 comes

67 3759 89 3799 ve
104 3743 260 3807 miserunt,
276 3748 304 3797 et
318 3743 479 3798 'furcarum
494 3759 524 3798 se
541 3744 700 3815 potentatui
719 3744 788 3799 sub·
844 3743 952 3809 attulit,
969 3741 1039 3815 quid
1065 3739 1193 3812 amplius
1213 3739 1267 3795 erit
1283 3740 1318 3794 de
1333 3739 1378 3795 via
1394 3739 1520 3812 sepulcri
1536 3740 1590 3806 tui,
1604 3757 1669 3813 que

67 3835 126 3887 aut.
143 3830 309 3903 Stephanus
324 3831 511 3887 Carnutensis
528 3848 636 3900 comes,
648 3832 697 3904 qui
714 3832 790 3887 inter
844 3850 934 3889 eausa
949 3830 990 3887 lta
1004 3829 1093 3886 occisi
1109 3834 1178 3884 erint
1192 3828 1276 3900 quasi
1292 3829 1444 3884 dominum
1461 3846 1517 3884 non
1529 3828 1671 3885 haberent

67 3919 192 3992 rincipes
202 3921 355 3976 videbatur
365 3937 499 3993 magnus,
509 3920 631 3976 consilio
640 3921 789 3993 providae,
844 3923 918 3978 servi
934 3920 996 3977 tui?
1010 3920 1032 3974 0
1049 3918 1225 3984 boamunde,
1243 3918 1291 3973 ubi
1308 3922 1353 3973 eet
1367 3915 1416 3973 illa
1427 3917 1500 3972 fides
1514 3921 1669 3989 inaquam

67 4026 82 4067 u
105 4009 258 4065 honestate
280 4009 446 4082 praeclarus,
463 4014 619 4082 antequam
636 4015 790 4083 caperetur
844 4026 960 4083 semper
974 4007 1103 4064 habuisti
1121 4008 1149 4061 in
1174 4005 1322 4063 Salvatore
1346 4010 1398 4061 tuo
1422 4005 1546 4062 Domino
1568 4009 1669 4063 nostro

67 4097 130 4167 hia,
153 4098 233 4171 gravi
258 4098 429 4153 infirmitate
453 4098 588 4154 detentus
612 4105 675 4165 cst;
700 4104 728 4155 et
751 4101 787 4154 ad
842 4102 912 4158 lesu
925 4097 1048 4156 Christo.
1063 4097 1255 4169 Oimperator
1266 4100 1294 4151 et
1305 4094 1412 4175 egregii
1427 4093 1598 4167 militesqui
1609 4111 1670 4150 me·

67 4203 113 4242 am
138 4194 277 4254 castrum,
295 4187 372 4259 quod
397 4203 485 4241 seium
507 4191 579 4255 erat,
596 4188 725 4254 secessit,
742 4188 789 4244 cui
844 4207 911 4246 cum
924 4183 1670 4257 tantatantorumpueitineralugetis,quisperiecte

67 4297 72 4332 ι
86 4274 280 4332 Alexandreia
304 4276 368 4331 t'uit.
384 4276 435 4330 Hic
451 4293 467 4330 a
483 4276 664 4347 fugientibus
679 4277 789 4332 audivit
844 4279 960 4334 credere
976 4274 1170 4349 potest,qucd
1186 4277 1269 4328 tanta
1284 4272 1390 4328 militia
1405 4273 1447 4329 sic
1463 4271 1601 4345 perierit?
1614 4272 1668 4328 Pro

65 4366 93 4422 lc
107 4365 216 4421 nostris
228 4363 409 4432 relationem,
427 4369 567 4420 montana
582 4365 646 4420 urbi
661 4366 790 4437 praemi·
844 4372 921 4423 certo
937 4365 962 4422 si
978 4365 1008 4420 in
1033 4364 1129 4419 medio
1146 4380 1249 4435 campo
1264 4363 1300 4417 ab
1316 4361 1396 4417 omni
1411 4360 1545 4417 orientali
1561 4358 1667 4433 populo

84 4454 265 4519 ascendit,ut
280 4454 388 4508 videret
403 4454 544 4525 quidnam
561 4460 789 4520 esset,utrumne
844 4453 1031 4526 circumsepti
1049 4451 1183 4516 luissent,
1196 4468 1252 4507 uon
1269 4453 1336 4505 ante
1352 4466 1453 4530 omnes
1468 4449 1668 4505 occiderentur

89 4561 157 4599 vera
181 4546 271 4599 tieret.
297 4543 353 4598 Sed
378 4542 605 4598 innumerabilia
627 4544 786 4599 'lurcorum
802 4554 826 4619 D
841 4561 931 4618 quam
946 4541 1166 4599 ulciscerentur.
1182 4539 1264 4594 Nunc
1275 4544 1374 4595 autem
1385 4543 1414 4594 et
1425 4538 1572 4595 civitatem
1583 4536 1669 4594 habe·

67 4650 114 4691 aa
129 4632 215 4706 longe
234 4631 394 4704 conspexit,
412 4636 584 4704 nostrosque
595 4631 671 4687 intra
687 4633 789 4688 urbem
845 4635 925 4701 bant,
942 4633 973 4686 in
985 4647 1044 4702 qua
1059 4647 1090 4686 sc
1104 4628 1259 4684 detondere
1274 4631 1418 4700 poterant,
1433 4631 1462 4683 et
1476 4627 1517 4683 ita
1531 4627 1668 4683 intorem-

67 4739 95 4779 as
117 4738 182 4777 esse
207 4719 418 4793 deprehendit;
435 4725 464 4776 et
487 4721 659 4792 perterritus
674 4721 789 4789 timore,
845 4723 887 4796 pti
907 4719 1032 4776 sunt‘tO
1057 4719 1225 4791 imperator,
1250 4716 1412 4772 certissime
1436 4716 1523 4784 aciae,
1550 4714 1620 4788 quia
1644 4713 1669 4770 si

67 4810 161 4883 ttltl),
176 4815 206 4866 et
220 4811 257 4866 ad
270 4813 400 4865 castrum
411 4826 498 4866 suum
512 4826 646 4865 remeans
657 4810 791 4866 funditus
845 4810 931 4865 Turoi
948 4813 1063 4865 nostros
1076 4807 1255 4873 occiderunt,
1272 4805 1357 4878 pauci
1380 4805 1414 4861 de
1431 4804 1504 4878 ipsis
1519 4820 1669 4860 remanse-

67 4898 148 4961 iavit.
160 4900 240 4955 etsie
251 4915 352 4953 versus
363 4898 646 4970 Constantinopolim
660 4899 791 4970 equitare
846 4899 1082 4970 runt.Propterea
1097 4912 1132 4951 ne
1144 4911 1249 4967 paveas
1260 4893 1329 4948 illuc
1340 4892 1391 4961 ire,
1406 4894 1476 4966 quia
1485 4891 1669 4950 Antiochiam

79 4987 125 5047 lili
141 5006 208 5045 vero
223 4988 274 5060 qui
298 4987 328 5042 in
344 4988 416 5043 urbe
438 4986 657 5054 obsidebantur,
674 5005 791 5044 samnio
846 4988 973 5058 recipere
988 4986 1107 5059 poteria.
1126 5007 1139 5032 υ
1156 4983 1316 5055 Imperator
1330 4981 1452 5038 consilio
1468 4981 1549 5037 illius
1574 4980 1670 5039 noluit

67 5076 110 5134 rio
124 5079 281 5134 adventum
297 5078 361 5149 ejus
384 5075 633 5148 praestolabantur,
655 5081 791 5149 putantes
845 5092 1000 5131 assensum
1016 5074 1153 5147 prebere,
1169 5072 1266 5127 vorbis
1282 5071 1414 5144 nugacis,
1433 5069 1607 5145 fugitivique
1622 5087 1669 5127 co·

70 5172 266 5240 inperatorem
281 5183 381 5222 secum
397 5165 565 5230 adduceret,
580 5169 685 5220 etcum
701 5182 734 5220 eo
745 5182 790 5220 re·
845 5163 926 5220 mitis
951 5162 1075 5219 nimium
1091 5159 1240 5228 credulus,
1250 5160 1301 5216 sect
1315 5164 1390 5216 retro
1406 5159 1563 5217 destinavit
1577 5159 1668 5228 abire,

67 5256 213 5314 rceeeariis
236 5259 430 5311 succurreret.
446 5258 483 5309 at
507 5255 569 5327 ipso
590 5255 618 5309 in
642 5253 790 5309 diversum
846 5251 1046 5326 bulgariaeque
1061 5251 1125 5307 loca
1136 5250 1271 5323 praecepit
1285 5249 1445 5317 devastare,
1458 5254 1492 5305 ut
1502 5250 1526 5306 si
1540 5247 1625 5304 Turci
1638 5245 1668 5302 in

67 5363 100 5418 re,
117 5345 202 5401 atad
218 5344 417 5401 Philumenam
433 5343 735 5416 venit,imperatorem
751 5340 791 5397 ibi
845 5345 943 5413 partes
960 5340 1025 5397 illae
1044 5339 1237 5413 pervenirent,
1254 5337 1327 5394 nibil
1353 5338 1471 5411 penitus
1495 5337 1668 5394 invenirent.

524 5450 679 5506 NOTULAE
698 5447 930 5505 MARGINALES
951 5446 1011 5503 MS.
1032 5445 1111 5501 COD.

67 5540 146 5599 ansul
161 5540 304 5612 Carnutis,
321 5540 392 5596 urbs
408 5539 515 5611 inclyta
527 5539 673 5609 charaque
696 5535 772 5593 notis
845 5537 900 5610 (50)
925 5534 1019 5592 Guido
1044 5534 1132 5590 nimis
1157 5533 1261 5606 plorat,
1278 5533 1435 5589 Dominum
1460 5547 1528 5589 cum
1553 5531 1670 5588 [letibus

67 5613 171 5671 irritus
185 5611 310 5685 aufugit,
325 5611 436 5669 bollum
450 5611 601 5681 sociosque
619 5608 747 5680 reliqeait.
1585 5603 1670 5673 [orat.
