3816 6006
174 242 256 309 rrae
436 243 488 308 Aa
510 244 765 315 conaremur
786 246 953 309 cresse.
977 244 1017 309 11.
1032 243 1236 309 -uouue,
1258 242 1309 308 oe
1329 243 1454 308 annno
1477 244 1614 310 saeuo.
1799 204 1874 310 ne

177 376 291 433 videtur
304 376 449 450 pertinere
463 376 611 434 concessio
630 377 674 433 vel
689 378 881 452 inposterum
897 377 996 451 predi·
1012 378 1040 446 Α
1054 375 1251 449 calumpniam
1258 376 1352 433 eidem
1359 377 1684 451 conventuicenligerit,
1690 377 1747 435 sub
1753 377 1874 435 utima-

177 466 995 540 ctepossessionisvenditehereditariapossessio,laudo,
1051 465 1131 523 tione
1145 467 1179 502 ⁸²⁷
1194 466 1337 522 benorum
1358 465 1487 523 virorum
1509 466 1664 523 conventui
1686 465 1820 540 predicto
1839 467 1872 524 ab

176 556 327 623 confirmo,
339 558 367 611 at
378 554 467 629 sigilli
477 554 534 611 mei
546 555 728 629 appositione
738 556 891 612 corroboro
900 555 998 611 vendi·
1050 553 1111 612 illis
1125 553 1155 610 in
1171 554 1318 628 integrum
1333 558 1523 611 restauretur.

175 642 284 701 tionem
296 645 511 716 elemptionem
526 644 602 701 inter
617 645 767 718 Hugonem
784 645 819 701 de
829 643 952 701 Ybeline
963 645 996 680 ⁵¹⁷
1087 645 1207 700 Factum
1222 648 1268 701 eet
1282 647 1379 701 autem
1397 643 1452 701 boc
1468 661 1544 702 aune
1558 643 1770 702 incarnationis
1785 644 1872 702 domi·

175 733 337 806 fratresque
358 737 474 790 nostros
494 733 592 790 Sancti
607 733 738 807 Sepulcri
753 733 909 790 canonicos
922 731 995 806 legi·
1051 731 1114 789 nice
1129 749 1213 798 nccv,
1230 733 1387 789 indictione
1401 750 1440 789 iv.
1459 731 1550 791 lleiua
1565 733 1607 789 rei
1623 737 1712 791 testes
1726 737 1821 791 sunt:

175 820 245 878 time
261 822 377 890 laetam,
394 821 478 879 cuius
493 823 658 895 pactionem
682 823 865 894 subsequens
889 822 1009 895 pagina*
1122 823 1273 888 Letardus,
1290 821 1528 895 archiepiscopus
1551 823 1728 880 Nazarenus.
1751 822 1870 879 Costau-

174 909 312 969 declarat.
327 911 467 968 Vendidit
481 911 572 985 igitur
586 913 734 986 predictus
745 912 826 985 llego
838 910 995 985 pretaxatis
1156 911 1236 967 tinus
1246 912 1289 978 ⁵²⁸,
1303 910 1457 967 Liddensis
1472 911 1636 984 episcopus.
1647 910 1870 979 Gaulridus,ab

173 999 995 1058 iratribuscanonicisDominiccResurrectionisccclcsie
1156 1000 1208 1055 bas
1230 999 1352 1072 Templi.
1367 999 1501 1066 emilius,
1523 1002 1615 1057 abbae
1639 1001 1750 1056 Latine.
1767 999 1868 1073 Eugei-

172 1089 376 1147 Vuetmoamel
389 1105 457 1147 cum
472 1089 588 1149 vidente
602 1095 632 1148 et
649 1092 786 1148 omnibus
811 1090 994 1164 pertinentiis
1154 1105 1275 1157 rennes,
1292 1088 1372 1161 prior
1390 1089 1496 1146 illontia
1520 1089 1607 1162 Syou.
1623 1088 1777 1162 Rogerius,
1795 1089 1870 1162 prior

173 1176 245 1247 suis,
257 1178 384 1250 exceptis
394 1179 510 1236 duobus
520 1179 667 1237 casalibus
681 1179 798 1236 Arabici
808 1179 923 1252 militis,
937 1179 995 1236 sci·
1155 1177 1252 1234 Sancti
1267 1176 1425 1233 Abraham.
1443 1176 1612 1246 Balduinue,
1622 1175 1713 1234 Lidde
1728 1175 1869 1234 archidia-

171 1265 240 1323 licet
250 1266 368 1324 Odeheb
381 1272 409 1324 cl
418 1268 603 1339 Darmersor;
614 1269 742 1325 vendidit
751 1269 839 1324 etiam
848 1268 995 1325 Deraabeb
1154 1282 1256 1323 conus.

172 1371 242 1412 cum
257 1355 373 1412 villanis
389 1360 418 1412 et
431 1356 569 1414 omuibus
593 1356 777 1430 pertinentiis
793 1357 865 1426 suis,
882 1357 993 1414 Carteia
1083 1354 1279 1413 Deiratribus
1291 1354 1404 1428 Templi
1423 1372 1430 1411 z

171 1462 239 1502 cum
254 1443 372 1501 villanis
386 1449 415 1501 et
430 1446 567 1502 omnibus
582 1446 766 1518 pertiuentiis
787 1447 859 1515 suis,
876 1445 904 1502 in
920 1446 992 1503 Zimi
1119 1445 1218 1501 Frater
1232 1443 1304 1512 Ode,
1320 1445 1517 1501 comendator.
1534 1445 1634 1502 Frater
1657 1444 1815 1502 (lauterius
1836 1446 1869 1502 dc

171 1533 316 1607 quidquid
328 1536 361 1570 ⁶¹⁸
377 1535 417 1590 ibi
434 1539 518 1608 pater
539 1552 612 1591 suus
636 1536 682 1591 die
706 1552 765 1608 qua
782 1535 852 1591 vixit
867 1541 895 1592 et
909 1536 990 1604 obiit,
1154 1533 1258 1590 Berito.
1278 1534 1379 1590 Frater
1401 1532 1564 1606 Philippus.
1590 1534 1690 1591 Frater
1712 1533 1868 1590 ludoicus.

170 1623 282 1692 babuit,
294 1627 323 1680 et
334 1624 369 1680 ad
386 1624 550 1680 dominium
567 1624 660 1697 ipsius
676 1624 805 1698 lingonis
820 1624 863 1681 vel
879 1642 993 1682 succes·
1083 1622 1123 1678 De
1138 1622 1297 1679 baronibus
1312 1623 1389 1695 regis
1406 1640 1413 1678 :

168 1728 269 1770 sorum
281 1728 403 1768 suorum
416 1712 591 1770 hereditarie
607 1713 670 1769 iure
685 1712 817 1786 pertinet,
835 1713 862 1769 in
879 1713 992 1770 civitate
1118 1710 1260 1768 Henricus
1275 1712 1309 1747 ⁵²⁹
1323 1712 1359 1767 de
1373 1711 1499 1778 Terrae,
1524 1712 1603 1787 regis
1621 1712 1869 1770 constabularius.

169 1800 266 1858 Bethel
282 1800 419 1858 similiter
441 1800 584 1874 quidquid
608 1802 648 1858 ibi
671 1806 754 1874 pater
772 1819 845 1858 suus
860 1803 917 1870 die,
933 1819 992 1874 qua
1157 1800 1300 1856 lohannes
1328 1800 1453 1856 Gotman
1468 1801 1511 1857 ⁸⁸⁰.
1542 1801 1603 1874 ligo
1621 1802 1657 1840 ¹⁸¹
1679 1802 1871 1861 undensis.

166 1889 238 1946 vixit
250 1895 278 1946 et
293 1889 376 1959 obiit,
393 1889 504 1958 babuit,
520 1895 548 1947 et
563 1890 677 1964 liugoni
694 1891 803 1948 tociens
822 1892 898 1948 dicto
914 1892 990 1947 sicut
1152 1889 1212 1946 Ode
1228 1890 1264 1945 de
1279 1890 1385 1946 Sancte
1398 1889 1868 1950 limandowillelmusdelltm.

167 1977 266 2034 heredi
280 1978 322 2035 vel
334 1979 555 2035 successoribus
568 1980 630 2036 suis
646 1980 779 2052 pertinet.
798 1982 853 2036 llec
867 1979 988 2053 inquam
1150 1977 1211 2034 Ode
1232 1977 1268 2032 de
1292 1976 1406 2033 Tolent.
1423 1977 1484 2050 Ugo
1499 1978 1532 2013 ‘⁸²
1546 1978 1582 2033 de
1598 1979 1713 2035 Batnon.
1726 1977 1873 2039 Vivianm

63 2055 68 2063 ⁴
168 2068 267 2124 omnia
280 2068 411 2140 predicta
426 2068 556 2125 vendidit
571 2068 681 2125 tociens
705 2068 802 2124 dictus
822 2069 904 2143 Hugo
920 2086 988 2126 con·
1149 2067 1185 2122 dc
1196 2065 1329 2139 Cayphas
1344 2067 1386 2121 ⁵³³.
1405 2065 1548 2124 locelinus
1564 2066 1701 2124 Pesellue.
1719 2067 1866 2126 ernaldus

166 2155 264 2213 ventui
282 2155 425 2212 Dominici
441 2155 573 2229 Sepulcri
586 2173 637 2229 pro
659 2162 772 2229 septem
796 2156 927 2214 millibus
942 2158 987 2213 bi·
1149 2155 1185 2211 de
1199 2155 1291 2221 Crest,
1317 2153 1554 2212 constabularius
1570 2154 1706 2229 Tripolis.
1723 2156 1865 2214 Amulius

166 2245 274 2301 zanciis
289 2244 352 2300 iure
367 2250 505 2318 perpetuo
521 2245 708 2317 possidenda,
720 2246 757 2302 ab
768 2246 845 2303 omni
858 2246 985 2316 servitio,
1148 2245 1184 2300 de
1199 2245 1379 2318 Hysengihm
1393 2245 1436 2298 ⁵³⁸.
1457 2243 1610 2302 Gillelmus
1637 2246 1673 2302 de
1697 2246 1797 2304 Mente
1813 2248 1866 2304 ai-

166 2334 307 2401 dominio,
323 2334 472 2390 exactione
492 2333 598 2401 soluta,
612 2334 704 2390 libera
719 2341 747 2391 et
761 2336 869 2408 quiete.
884 2336 920 2392 Ut
935 2354 987 2391 au·
1147 2333 1236 2389 sardi.
1253 2333 1398 2390 locelinus
1412 2334 1448 2388 de
1462 2333 1613 2390 Samusac.

165 2427 224 2479 tem
235 2422 287 2480 hec
296 2423 360 2480 eius
370 2423 496 2479 venditio
507 2424 618 2480 Firmior
632 2429 825 2496 permaneret,
839 2429 867 2481 et
877 2425 986 2482 nullius
1076 2421 1116 2477 De
1132 2421 1348 2495 burgensibus:

165 2529 228 2570 eam
248 2512 426 2569 contradicto
442 2513 475 2548 ⁸¹⁹
489 2511 646 2581 vacillaret,
669 2514 746 2570 sicut
768 2514 889 2586 predixi,
914 2531 985 2571 een·
1110 2511 1257 2581 Arnullus,
1273 2511 1434 2568 vicecomes
1448 2512 1638 2570 iherusalem.
1655 2513 1739 2589 Hugo
1754 2514 1865 2573 saliens

165 2602 253 2658 cessit
267 2619 331 2658 eam
343 2602 430 2658 irater
445 2618 518 2658 suus
533 2601 694 2659 Balduinue
710 2607 738 2658 ct
753 2609 846 2660 mater
860 2622 914 2660 sua
928 2606 985 2661 lle·
1145 2600 1175 2655 in
1199 2601 1318 2657 bonum.
1342 2604 1445 2658 Petrus
1467 2601 1722 2675 Petregoricensis.
1739 2604 1862 2662 bricius

163 2689 219 2748 lois
232 2691 266 2726 ¹⁵2⁰
280 2695 308 2746 ct
324 2708 405 2747 soror
418 2707 473 2747 sua
487 2691 693 2764 Ermengardis
707 2693 750 2760 ⁵²¹,
767 2693 886 2749 domina
899 2693 984 2751 Tibe·
1145 2689 1302 2747 Gaelridus
1326 2692 1516 2749 Turonensis.
1532 2690 1695 2749 Willelmus
1718 2693 1864 2750 Norman·

164 2780 309 2848 riedisffl,
326 2779 461 2836 avunculi
476 2797 592 2853 quoque
608 2780 654 2837 sui
670 2780 821 2854 Philippus
837 2782 982 2854 Neapolis,
1144 2797 1211 2836 nus.
1228 2779 1389 2836 ltainaldes
1413 2781 1569 2837 Sicearius.
1585 2781 1688 2838 Petrus
1702 2782 1740 2839 de
1755 2783 1863 2840 Sancto

163 2870 257 2927 Guido
269 2867 745 2941 Francigena,llcnricusBubilus
757 2888 764 2939 ;
778 2876 983 2929 concesserunt
1145 2869 1258 2937 Iacobo,
1276 2869 1377 2926 Petrus
1404 2871 1542 2942 lingonis.
1561 2869 1663 2927 Petrus
1692 2872 1729 2928 dc
1754 2873 1862 2930 Sancto

163 2964 192 3016 et
206 2958 320 3032 cognati
348 2957 479 3031 llugonis
494 2959 530 3013 de
545 2958 696 3031 llybelina
713 2959 863 3031 Philippus
878 2961 913 3016 de
928 2961 983 3017 Ca·
1144 2958 1261 3013 lazaro.

163 3051 237 3104 l'ram
248 3047 321 3103 ⁵²³et
337 3047 425 3104 irater
438 3049 501 3119 ejus
516 3051 544 3103 et
560 3047 662 3104 Petrus
677 3049 712 3104 de
727 3047 837 3104 Teillei.
856 3049 909 3105 Pro
924 3050 983 3106 illis
1072 3046 1146 3101 Data
1159 3047 1274 3102 Acchon
1291 3048 1334 3117 ⁵³⁵,
1347 3065 1398 3120 per
1408 3065 1528 3104 manum
1540 3048 1666 3105 lladulfii
1681 3049 1859 3123 cancellarii,

163 3153 239 3203 vere,
251 3137 301 3209 qui
311 3136 388 3193 intra
398 3152 491 3192 annos
507 3141 586 3206 sunt,
598 3136 675 3193 sicut
690 3141 734 3193 est
749 3138 906 3195 Barisanus
921 3141 979 3195 ira·
996 3123 1018 3189 C
1036 3152 1084 3190 xix
1098 3134 1239 3192 kalendas
1255 3135 1401 3192 febroarii.

161 3225 383 3298 terHugoeiset
393 3242 419 3297 q'
434 3225 520 3281 edam
531 3242 614 3282 soror
628 3243 682 3281 suo
698 3226 895 3301 Theophanes
905 3230 948 3296 ⁵²⁴,
958 3229 984 3285 si
1396 3271 1441 3326 LX
1456 3271 1489 3306 m,

161 3314 212 3387 qui
227 3315 315 3370 etiam
331 3312 478 3370 incedam
494 3313 631 3387 prosapia
655 3315 778 3371 mineris
803 3318 888 3373 etatis
904 3319 983 3375 inve·
1493 3314 1498 3326 '

160 3402 351 3470 niuntur,vel
369 3403 564 3474 inposterum
588 3402 710 3459 inveniri
735 3409 881 3478 poterunt,
900 3407 982 3480 Ilugo

160 3491 196 3547 de
212 3490 349 3565 llybelino
363 3495 392 3547 et
407 3491 496 3547 irater
517 3509 590 3547 suus
613 3492 774 3549 Balduinue
789 3498 817 3549 et
831 3494 982 3568 Philippus

160 3581 195 3638 de
206 3579 324 3652 Neapoli
336 3579 466 3636 etGuido
478 3580 657 3653 Frincigena
668 3586 696 3637 et
706 3582 982 3640 Henricusllubalus
1072 3584 1104 3635 ln
1121 3579 1238 3635 nomine
1254 3584 1352 3637 sancte
1368 3585 1396 3636 et
1410 3582 1559 3639 individue
1585 3583 1738 3642 Trinitatis
1766 3585 1860 3645 Putris

159 3668 345 3724 fideiussores
371 3671 440 3723 sunt
464 3669 551 3739 quod,
569 3670 687 3739 quando
703 3671 739 3725 ad
755 3688 864 3727 annum
884 3671 981 3745 legiti-
1035 3673 1064 3723 et
1081 3667 1142 3723 Filii
1159 3672 1187 3724 et
1202 3667 1329 3740 Spiritus
1345 3670 1453 3738 Sancti,
1470 3687 1565 3726 emen.

159 3774 239 3813 mem
253 3756 446 3830 pervenerint,
463 3756 540 3811 inira
565 3756 662 3829 ipsum
692 3776 801 3814 annum
831 3760 981 3817 latient⁶²⁵
1071 3757 1858 3834 Notumsitemnibue,tampresentibusquamfritu-

158 3862 207 3902 eos
223 3845 383 3919 predictam
403 3845 599 3901 venditionem
621 3847 788 3903 concedere.
803 3849 864 3904 Non
881 3849 980 3908 minus
1034 3847 1087 3917 riS,
1104 3845 1181 3918 quod
1196 3861 1248 3918 ego
1274 3846 1519 3919 A1nalricus,per
1540 3849 1590 3905 Dei
1612 3850 1736 3923 gretiam
1759 3869 1857 3910 eomes

158 3935 214 4007 ipsi
231 3935 308 3990 idem
322 3934 444 4006 predicti
464 3934 588 3991 barones
602 3934 690 4008 plegii
714 3936 836 4009 legitimi
859 3942 979 3996 suntab
1033 3934 1193 4001 Ascalonia,
1211 3933 1333 3990 instanti
1363 3952 1447 4008 prece
1477 3937 1859 4013 Hegonisdellybelinoet

157 4023 236 4080 omni
252 4023 420 4096 calumpnia
436 4041 513 4079 nunc
528 4041 562 4080 ac
576 4042 692 4098 semper
706 4026 759 4082 hee
774 4028 873 4082 omnia
886 4030 981 4102 predi·
1033 4022 1221 4080 concessione
1246 4024 1369 4080 Fratrum
1394 4042 1515 4081 suorum
1536 4026 1668 4084 balduini
1683 4033 1711 4085 et
1727 4030 1857 4088 barisani

157 4117 204 4169 cta
217 4112 402 4186 adquitandi;
415 4112 469 4168 hoc
479 4116 577 4169 tamen
591 4119 689 4172 tenere
699 4117 788 4188 quod,
800 4117 979 4190 quicumque
1034 4117 1062 4169 et
1074 4112 1297 4186 llermeegerdis
1313 4112 1422 4169 sororis
1437 4130 1489 4169 sue
1505 4115 1665 4189 matrisque
1680 4133 1734 4172 suc
1744 4116 1859 4176 lloiect

156 4201 280 4258 istorum
295 4201 458 4275 plegiorum
473 4208 622 4275 superstes
647 4205 743 4272 fucrit,
759 4205 825 4261 aliis
848 4205 978 4264 humine
1033 4201 1244 4259 avunculorum
1269 4218 1390 4257 suorum
1408 4201 1535 4275 Philippi
1550 4204 1586 4259 de
1601 4203 1731 4276 Neapoli,
1748 4206 1858 4264 (luido-

156 4307 237 4348 more
252 4291 469 4361 decedentibus,
482 4292 545 4365 ipse
557 4309 607 4364 pro
620 4292 677 4350 illis
692 4295 888 4367 respondebit,
898 4300 979 4352 etca-
1032 4292 1079 4348 nia
1096 4289 1282 4363 Francigcnc,
1298 4290 1413 4346 llenrici
1440 4290 1554 4358 bubali,
1570 4290 1764 4365 omniumque
1790 4294 1848 4351 elio

155 4380 320 4453 lumpniam
336 4380 565 4453 adquietabit.Si
580 4398 640 4453 que
654 4382 811 4454 aliquando
826 4385 977 4442 occasione
1031 4398 1109 4445 rum,
1123 4380 1158 4434 ad
1168 4378 1578 4451 quoepresentisvenditionis
1587 4380 1704 4437 videtur
1711 4380 1858 4454 pertinere

155 4485 190 4527 ex
218 4486 402 4543 quacumque
431 4469 599 4541 calumpnia
635 4470 752 4526 interim
788 4489 877 4544 super
911 4473 977 4530 istis
993 4466 1179 4559 Drancessio
1200 4471 1250 4522 aut
1273 4466 1303 4521 in
1325 4471 1474 4538 posterum
1503 4467 1631 4539 predicte
1659 4471 1857 4540 possessionis

154 4559 366 4633 prenominatis
402 4563 501 4614 exorta
536 4558 632 4625 luerit,
662 4559 841 4633 quicumque
870 4561 977 4637 plegio·
1031 4555 1144 4612 vendite
1170 4554 1347 4610 hereditaria
1369 4555 1527 4627 possessio,
1542 4554 1642 4625 laudo,
1657 4559 1813 4626 conllrmo,
1828 4565 1857 4616 et

155 4665 221 4705 rum
244 4648 440 4723 predictorum
465 4646 544 4720 prior
567 4647 736 4706 occurrerit.
761 4648 823 4722 ipse
845 4649 978 4723 calump-
1032 4644 1120 4718 sigilli
1143 4643 1199 4698 mei
1226 4643 1409 4715 appositione
1437 4645 1592 4702 corroboro
1615 4645 1814 4705 venditionem
1829 4653 1857 4705 et

155 4738 235 4794 niam
264 4737 422 4794 removebit
450 4736 681 4809 pacificabitque.
699 4738 728 4793 Si
756 4738 824 4810 quis
852 4757 918 4796 vero
947 4740 976 4794 in
1032 4733 1209 4806 emptionem
1224 4731 1299 4788 inter
1314 4733 1466 4807 Hugonem
1483 4735 1720 4807 prenominatum
1737 4738 1856 4797 iratres·

154 4832 303 4898 posterum
319 4843 407 4898 super
418 4826 559 4899 prelatam
569 4825 765 4883 venditionem
777 4827 976 4901 calumpniam
1031 4841 1089 4898 que
1104 4838 1185 4878 meos
1200 4820 1298 4877 Sancti
1324 4821 1456 4893 Sepulcri
1485 4823 1641 4881 canonicos
1669 4824 1801 4899 legitime
1814 4827 1856 4884 fe·

153 4913 309 4985 induxerit,
321 4915 415 4982 illi,ad
428 4932 501 4988 ques
511 4915 658 4971 hereditas
669 4915 799 4989 Hugonis
808 4917 976 4990 postipsem
1030 4917 1119 4979 ctam,
1130 4911 1214 4981 cujus
1222 4909 1385 4981 pactionem
1399 4912 1582 4985 subsequens
1594 4913 1702 4987 pagina
1715 4915 1855 4973 declarat.

152 5004 311 5073 transierit,
324 5004 480 5060 conventui
490 5004 548 5059 iam
560 5003 637 5059 dicto
650 5003 769 5077 obligati
782 5010 919 5078 perpetuo
932 5010 975 5061 te·
1030 4998 1168 5058 Vendidit
1181 4996 1271 5071 igitur
1285 4999 1395 5054 tociens
1409 4999 1504 5056 dictus
1520 5000 1602 5074 Hugo
1611 5003 1770 5074 pretaxatis
1783 5005 1856 5061 San·

152 5095 301 5153 nebuntur
315 5097 357 5161 ut,
373 5091 515 5164 quidquid
530 5093 563 5128 ⁸²⁶
579 5093 699 5164 dampni
726 5098 844 5167 prepter
866 5100 976 5151 motam
1030 5091 1068 5148 cti
1094 5085 1225 5160 Sepulcri
1249 5087 1398 5144 canonicis
1413 5089 1457 5143 ⁸³⁸.
1474 5088 1639 5146 Huetdebee
1655 5105 1723 5148 cum
1738 5091 1855 5150 villanis

1037 3391 1223 3433 rnivreaerou
1250 3392 1378 3432 crusnam
1397 3378 1430 3412 ³³⁷
1456 3395 1492 3433 en
1517 3395 1747 3437 consectatrices
1773 3399 1861 3440 nuar-

1400 3465 1498 3505 nasas.

186 5253 219 5287 ⁸¹²
246 5251 454 5335 teudebaldus,
490 5251 523 5285 ⁸¹⁸
552 5256 584 5319 B,
613 5253 752 5324 quicquid.
791 5255 825 5289 ⁵¹⁹
853 5259 885 5320 B,
913 5253 1105 5339 contradicam.
1143 5248 1176 5331 Ψ
1206 5251 1238 5313 Β,
1268 5246 1352 5304 Aleia
1391 5248 1731 5335 ‘'¹'B,·llcrmcrrqerdtc3
1769 5253 1804 5338 ’ξ’
1822 5257 1853 5321 Β,

151 5322 451 5460 decente
472 5325 586 5460 tlt·
605 5325 1082 5465 littrdltdtl‘taitt‘
1106 5318 1648 5462 iret„;²,⁶,‚B2..rqq„?¹⁷a·
1662 5330 1853 5469 tfl'ltttlt

151 5465 412 5538 ⁸³⁸B,llyaenqtin.
451 5465 484 5500 ⁵³⁵
499 5470 530 5532 Β,
545 5465 644 5521 Arion.
683 5467 766 5535 Fid,
783 5469 864 5535 ree,
881 5481 920 5536 νο,
936 5474 968 5535 Β,
985 5466 1066 5533 ΜΒ,
1083 5477 1118 5519 r⁰.
1157 5457 1283 5516 NlDans
1312 5463 1334 5514 B
1362 5465 1436 5519 cette
1464 5463 1608 5537 premiere
1637 5465 1779 5544 rubrique
1809 5473 1853 5526 eat

152 5535 226 5600 sinai
242 5554 360 5617 conque.
376 5537 461 5600 aliod
472 5534 651 5617 pricilcqiem
667 5539 801 5597 Amolrior'
814 5541 930 5601 comitto.
968 5539 1001 5579 ⁸³⁸
1016 5542 1049 5611 B,
1064 5533 1213 5595 coeooiris.
