3816 6006
99 246 179 311 roee
545 238 712 304 ioannis
733 238 958 305 maranno.
980 239 1117 304 nesea.
1139 238 1285 304 ranan
1305 237 1340 303 s.
1726 194 1806 307 aaut

96 375 382 452 sequanmrllemtm
390 372 925 445 Patriarctaramtemsalempcetquam
939 375 966 442 Α
980 389 1067 430 suum
1082 373 1119 430 ad
1134 373 1348 430 destruendum
1359 386 1462 429 omnes
1472 370 1617 430 ecclesiae
1627 372 1807 432 Patriarcha·
1823 382 1826 387 ’

106 506 111 512 -
216 450 274 522 imi
285 447 503 513 mmmm&
519 460 582 519 Μ
595 446 709 516 imni
724 460 810 500 mn·
979 466 1039 528 tus,
1056 465 1182 535 quatuor
1197 461 1330 518 millibus
1354 461 1422 518 inde
1445 460 1603 519 destructis
1626 460 1806 522 auunculum

133 550 694 626 Patrinrchreierosolymitanicyrillus
706 550 925 624 primus,.loan·
978 567 1067 609 suurn
1081 551 1279 608 Patriarcham
1294 551 1361 607 duci
1386 550 1454 607 iecit
1477 549 1666 623 Babyloniam
1679 567 1808 626 eumque

96 662 160 714 nes,
178 641 369 708 parachilius,
383 639 544 707 luvenalis,
560 640 698 707 loannes,
714 637 880 706 Zacharias,
892 639 924 695 in
979 639 1148 696 ibioccidit.
1165 638 1363 712 Theophylus,
1380 639 1429 712 qui
1447 637 1632 696 reedificavit
1654 640 1731 697 hanc
1753 641 1806 699 llo·

95 739 228 808 tempore
243 732 328 804 cujus
344 730 470 787 Gcsdore
479 729 539 785 ilex
547 729 700 785 Persarum
711 726 925 801 lerosolymam
979 727 1099 785 alesiam
1116 728 1230 785 favente
1254 728 1449 786 Archisidoro.
1466 728 1660 801 sophronius,
1675 733 1807 803 tempore
1838 719 1841 723 ’

95 822 186 890 venit,
203 824 232 877 et
245 818 390 877 llccleaiae
404 818 512 875 tudae
527 816 680 882 destruxit,
697 819 726 871 et
740 815 847 872 occidit
871 814 926 872 tri·
980 818 1064 889 cujus
1078 817 1166 873 ‘larci
1180 816 1393 891 lerosolymam
1408 822 1608 891 expugnantes
1631 818 1808 877 Sarracenos

96 910 179 986 ginta
194 926 244 966 sax
258 907 353 964 millia
366 904 611 964 Christianorum.
624 906 772 961 Modestus
785 904 925 977 ipsocon·
979 906 1161 974 occiderunt,
1186 910 1215 962 et
1240 907 1432 963 obtinuerunt
1453 895 1619 976 Civitatem
1649 907 1807 966 Christiani

97 999 220 1058 stitutus
231 996 401 1054 patriarcha
416 996 453 1052 ab
468 993 600 1054 Heraclia
612 994 925 1066 Imperatore,quando
980 999 1078 1051 aulem
1094 993 1124 1049 in
1141 1010 1175 1050 es
1188 999 1404 1064 remanserunt,
1421 994 1569 1064 Guitinua,
1590 995 1708 1054 Simeon
1723 1013 1806 1067 arne,

98 1090 134 1146 de
147 1086 264 1144 Perside
279 1086 376 1152 rediit,
392 1084 579 1141 Dominicum
595 1083 728 1138 deierans
743 1081 927 1155 lignumso·
980 1087 1109 1156 tempore
1126 1083 1229 1139 Franci
1244 1088 1386 1140 venerunt
1402 1099 1525 1158 regnum
1541 1082 1631 1142 David
1646 1084 1808 1144 subliman-

97 1177 252 1252 phroniue,
269 1175 446 1246 intempore
461 1173 547 1245 cujus
565 1170 717 1228 sarraceni
744 1169 928 1226 Christianos
979 1176 1034 1240 tes,
1050 1171 1253 1245 Ecclesiasquc
1268 1171 1326 1229 Dec
1341 1163 1507 1239 reddentes,
1523 1177 1553 1229 ct
1567 1174 1681 1231 urbem.

97 1281 201 1323 omncs
216 1265 251 1321 de
265 1261 430 1321 Jerusalem
454 1264 572 1334 excepto
597 1259 764 1316 Patriarcha
778 1259 927 1331 ejecerunt

97 1354 281 1425 Theodorus,
296 1351 358 1419 llia,
374 1349 542 1424 Gregorius,
558 1349 697 1416 Thomas,
710 1346 847 1415 Basilius,
864 1347 927 1404 Ser·

97 1441 176 1517 gius,
193 1441 344 1509 Leonicos,
360 1438 550 1507 Athanasius,
566 1436 760 1495 christidolus
785 1435 925 1507 Thomas,
1015 1437 1188 1495 Patriarchoe
1205 1436 1318 1505 Latini;
1334 1438 1496 1513 Dayhcrtus
1520 1439 1693 1498 Pisanorum
1714 1440 1808 1499 archi·
1874 1464 1880 1476 ,

96 1531 237 1600 loannes,
249 1530 504 1602 Mestas,tcmpore
519 1528 604 1600 cujus
618 1524 824 1582 Archisidcras
835 1542 926 1598 nepas
979 1525 1096 1599 presul,
1109 1526 1237 1584 lbelinus
1248 1526 1428 1586 Arelatensis
1442 1528 1691 1604 archiepiscopus,
1702 1529 1810 1589 Arnul·

97 1620 208 1678 Orestis
226 1618 401 1676 Patriarchae
422 1615 635 1690 lerosolymam
660 1614 742 1670 misit
766 1614 925 1670 exercitum
979 1615 1057 1689 phua
1072 1615 1297 1673 archidiaconus
1311 1617 1484 1675 Jerusalem.

1050 1312 1209 1386 Sequuntur
1222 1313 1390 1371 Patricrclta
1403 1315 1627 1389 ierosolymitaai
1639 1316 1741 1373 latini.

315 1973 724 2213 uolanis
789 1974 1583 2137 Wrczssurrennsrs

777 2209 1135 2324 Pulsllluut

220 2392 835 2534 DESCRlPTIO
901 2397 1240 2526 TERRAE
1305 2398 1699 2532 SANCTAE

104 2628 201 2704 (iltuit
215 2645 250 2684 ex
263 2626 328 2683 cod.
344 2642 401 2682 ma.
417 2622 517 2697 inclyti
534 2619 703 2679 monasterii
718 2618 944 2702 'legernseensis
960 2618 990 2702 in
1005 2619 1120 2676 Boleris
1134 2620 1293 2702 admodum
1309 2623 1486 2680 reverendus
1500 2627 1529 2681 ct
1543 2623 1580 2681 cl.
1597 2625 1630 2682 b.
1647 2629 1733 2684 Pater
1756 2626 1812 2684 Ro·

139 2716 247 2756 manus
271 2698 404 2764 lirinncr,
425 2694 558 2767 ejusdem
583 2691 638 2748 loci
663 2691 807 2749 coenobrta
828 2691 1056 2748 Beneuuomus.
1072 2723 1107 2733 -
1121 2691 1220 2748 Edidit
1244 2693 1278 2750 a.
1305 2693 1334 2749 P.
1361 2694 1527 2754 Bernardua
1551 2696 1664 2767 Parrus,
1682 2699 1809 2756 Thecour.

138 2770 249 2840 anecd,
266 2773 339 2826 tam.
356 2768 377 2838 I,
396 2784 424 2841 p.
441 2783 481 2836 ιιι,
498 2780 564 2839 pag.
580 2763 653 2838 tao.)

770 3023 1144 3112 MONITUM.

143 3251 291 3324 Quidquid
306 3251 377 3308 certi
391 3252 427 3307 de
442 3253 559 3307 auctore
571 3247 663 3318 hujus
678 3243 983 3329 Descripticnis'tcrrc
998 3248 1107 3301 sancta
1122 3245 1264 3330 affirmari
1281 3252 1389 3320 potest,
1412 3249 1442 3305 id
1467 3264 1554 3306 omne
1576 3248 1671 3322 primo
1694 3250 1811 3325 praemii

106 3341 194 3380 versu
209 3323 384 3390 continetur,
410 3322 439 3377 in
465 3338 522 3394 quo
545 3337 577 3376 se
598 3319 730 3400 Ioannem
749 3318 798 3398 llet
820 3323 912 3397 pratia
939 3314 1146 3397 ΙῦἰιιὸιιιρειιιιΙ
1161 3319 1295 3388 necteria,
1321 3321 1349 3375 id
1373 3320 1443 3392 quad
1465 3329 1514 3386 eat,
1539 3320 1620 3388 dicit,
1645 3339 1681 3379 cx
1703 3322 1813 3396 quibua

109 3393 206 3452 verbis
220 3411 288 3452 eum
303 3392 408 3475 sallem
420 3390 590 3474 presbyterii
601 3390 743 3473 drgnrtate
753 3405 783 3443 ιιι
794 3384 1065 3468 Ecclesianabur
1085 3403 1147 3442 ensr
1158 3389 1727 3472 pradictumluisseetatnimue.ditalem
1738 3411 1811 3469 pre·

109 3471 191 3523 terea
205 3481 289 3522 suam
305 3464 410 3520 nullrbr
426 3479 577 3536 perspicue
592 3465 698 3586 fflffinat’
715 3457 783 3514 hcet
796 3456 840 3512 vel
856 3473 891 3512 ex
904 3473 969 3529 rpao
984 3473 1061 3512 mem
1074 3474 1172 3538 'renco
1186 3460 1286 3542 codice
1301 3462 1521 3536 tegernseensi,
1538 3463 1616 3546 unde
1640 3480 1698 3520 uon
1722 3463 1813 3521 inelo-

646 3531 701 3585 .ll.
718 3534 747 3585 ct
761 3528 797 3584 cl.
815 3528 848 3584 ll.
866 3528 1015 3584 Romanus
1031 3532 1157 3584 Kranner
1181 3536 1267 3601 eruit,
1284 3549 1349 3589 cero
1374 3549 1516 3617 perquam
1540 3535 1637 3591 simile
1661 3536 1811 3604 reddatur,

546 3621 594 3658 um
610 3616 732 3674 nunqua
747 3598 797 3656 ille
810 3615 916 3672 nempe
931 3602 1066 3656 exaratus
1081 3601 1271 3662 eet,snimum
1285 3604 1321 3661 ad
1338 3622 1372 3660 ea
1385 3606 1551 3671 scribenda,
1577 3623 1640 3679 qus
1663 3606 1727 3664 suis
1750 3605 1814 3681 ipsa
1894 3662 1897 3666 ,

109 3553 214 3666 ganeo
235 3535 372 3592 asculum
388 3540 487 3591 nostro
502 3537 604 3659 rofam

130 3625 189 3665 unc
222 3624 346 3665 oannem
362 3622 440 3662 circa
455 3622 530 3661 secu

109 3679 204 3737 oculis
218 3677 410 3751 usurpante
432 3674 552 3750 polisse.
579 3673 727 3745 Precipua
749 3670 871 3728 loannis
886 3686 957 3726 cura
971 3669 1035 3738 luit,
1051 3675 1084 3726 ut
1100 3671 1158 3727 loca
1172 3676 1341 3732 venerabilia
1363 3692 1425 3749 qaae
1450 3677 1581 3734 horninur
1601 3685 1692 3734 meter
1715 3677 1815 3735 mundi

108 3751 234 3808 Satacmr
247 3767 306 3806 ana
318 3765 380 3804 cam
394 3694 513 3818 oforiano
529 3746 669 3829 Genitriee
686 3759 738 3826 suc
754 3744 853 3825 litorio,
878 3741 1147 3825 virainetparpetaa,
1171 3752 1198 3800 et
1219 3762 1281 3802 cem
1303 3747 1455 3804 verreraadc
1478 3748 1677 3821 discipulorum
1700 3765 1814 3807 tauram

107 3822 222 3894 callepio
234 3819 374 3894 corporati
386 3819 569 3889 sanctificaret
617 3821 742 3885 euenere,
753 3828 893 3885 praecrpae
917 3829 948 3869 an
971 3817 1081 3868 caretate
1102 3823 1198 3870 sancta
1210 3817 1371 3886 Jerusalem,
1406 3826 1489 3876 uento
1503 3821 1656 3892 repressius
1669 3827 1696 3877 et
1708 3819 1813 3877 studio-

107 3895 176 3961 sius,
191 3894 291 3975 potuit
307 3888 461 3972 mactanda
474 3892 506 3971 ia
520 3890 559 3971 eie
571 3833 654 3960 areta,
669 3892 695 3967 et
709 3885 918 3966 epiprammota,
933 3884 991 3940 siae
1003 3885 1126 3955 prosaice
1139 3886 1197 3966 ciue
1209 3891 1330 3956 metrice,
1345 3836 1413 3963 atpii
1426 3891 1518 3962 officio
1532 3891 1598 3947 cotti
1615 3898 1680 3959 erat,
1695 3896 1729 3947 ut
1749 3891 1813 3964 ipsc

108 3969 176 4039 post
190 3962 308 4018 rnrtium
323 3962 437 4034 Prologr
451 3960 562 4016 scribit.
578 3959 720 4030 Egregius
734 3959 873 4036 gentrque
887 3958 992 4011 nostre
1008 3954 1239 4037 perhonorificus
1254 3958 1337 4016 locus
1351 3966 1397 4017 est
1411 3978 1474 4045 cap.
1490 3962 1518 4028 9,
1532 3961 1583 4019 ubi
1598 3907 1664 4019 iate
1684 3962 1813 4019 loannes

108 4035 216 4110 prohat
229 4033 478 4105 recuperationem
494 4036 577 4086 terrra
592 4031 699 4110 sancta
723 4043 782 4082 non
805 4041 869 4082 arne
892 4024 1105 4109 Germanorum
1130 4028 1238 4111 injuria
1261 4029 1331 4087 solis
1355 4033 1476 4088 Francis
1495 4032 1627 4100 attribui,
1642 4048 1706 4107 puae
1718 4035 1815 4107 utique

110 4106 328 4165 Christianitatis
339 4105 494 4178 prouincia,
509 4100 616 4173 inquit,
628 4096 805 4170 jamdudum
818 4112 881 4152 auca
896 4105 1026 4153 enatam
1041 4096 1116 4152 altra
1129 4098 1224 4155 Natum
1244 4117 1339 4157 cerrus
1359 4103 1503 4160 meridiem
1516 4110 1542 4160 et
1556 4104 1630 4160 ultra
1648 4108 1814 4162 Damascum

108 4192 204 4233 aeram
226 4177 359 4233 crientm
380 4173 550 4239 extendunt,
580 4173 606 4227 ri
632 4177 708 4225 tante
735 4169 813 4238 capia
841 4166 1064 4250 uternanneram,
1081 4176 1185 4251 quanta
1208 4179 1234 4226 et
1258 4174 1372 4229 istorum
1390 4182 1439 4241 ert,
1456 4173 1569 4231 adesset.
1586 4173 1718 4232 Gmmcm
1739 4177 1815 4234 enim

108 4248 200 4304 milite
214 4246 278 4303 inde
290 4246 451 4316 decedente,
471 4246 541 4300 aeri
554 4243 638 4300 rebar
651 4255 730 4297 omne
746 4239 895 4321 Christiana
908 4245 1047 4322 exarcum
1059 4238 1233 4320 decantaret,
1249 4252 1357 4301 eamme
1377 4247 1502 4301 nationes
1524 4260 1617 4302 amnes
1634 4261 1733 4318 panem
1754 4263 1814 4303 am

109 4319 188 4392 ptius
202 4325 252 4374 aut
265 4318 338 4374 nibil
350 4318 548 4390 prestiterant,
565 4311 769 4370 etc.Ceterum
785 4309 956 4381 hujusmodl
969 4307 1066 4365 Descrr
1089 4315 1184 4366 nones
1198 4317 1280 4369 terre
1304 4321 1411 4371 sanctae
1427 4333 1460 4372 ac
1480 4316 1671 4389 liodoaporica
1682 4316 1769 4390 plura
1782 4317 1813 4373 in

109 4387 234 4446 Austris
250 4405 283 4445 ac
298 4388 423 4444 Bavarirc
438 4384 622 4443 bibliothecis
636 4381 823 4446 offendimus,
840 4397 903 4462 quaa
918 4396 985 4436 cum
1001 4396 1019 4434 a
1033 4327 1118 4436 neiis
1132 4382 1288 4463 omniacdi
1300 4386 1507 4458 nequeant,hic
1522 4386 1695 4443 nominatim
1707 4387 1817 4457 saltem,

110 4457 257 4517 recenseri
273 4463 430 4515 merentur.
446 4458 477 4514 ln
494 4454 669 4513 bibliotheca
683 4454 1021 4536 ''l'egernsccnsr'exstant
1033 4450 1156 4508 loannis
1180 4454 1274 4525 licea,
1311 4456 1450 4532 resbyteri
1469 4457 1665 4530 'trajectensis
1678 4456 1813 4516 dioeccais

109 4533 229 4587 loannes
243 4531 307 4586 llere
320 4530 461 4603 presbyter
476 4527 651 4599 Trajecteaetr
664 4524 785 4579 dracesee
807 4523 864 4593 tuat
887 4539 918 4576 m
940 4523 1102 4587 lenticum,
1118 4527 1172 4580 etc.
1189 4524 1257 4582 Cod.
1275 4473 1367 4584 cEart.
1393 4530 1420 4584 t.
1443 4527 1555 4585 ibidem
1570 4526 1696 4585 hahetur
1709 4529 1812 4612 cujus·
1859 4553 1862 4558 ·

109 4602 179 4660 dam
193 4602 319 4674 Philippi
332 4601 402 4657 tiber
416 4600 448 4656 de
460 4597 729 4671 pereerinationibae
741 4593 902 4658 lemnum,
917 4607 951 4648 ac
964 4594 1045 4649 tottrar
1059 4601 1141 4650 terre
1154 4605 1267 4666 sancte,
1279 4614 1367 4671 quam
1383 4603 1484 4656 auctor
1498 4615 1534 4672 pc
1622 4615 1669 4655 ase
1684 4614 1716 4656 aa
1730 4598 1811 4669 drclt,

111 4673 141 4728 in
156 4673 222 4730 cod.
239 4672 333 4728 chart.
350 4671 398 4728 tol.
416 4687 505 4726 manu
522 4666 619 4726 saeculi
635 4683 682 4722 xv.
701 4667 759 4721 lnc.
776 4680 851 4746 opus
867 4678 873 4718 :
889 4664 954 4720 late
973 4671 1038 4720 caat
1057 4667 1291 4736 pereurinatr‘oner
1312 4671 1474 4736 leuraam,
1499 4675 1555 4727 etc.
1593 4687 1611 4725 n
1635 4670 1812 4728 bibliotheca

110 4742 350 4801 Senot-crucensi
380 4746 546 4799 asservatur
560 4739 697 4811 Anonymi
712 4738 890 4793 ltinerartam
914 4735 1184 4817 mercennaco
1204 4741 1308 4797 initio:
1332 4743 1387 4814 Epo
1412 4743 1453 4797 iai
1475 4741 1508 4798 de
1534 4742 1619 4809 Acon,
1644 4745 1699 4798 etc.
1720 4741 1815 4799 Codex

113 4814 322 4871 membraneus
336 4815 564 4887 quingentorum
575 4823 719 4868 annorum
729 4803 1033 4886 cst-Monostenum
1045 4806 1268 4868 ManaecclIenae
1277 4813 1306 4867 in
1315 4811 1434 4869 Austris
1443 4811 1549 4869 retinet
1557 4811 1687 4869 codicem
1698 4812 1814 4869 charta·

109 4901 196 4942 ccum
210 4885 241 4940 in
257 4885 307 4941 tol.
322 4888 518 4942 trecentarum
532 4897 686 4948 annorum,
703 4879 754 4952 qui
768 4877 905 4948 Anonymi
923 4874 1131 4949 descriptionem
1142 4886 1224 4939 terre
1237 4891 1341 4941 sancte
1354 4882 1485 4941 continet
1498 4882 1554 4940 hac
1568 4882 1713 4956 principio
1724 4900 1731 4942 :
1743 4882 1813 4940 dam

108 4958 140 5014 tn
155 4957 290 5013 ceantur
305 4956 427 5013 nummu
442 4957 573 5028 beamus,
588 4955 660 5008 eiciat
673 4951 741 5007 dicit
755 4949 849 5005 beatae
860 4946 942 5027 laon
962 4963 1031 5028 reae,
1047 4951 1102 5004 etc.
1129 4948 1161 5005 ln
1177 4953 1234 5009 dne
1259 4970 1266 5009 ι
1292 4955 1414 5026 Explicit
1435 4954 1505 5010 liter
1518 4955 1712 5026 heremeticam
1735 4962 1814 5011 terra

108 5035 224 5095 rcmtae,
239 5027 317 5099 cajeta
331 5035 428 5084 aaewr
441 5029 595 5099 teneratur.
611 5022 692 5078 Idem
707 5037 723 5077 o
745 5037 781 5077 us
795 5016 928 5099 possrdot
941 4963 1117 5075 irbliotheca
1131 5020 1236 5104 hlellic.
1253 5024 1283 5080 in
1297 5025 1361 5082 cod.
1379 5025 1503 5081 membr.
1519 5025 1546 5092 t,
1562 5024 1678 5096 signato
1688 5023 1813 5090 lit.d.12,

109 5113 257 5155 annornm
272 5098 387 5154 circiter
424 5097 697 5169 usdringentorum.
739 5109 771 5148 ee
786 5089 1033 5163 pretermittenda
1054 5093 1206 5166 Desmptio
1229 5096 1350 5152 laceram
1363 5104 1445 5154 tcrrae
1458 5103 1562 5154 cuncte
1575 5099 1693 5153 anctore
1704 5096 1749 5154 rr.
1764 5095 1814 5153 tu·-

108 5169 187 5226 cotco
202 5167 234 5225 de
248 5169 361 5227 Fumat
373 5115 432 5226 ori.
448 5170 521 5232 Min,
538 5166 571 5224 de
585 5164 737 5247 ltanparia,
754 5165 839 5234 cujus
854 5175 891 5214 ne
906 5160 993 5242 verbo
1008 5160 1142 5242 meminit
1157 5166 1250 5223 Lucas
1265 5166 1370 5223 Wadin
1393 5184 1427 5223 us
1442 5165 1472 5222 in
1488 5183 1542 5223 suc
1557 5182 1573 5222 c
1596 5182 1643 5223 erc
1657 5166 1698 5223 lle
1712 5165 1813 5241 script.

109 5238 181 5297 Ord.
197 5239 266 5294 ltin.
282 5240 353 5311 Ejus
368 5239 533 5312 exemplum
549 5242 626 5310 typrs
641 5239 708 5291 ante
723 5248 834 5291 annum
850 5230 930 5296 1500,
947 5245 978 5313 ιιι
992 5233 1020 5297 d,
1038 5233 1167 5290 Wrenna
1182 5236 1361 5294 excusumvi
1384 5254 1462 5294 rmus
1477 5236 1506 5292 in
1523 5183 1703 5295 bibliotheca
1724 5239 1814 5297 Doro·

108 5309 229 5367 theana.
246 5310 305 5367 lnc.
321 5310 453 5383 prelatio
470 5327 476 5364 :
493 5310 561 5366 Cam
573 5324 617 5364 res
631 5314 733 5372 creata,
748 5310 803 5362 etc.
819 5302 899 5384 Opus
915 5316 922 5354 :
938 5301 1107 5357 Hierusalem
1132 5309 1230 5364 civitas
1253 5317 1359 5374 sancta,
1384 5314 1440 5365 etc.
1458 5307 1488 5363 ln
1513 5308 1615 5365 eadem
1639 5308 1816 5367 bibliotheca

109 5379 282 5438 evolvimus.
298 5381 431 5454 Ludotpti
444 5382 556 5438 rectoria
568 5378 736 5451 parochialis
751 5376 845 5434 llurioe
860 5389 889 5427 tn
903 5371 991 5454 Suche
1009 5373 1162 5433 Tractatum
1184 5379 1216 5436 de
1240 5387 1314 5435 terra
1339 5388 1443 5444 aunem,
1466 5378 1497 5434 in
1521 5381 1585 5437 cod.
1601 5379 1694 5437 chart.
1716 5378 1815 5438 unali

109 5467 168 5511 xlv.
186 5451 292 5525 Incipit
307 5470 315 5508 ζ
330 5453 559 5510 Reverettdt'ttt'mo
574 5451 606 5506 t'rt
620 5449 726 5507 Christo
738 5449 818 5505 Patri
837 5458 869 5500 at
892 5442 1002 5500 dommo
1024 5458 1083 5507 tue,
1099 5447 1209 5507 domiuo
1231 5453 1354 5520 pretioso
1374 5450 1534 5508 Batderomo
1548 5451 1582 5510 de
1593 5451 1742 5510 Scenae-diu
1762 5456 1816 5508 Pa-

110 5522 311 5581 denumerare
325 5523 454 5582 Emtuiae
464 5525 597 5596 episcopo,
613 5523 667 5578 etc.
683 5517 825 5579 simlerus
839 5529 905 5572 eom
922 5528 999 5571 anno
1014 5512 1086 5571 4336
1100 5519 1243 5594 scriptum
1268 5520 1349 5592 dicit,
1365 5520 1477 5581 nullius
1501 5524 1601 5581 tamen
1612 5521 1693 5581 tacta
1707 5537 1815 5597 aquo-
