<?xml version="1.0" encoding="UTF-8"?>
<!DOCTYPE html PUBLIC "-//W3C//DTD XHTML 1.0 Transitional//EN"
    "http://www.w3.org/TR/xhtml1/DTD/xhtml1-transitional.dtd">
<html xmlns="http://www.w3.org/1999/xhtml" xml:lang="en" lang="en">
 <head>
  <title>
</title>
<meta http-equiv="Content-Type" content="text/html;charset=utf-8" />
  <meta name='ocr-system' content='tesseract 3.04.00' />
  <meta name='ocr-capabilities' content='ocr_page ocr_carea ocr_par ocr_line ocrx_word'/>
</head>
<body>
  <div class='ocr_page' id='page_1' title='image "./patrologiaecurs93unkngoog_0331.png"; bbox 0 0 3816 6006; ppageno 0'>
   <div class='ocr_carea' id='block_1_1' title="bbox 157 257 1862 354">
    <p class='ocr_par' dir='ltr' id='par_1_1' title="bbox 157 257 1862 354">
     <span class='ocr_line' id='line_1_1' title="bbox 157 257 1862 354; baseline -0.003 -23"><span class='ocrx_word' id='word_1_1' title='bbox 157 271 216 331; x_wconf 80' lang='grc'>663</span> <span class='ocrx_word' id='word_1_2' title='bbox 408 261 743 344; x_wconf 68' lang='lat' dir='ltr'>AD&#39;ssODthJttDUM</span> <span class='ocrx_word' id='word_1_3' title='bbox 765 261 935 322; x_wconf 78' lang='lat' dir='ltr'>APPEND.</span> <span class='ocrx_word' id='word_1_4' title='bbox 958 259 997 320; x_wconf 92' lang='grc'>11.</span> <span class='ocrx_word' id='word_1_5' title='bbox 1014 291 1051 304; x_wconf 92' lang='grc'><strong>-</strong></span> <span class='ocrx_word' id='word_1_6' title='bbox 1067 260 1221 324; x_wconf 74' lang='lat' dir='ltr'>boholt.</span> <span class='ocrx_word' id='word_1_7' title='bbox 1245 257 1296 323; x_wconf 77' lang='lat' dir='ltr'>ub</span> <span class='ocrx_word' id='word_1_8' title='bbox 1317 261 1443 324; x_wconf 76' lang='lat' dir='ltr'>sotto</span> <span class='ocrx_word' id='word_1_9' title='bbox 1464 261 1602 354; x_wconf 80' lang='lat' dir='ltr'>SACRO.</span> <span class='ocrx_word' id='word_1_10' title='bbox 1799 258 1862 326; x_wconf 69' lang='grc'>661</span> 
     </span>
    </p>
   </div>
   <div class='ocr_carea' id='block_1_2' title="bbox 158 392 1863 834">
    <p class='ocr_par' dir='ltr' id='par_1_2' title="bbox 158 392 1863 834">
     <span class='ocr_line' id='line_1_2' title="bbox 158 392 1861 472; baseline -0.004 -11"><span class='ocrx_word' id='word_1_11' title='bbox 158 401 350 471; x_wconf 73' lang='lat' dir='ltr'>cereresegcrt&#39;t</span> <span class='ocrx_word' id='word_1_12' title='bbox 360 399 557 472; x_wconf 74' lang='lat' dir='ltr'>poeaitentiam,</span> <span class='ocrx_word' id='word_1_13' title='bbox 572 397 733 467; x_wconf 76' lang='lat' dir='ltr'>uncinisque</span> <span class='ocrx_word' id='word_1_14' title='bbox 747 396 866 450; x_wconf 72' lang='lat' dir='ltr'>oraturo</span> <span class='ocrx_word' id='word_1_15' title='bbox 880 396 910 450; x_wconf 86' lang='lat' dir='ltr'>in</span> <span class='ocrx_word' id='word_1_16' title='bbox 925 394 981 450; x_wconf 84' lang='lat' dir='ltr'>loco</span> <span class='ocrx_word' id='word_1_17' title='bbox 995 395 1023 462; x_wconf 68' lang='grc' dir='ltr'><strong>Α</strong></span> <span class='ocrx_word' id='word_1_18' title='bbox 1036 393 1109 450; x_wconf 85' lang='lat' dir='ltr'>ritas</span> <span class='ocrx_word' id='word_1_19' title='bbox 1125 395 1188 450; x_wconf 91' lang='lat' dir='ltr'>idco</span> <span class='ocrx_word' id='word_1_20' title='bbox 1205 395 1289 452; x_wconf 90' lang='lat' dir='ltr'>nobis</span> <span class='ocrx_word' id='word_1_21' title='bbox 1310 400 1382 464; x_wconf 87' lang='lat' dir='ltr'>erat,</span> <span class='ocrx_word' id='word_1_22' title='bbox 1394 397 1463 469; x_wconf 88' lang='lat' dir='ltr'>quta</span> <span class='ocrx_word' id='word_1_23' title='bbox 1486 392 1679 454; x_wconf 78' lang='lat' dir='ltr'>credebamus</span> <span class='ocrx_word' id='word_1_24' title='bbox 1702 392 1861 455; x_wconf 75' lang='lat' dir='ltr'>Dominum</span> 
     </span>
     <span class='ocr_line' id='line_1_3' title="bbox 160 482 1863 559; baseline -0.004 -9"><span class='ocrx_word' id='word_1_25' title='bbox 160 496 221 558; x_wconf 79' lang='lat' dir='ltr'>tato,</span> <span class='ocrx_word' id='word_1_26' title='bbox 242 501 272 548; x_wconf 81' lang='lat' dir='ltr'>lu</span> <span class='ocrx_word' id='word_1_27' title='bbox 289 489 418 546; x_wconf 77' lang='lat' dir='ltr'>exaudies</span> <span class='ocrx_word' id='word_1_28' title='bbox 431 487 463 543; x_wconf 85' lang='lat' dir='ltr'>de</span> <span class='ocrx_word' id='word_1_29' title='bbox 475 487 550 552; x_wconf 78' lang='lat' dir='ltr'>culo,</span> <span class='ocrx_word' id='word_1_30' title='bbox 566 487 680 541; x_wconf 77' lang='lat' dir='ltr'><em>Domine</em></span> <span class='ocrx_word' id='word_1_31' title='bbox 695 503 704 540; x_wconf 93' lang='lat'><em>:</em></span> <span class='ocrx_word' id='word_1_32' title='bbox 719 492 744 540; x_wconf 88' lang='lat' dir='ltr'>et</span> <span class='ocrx_word' id='word_1_33' title='bbox 766 485 853 539; x_wconf 83' lang='lat' dir='ltr'>libero</span> <span class='ocrx_word' id='word_1_34' title='bbox 875 499 937 538; x_wconf 86' lang='lat' dir='ltr'>cum</span> <span class='ocrx_word' id='word_1_35' title='bbox 950 482 984 538; x_wconf 82' lang='lat' dir='ltr'>de</span> <span class='ocrx_word' id='word_1_36' title='bbox 1038 484 1191 540; x_wconf 90' lang='lat' dir='ltr'>nobiscum</span> <span class='ocrx_word' id='word_1_37' title='bbox 1206 502 1278 552; x_wconf 89' lang='lat' dir='ltr'>osse,</span> <span class='ocrx_word' id='word_1_38' title='bbox 1292 484 1369 541; x_wconf 88' lang='lat' dir='ltr'>sicut</span> <span class='ocrx_word' id='word_1_39' title='bbox 1382 491 1412 542; x_wconf 89' lang='lat' dir='ltr'>et</span> <span class='ocrx_word' id='word_1_40' title='bbox 1425 485 1455 540; x_wconf 91' lang='lat' dir='ltr'>in</span> <span class='ocrx_word' id='word_1_41' title='bbox 1471 485 1592 557; x_wconf 78' lang='lat' dir='ltr'>reliquis</span> <span class='ocrx_word' id='word_1_42' title='bbox 1607 486 1740 558; x_wconf 88' lang='lat' dir='ltr'>negotiis,</span> <span class='ocrx_word' id='word_1_43' title='bbox 1754 491 1863 559; x_wconf 88' lang='lat' dir='ltr'>etpre-</span> 
     </span>
     <span class='ocr_line' id='line_1_4' title="bbox 159 572 1860 650; baseline -0.004 -12"><span class='ocrx_word' id='word_1_44' title='bbox 159 581 288 639; x_wconf 84' lang='lat' dir='ltr'>manilua</span> <span class='ocrx_word' id='word_1_45' title='bbox 316 581 492 635; x_wconf 77' lang='lat' dir='ltr'>inicnicoruna</span> <span class='ocrx_word' id='word_1_46' title='bbox 520 592 631 631; x_wconf 79' lang='lat' dir='ltr'>suoram</span> <span class='ocrx_word' id='word_1_47' title='bbox 660 574 707 645; x_wconf 91' lang='grc'><strong>(111</strong></span> <span class='ocrx_word' id='word_1_48' title='bbox 734 575 884 644; x_wconf 70' lang='lat' dir='ltr'>Reputo).</span> <span class='ocrx_word' id='word_1_49' title='bbox 901 572 983 627; x_wconf 88' lang='lat' dir='ltr'>Post·</span> <span class='ocrx_word' id='word_1_50' title='bbox 1037 575 1860 650; x_wconf 84' lang='lat' dir='ltr'>ptarblasphemiassibiillataa,agerepropterseipsum‚</span> 
     </span>
     <span class='ocr_line' id='line_1_5' title="bbox 160 664 1862 742; baseline -0.004 -14"><span class='ocrx_word' id='word_1_51' title='bbox 160 671 222 729; x_wconf 84' lang='lat' dir='ltr'>baec</span> <span class='ocrx_word' id='word_1_52' title='bbox 238 674 372 742; x_wconf 88' lang='lat' dir='ltr'>percepta</span> <span class='ocrx_word' id='word_1_53' title='bbox 382 665 583 724; x_wconf 88' lang='lat' dir='ltr'>benedictione</span> <span class='ocrx_word' id='word_1_54' title='bbox 599 665 634 719; x_wconf 93' lang='lat' dir='ltr'>ab</span> <span class='ocrx_word' id='word_1_55' title='bbox 650 664 806 736; x_wconf 86' lang='lat' dir='ltr'>episeopis.</span> <span class='ocrx_word' id='word_1_56' title='bbox 817 666 984 717; x_wconf 88' lang='lat' dir='ltr'>statuerunt</span> <span class='ocrx_word' id='word_1_57' title='bbox 1038 664 1061 720; x_wconf 90' lang='lat' dir='ltr'>si</span> <span class='ocrx_word' id='word_1_58' title='bbox 1073 665 1161 719; x_wconf 89' lang='lat' dir='ltr'>etiam</span> <span class='ocrx_word' id='word_1_59' title='bbox 1173 669 1373 721; x_wconf 89' lang='lat' dir='ltr'>causanostra</span> <span class='ocrx_word' id='word_1_60' title='bbox 1393 666 1519 722; x_wconf 75' lang='lat' dir='ltr'>invalida</span> <span class='ocrx_word' id='word_1_61' title='bbox 1539 666 1652 722; x_wconf 85' lang='lat' dir='ltr'>luisset.</span> <span class='ocrx_word' id='word_1_62' title='bbox 1664 666 1745 722; x_wconf 84' lang='lat' dir='ltr'>Unde</span> <span class='ocrx_word' id='word_1_63' title='bbox 1759 667 1789 722; x_wconf 86' lang='lat' dir='ltr'>ia</span> <span class='ocrx_word' id='word_1_64' title='bbox 1806 676 1862 722; x_wconf 88' lang='lat' dir='ltr'>no·</span> 
     </span>
     <span class='ocr_line' id='line_1_6' title="bbox 161 747 1863 834; baseline -0.002 -19"><span class='ocrx_word' id='word_1_65' title='bbox 161 760 307 834; x_wconf 75' lang='lat' dir='ltr'>principes</span> <span class='ocrx_word' id='word_1_66' title='bbox 322 760 357 815; x_wconf 88' lang='lat' dir='ltr'>de</span> <span class='ocrx_word' id='word_1_67' title='bbox 371 757 438 814; x_wconf 88' lang='lat' dir='ltr'>belli</span> <span class='ocrx_word' id='word_1_68' title='bbox 463 754 725 819; x_wconf 72' lang='lat' dir='ltr'>administratione,</span> <span class='ocrx_word' id='word_1_69' title='bbox 740 756 767 807; x_wconf 87' lang='lat' dir='ltr'>et</span> <span class='ocrx_word' id='word_1_70' title='bbox 791 752 826 807; x_wconf 90' lang='lat' dir='ltr'>de</span> <span class='ocrx_word' id='word_1_71' title='bbox 850 749 984 806; x_wconf 89' lang='lat' dir='ltr'>custodia</span> <span class='ocrx_word' id='word_1_72' title='bbox 1037 758 1099 809; x_wconf 86' lang='lat' dir='ltr'>stra</span> <span class='ocrx_word' id='word_1_73' title='bbox 1113 759 1194 826; x_wconf 91' lang='lat' dir='ltr'>parte</span> <span class='ocrx_word' id='word_1_74' title='bbox 1216 755 1409 819; x_wconf 73' lang='lat' dir='ltr'><strong>defensorem,</strong></span> <span class='ocrx_word' id='word_1_75' title='bbox 1420 760 1449 811; x_wconf 88' lang='lat' dir='ltr'>et</span> <span class='ocrx_word' id='word_1_76' title='bbox 1463 755 1493 810; x_wconf 88' lang='lat' dir='ltr'>in</span> <span class='ocrx_word' id='word_1_77' title='bbox 1509 772 1562 811; x_wconf 91' lang='lat' dir='ltr'>sua</span> <span class='ocrx_word' id='word_1_78' title='bbox 1577 756 1726 827; x_wconf 86' lang='lat' dir='ltr'>adjutores</span> <span class='ocrx_word' id='word_1_79' title='bbox 1741 747 1780 810; x_wconf 89' lang='lat' dir='ltr'>illi</span> <span class='ocrx_word' id='word_1_80' title='bbox 1793 773 1863 812; x_wconf 50' lang='lat' dir='ltr'>¹essa</span> 
     </span>
    </p>
   </div>
   <div class='ocr_carea' id='block_1_3' title="bbox 112 840 1897 5636">
    <p class='ocr_par' dir='ltr' id='par_1_3' title="bbox 112 840 1897 5636">
     <span class='ocr_line' id='line_1_7' title="bbox 161 840 1860 918; baseline -0.002 -12"><span class='ocrx_word' id='word_1_81' title='bbox 161 849 295 907; x_wconf 87' lang='lat' dir='ltr'>civitatis.</span> <span class='ocrx_word' id='word_1_82' title='bbox 309 848 457 903; x_wconf 84' lang='lat' dir='ltr'>Proiectus</span> <span class='ocrx_word' id='word_1_83' title='bbox 467 851 512 901; x_wconf 90' lang='lat' dir='ltr'>est</span> <span class='ocrx_word' id='word_1_84' title='bbox 527 844 625 914; x_wconf 76' lang='lat' dir='ltr'>itaque</span> <span class='ocrx_word' id='word_1_85' title='bbox 637 845 695 898; x_wconf 89' lang='lat' dir='ltr'>dux</span> <span class='ocrx_word' id='word_1_86' title='bbox 709 846 737 897; x_wconf 90' lang='lat' dir='ltr'>et</span> <span class='ocrx_word' id='word_1_87' title='bbox 753 840 861 896; x_wconf 88' lang='lat' dir='ltr'>milites</span> <span class='ocrx_word' id='word_1_88' title='bbox 872 842 936 911; x_wconf 90' lang='lat' dir='ltr'>ajus</span> <span class='ocrx_word' id='word_1_89' title='bbox 951 845 984 895; x_wconf 87' lang='lat' dir='ltr'>ut</span> <span class='ocrx_word' id='word_1_90' title='bbox 1036 843 1193 900; x_wconf 83' lang='lat' dir='ltr'>voluimus.</span> <span class='ocrx_word' id='word_1_91' title='bbox 1211 845 1319 901; x_wconf 83' lang='lat' dir='ltr'>Deinde</span> <span class='ocrx_word' id='word_1_92' title='bbox 1340 845 1554 901; x_wconf 89' lang='lat' dir='ltr'>conclamatum</span> <span class='ocrx_word' id='word_1_93' title='bbox 1570 850 1615 901; x_wconf 86' lang='lat' dir='ltr'>est</span> <span class='ocrx_word' id='word_1_94' title='bbox 1635 862 1687 918; x_wconf 87' lang='lat' dir='ltr'>per</span> <span class='ocrx_word' id='word_1_95' title='bbox 1701 847 1860 902; x_wconf 77' lang='lat' dir='ltr'>exercitum</span> 
     </span>
     <span class='ocr_line' id='line_1_8' title="bbox 160 929 1861 1007; baseline -0.004 -11"><span class='ocrx_word' id='word_1_96' title='bbox 160 938 357 997; x_wconf 88' lang='lat' dir='ltr'>certissimum</span> <span class='ocrx_word' id='word_1_97' title='bbox 378 935 600 1007; x_wconf 74' lang='lat' dir='ltr'>comprobarent</span> <span class='ocrx_word' id='word_1_98' title='bbox 614 933 638 987; x_wconf 90' lang='lat' dir='ltr'>si</span> <span class='ocrx_word' id='word_1_99' title='bbox 655 933 689 986; x_wconf 90' lang='lat' dir='ltr'>de</span> <span class='ocrx_word' id='word_1_100' title='bbox 703 929 866 986; x_wconf 81' lang='lat' dir='ltr'>Admiraris</span> <span class='ocrx_word' id='word_1_101' title='bbox 882 929 922 984; x_wconf 90' lang='lat' dir='ltr'>ita</span> <span class='ocrx_word' id='word_1_102' title='bbox 937 946 983 984; x_wconf 88' lang='lat' dir='ltr'>res</span> <span class='ocrx_word' id='word_1_103' title='bbox 1038 937 1070 988; x_wconf 91' lang='lat' dir='ltr'>ut</span> <span class='ocrx_word' id='word_1_104' title='bbox 1084 950 1171 989; x_wconf 90' lang='lat' dir='ltr'>manc</span> <span class='ocrx_word' id='word_1_105' title='bbox 1186 935 1220 989; x_wconf 90' lang='lat' dir='ltr'>ad</span> <span class='ocrx_word' id='word_1_106' title='bbox 1237 951 1365 1007; x_wconf 88' lang='lat' dir='ltr'>pugnam</span> <span class='ocrx_word' id='word_1_107' title='bbox 1388 951 1492 990; x_wconf 86' lang='lat' dir='ltr'>omncs</span> <span class='ocrx_word' id='word_1_108' title='bbox 1510 935 1603 1007; x_wconf 91' lang='lat' dir='ltr'>parati</span> <span class='ocrx_word' id='word_1_109' title='bbox 1620 939 1728 1002; x_wconf 87' lang='lat' dir='ltr'>essent,</span> <span class='ocrx_word' id='word_1_110' title='bbox 1739 940 1768 990; x_wconf 87' lang='lat' dir='ltr'>et</span> <span class='ocrx_word' id='word_1_111' title='bbox 1778 935 1861 1007; x_wconf 84' lang='lat' dir='ltr'>quis·</span> 
     </span>
     <span class='ocr_line' id='line_1_9' title="bbox 159 1020 1862 1097; baseline -0.002 -12"><span class='ocrx_word' id='word_1_112' title='bbox 159 1046 189 1085; x_wconf 92' lang='lat' dir='ltr'>se</span> <span class='ocrx_word' id='word_1_113' title='bbox 204 1028 334 1090; x_wconf 89' lang='lat' dir='ltr'>baberet,</span> <span class='ocrx_word' id='word_1_114' title='bbox 348 1029 380 1080; x_wconf 89' lang='lat' dir='ltr'>ut</span> <span class='ocrx_word' id='word_1_115' title='bbox 395 1025 474 1080; x_wconf 85' lang='lat' dir='ltr'>tama</span> <span class='ocrx_word' id='word_1_116' title='bbox 493 1023 654 1088; x_wconf 71' lang='lat' dir='ltr'>terebatur,</span> <span class='ocrx_word' id='word_1_117' title='bbox 666 1021 714 1093; x_wconf 91' lang='lat' dir='ltr'>qui</span> <span class='ocrx_word' id='word_1_118' title='bbox 732 1035 798 1076; x_wconf 89' lang='lat' dir='ltr'>cum</span> <span class='ocrx_word' id='word_1_119' title='bbox 815 1020 850 1074; x_wconf 89' lang='lat' dir='ltr'>ad</span> <span class='ocrx_word' id='word_1_120' title='bbox 867 1034 982 1090; x_wconf 72' lang='lat' dir='ltr'>campc-</span> <span class='ocrx_word' id='word_1_121' title='bbox 1036 1039 1094 1095; x_wconf 85' lang='lat' dir='ltr'>que</span> <span class='ocrx_word' id='word_1_122' title='bbox 1105 1023 1862 1097; x_wconf 79' lang='lat' dir='ltr'>principibusdasuagenteconjungcretur,otnemo</span> 
     </span>
     <span class='ocr_line' id='line_1_10' title="bbox 159 1107 1863 1187; baseline -0.002 -15"><span class='ocrx_word' id='word_1_123' title='bbox 159 1118 231 1173; x_wconf 90' lang='lat' dir='ltr'>stria</span> <span class='ocrx_word' id='word_1_124' title='bbox 247 1114 437 1171; x_wconf 68' lang='lat' dir='ltr'>[tantularum</span> <span class='ocrx_word' id='word_1_125' title='bbox 462 1112 650 1184; x_wconf 86' lang='lat' dir='ltr'>pervenisset,</span> <span class='ocrx_word' id='word_1_126' title='bbox 664 1127 783 1165; x_wconf 86' lang='lat' dir='ltr'>causam</span> <span class='ocrx_word' id='word_1_127' title='bbox 808 1107 915 1180; x_wconf 78' lang='lat' dir='ltr'>nogotii</span> <span class='ocrx_word' id='word_1_128' title='bbox 933 1125 984 1180; x_wconf 79' lang='lat' dir='ltr'>per</span> <span class='ocrx_word' id='word_1_129' title='bbox 1038 1113 1164 1184; x_wconf 80' lang='lat' dir='ltr'>predam</span> <span class='ocrx_word' id='word_1_130' title='bbox 1176 1113 1863 1187; x_wconf 75' lang='lat' dir='ltr'>tangeret,etexccmmunicatisuxitquicunque</span> 
     </span>
     <span class='ocr_line' id='line_1_11' title="bbox 159 1197 1861 1279; baseline -0.001 -21"><span class='ocrx_word' id='word_1_131' title='bbox 159 1206 327 1279; x_wconf 84' lang='lat' dir='ltr'>episcopum</span> <span class='ocrx_word' id='word_1_132' title='bbox 356 1204 570 1258; x_wconf 87' lang='lat' dir='ltr'>Matroncnscm</span> <span class='ocrx_word' id='word_1_133' title='bbox 595 1197 802 1271; x_wconf 78' lang='lat' dir='ltr'>Hierosolymis</span> <span class='ocrx_word' id='word_1_134' title='bbox 818 1197 932 1253; x_wconf 80' lang='lat' dir='ltr'>reniisit</span> <span class='ocrx_word' id='word_1_135' title='bbox 945 1197 980 1251; x_wconf 87' lang='lat' dir='ltr'>ad</span> <span class='ocrx_word' id='word_1_136' title='bbox 1036 1218 1100 1257; x_wconf 84' lang='lat' dir='ltr'>eum</span> <span class='ocrx_word' id='word_1_137' title='bbox 1113 1205 1274 1272; x_wconf 72' lang='lat' dir='ltr'>tangerent,</span> <span class='ocrx_word' id='word_1_138' title='bbox 1286 1201 1343 1257; x_wconf 92' lang='lat' dir='ltr'>nisi</span> <span class='ocrx_word' id='word_1_139' title='bbox 1358 1201 1439 1275; x_wconf 88' lang='lat' dir='ltr'>prius</span> <span class='ocrx_word' id='word_1_140' title='bbox 1454 1201 1529 1258; x_wconf 88' lang='lat' dir='ltr'>hello</span> <span class='ocrx_word' id='word_1_141' title='bbox 1544 1202 1685 1259; x_wconf 84' lang='lat' dir='ltr'>conlecto.</span> <span class='ocrx_word' id='word_1_142' title='bbox 1698 1203 1861 1259; x_wconf 82' lang='lat' dir='ltr'>hiansimus</span> 
     </span>
     <span class='ocr_line' id='line_1_12' title="bbox 158 1287 1860 1364; baseline -0.002 -14"><span class='ocrx_word' id='word_1_143' title='bbox 158 1295 288 1351; x_wconf 87' lang='lat' dir='ltr'>comites.</span> <span class='ocrx_word' id='word_1_144' title='bbox 301 1292 344 1348; x_wconf 89' lang='lat' dir='ltr'>ttli</span> <span class='ocrx_word' id='word_1_145' title='bbox 361 1297 457 1347; x_wconf 88' lang='lat' dir='ltr'>autem</span> <span class='ocrx_word' id='word_1_146' title='bbox 475 1289 624 1346; x_wconf 84' lang='lat' dir='ltr'>certificati</span> <span class='ocrx_word' id='word_1_147' title='bbox 641 1289 676 1344; x_wconf 91' lang='lat' dir='ltr'>de</span> <span class='ocrx_word' id='word_1_148' title='bbox 693 1287 778 1354; x_wconf 90' lang='lat' dir='ltr'>bello,</span> <span class='ocrx_word' id='word_1_149' title='bbox 796 1302 981 1342; x_wconf 86' lang='lat' dir='ltr'>communem</span> <span class='ocrx_word' id='word_1_150' title='bbox 1036 1308 1071 1345; x_wconf 81' lang='lat' dir='ltr'>aa</span> <span class='ocrx_word' id='word_1_151' title='bbox 1083 1296 1167 1346; x_wconf 87' lang='lat' dir='ltr'>noete</span> <span class='ocrx_word' id='word_1_152' title='bbox 1195 1291 1267 1346; x_wconf 88' lang='lat' dir='ltr'>satis</span> <span class='ocrx_word' id='word_1_153' title='bbox 1289 1292 1489 1364; x_wconf 63' lang='lat' dir='ltr'>pauperrimm</span> <span class='ocrx_word' id='word_1_154' title='bbox 1514 1292 1621 1348; x_wconf 84' lang='lat' dir='ltr'>etenim</span> <span class='ocrx_word' id='word_1_155' title='bbox 1650 1292 1776 1348; x_wconf 87' lang='lat' dir='ltr'>tentoria</span> <span class='ocrx_word' id='word_1_156' title='bbox 1801 1309 1860 1348; x_wconf 87' lang='lat' dir='ltr'>non</span> 
     </span>
     <span class='ocr_line' id='line_1_13' title="bbox 158 1374 1860 1460; baseline -0.001 -21"><span class='ocrx_word' id='word_1_157' title='bbox 158 1383 307 1460; x_wconf 88' lang='lat' dir='ltr'>pugnandi</span> <span class='ocrx_word' id='word_1_158' title='bbox 325 1399 442 1439; x_wconf 86' lang='lat' dir='ltr'>causam</span> <span class='ocrx_word' id='word_1_159' title='bbox 458 1381 536 1453; x_wconf 86' lang='lat' dir='ltr'>apud</span> <span class='ocrx_word' id='word_1_160' title='bbox 549 1395 650 1434; x_wconf 90' lang='lat' dir='ltr'>omnes</span> <span class='ocrx_word' id='word_1_161' title='bbox 663 1377 750 1433; x_wconf 89' lang='lat' dir='ltr'>tortes</span> <span class='ocrx_word' id='word_1_162' title='bbox 762 1376 811 1448; x_wconf 83' lang='lat' dir='ltr'>qni</span> <span class='ocrx_word' id='word_1_163' title='bbox 827 1374 983 1430; x_wconf 85' lang='lat' dir='ltr'>incivitate</span> <span class='ocrx_word' id='word_1_164' title='bbox 1036 1377 1229 1446; x_wconf 86' lang='lat' dir='ltr'>habebamus,</span> <span class='ocrx_word' id='word_1_165' title='bbox 1243 1395 1348 1453; x_wconf 89' lang='lat' dir='ltr'>panem</span> <span class='ocrx_word' id='word_1_166' title='bbox 1365 1381 1460 1452; x_wconf 89' lang='lat' dir='ltr'>pauci,</span> <span class='ocrx_word' id='word_1_167' title='bbox 1471 1380 1572 1436; x_wconf 89' lang='lat' dir='ltr'>vinum</span> <span class='ocrx_word' id='word_1_168' title='bbox 1588 1379 1700 1445; x_wconf 88' lang='lat' dir='ltr'>nullus,</span> <span class='ocrx_word' id='word_1_169' title='bbox 1712 1386 1860 1437; x_wconf 82' lang='lat' dir='ltr'>annonam</span> 
     </span>
     <span class='ocr_line' id='line_1_14' title="bbox 159 1465 1897 1544; baseline -0.001 -15"><span class='ocrx_word' id='word_1_170' title='bbox 159 1477 370 1536; x_wconf 78' lang='lat' dir='ltr'>remanserant,</span> <span class='ocrx_word' id='word_1_171' title='bbox 386 1470 563 1526; x_wconf 87' lang='lat' dir='ltr'>detulerunt.</span> <span class='ocrx_word' id='word_1_172' title='bbox 580 1469 680 1539; x_wconf 84' lang='lat' dir='ltr'>ltaque</span> <span class='ocrx_word' id='word_1_173' title='bbox 702 1465 902 1539; x_wconf 79' lang='lat' dir='ltr'>supplicantes</span> <span class='ocrx_word' id='word_1_174' title='bbox 928 1469 982 1520; x_wconf 82' lang='lat' dir='ltr'>lleo</span> <span class='ocrx_word' id='word_1_175' title='bbox 1037 1472 1123 1540; x_wconf 88' lang='lat' dir='ltr'>atque</span> <span class='ocrx_word' id='word_1_176' title='bbox 1134 1468 1224 1524; x_wconf 83' lang='lat' dir='ltr'>salem</span> <span class='ocrx_word' id='word_1_177' title='bbox 1237 1469 1484 1541; x_wconf 74' lang='lat' dir='ltr'>paucissimi3scd</span> <span class='ocrx_word' id='word_1_178' title='bbox 1498 1469 1689 1542; x_wconf 87' lang='lat' dir='ltr'>copiacamis</span> <span class='ocrx_word' id='word_1_179' title='bbox 1704 1471 1859 1544; x_wconf 83' lang='lat' dir='ltr'>erat-quasi</span> <span class='ocrx_word' id='word_1_180' title='bbox 1896 1530 1897 1534; x_wconf 65' lang='lat'>,</span> 
     </span>
     <span class='ocr_line' id='line_1_15' title="bbox 158 1551 1860 1636; baseline -0.001 -17"><span class='ocrx_word' id='word_1_181' title='bbox 158 1568 187 1620; x_wconf 85' lang='lat' dir='ltr'>et</span> <span class='ocrx_word' id='word_1_182' title='bbox 200 1561 325 1636; x_wconf 89' lang='lat' dir='ltr'>acceptis</span> <span class='ocrx_word' id='word_1_183' title='bbox 341 1559 431 1616; x_wconf 88' lang='lat' dir='ltr'>armis</span> <span class='ocrx_word' id='word_1_184' title='bbox 452 1564 481 1615; x_wconf 88' lang='lat' dir='ltr'>et</span> <span class='ocrx_word' id='word_1_185' title='bbox 505 1557 686 1614; x_wconf 86' lang='lat' dir='ltr'>Dominicam</span> <span class='ocrx_word' id='word_1_186' title='bbox 703 1554 846 1613; x_wconf 84' lang='lat' dir='ltr'>lanceam.</span> <span class='ocrx_word' id='word_1_187' title='bbox 863 1551 982 1626; x_wconf 88' lang='lat' dir='ltr'>protecti</span> <span class='ocrx_word' id='word_1_188' title='bbox 1037 1559 1194 1620; x_wconf 73' lang='lat' dir='ltr'>urenased</span> <span class='ocrx_word' id='word_1_189' title='bbox 1205 1558 1557 1627; x_wconf 78' lang='lat' dir='ltr'>vescabamurcamtbus;</span> <span class='ocrx_word' id='word_1_190' title='bbox 1568 1564 1658 1632; x_wconf 91' lang='lat' dir='ltr'>etpru</span> <span class='ocrx_word' id='word_1_191' title='bbox 1669 1560 1860 1633; x_wconf 66' lang='lat' dir='ltr'>panaetium</span> 
     </span>
     <span class='ocr_line' id='line_1_16' title="bbox 159 1641 1861 1721; baseline -0.001 -12"><span class='ocrx_word' id='word_1_192' title='bbox 159 1670 263 1709; x_wconf 89' lang='lat' dir='ltr'>sumus</span> <span class='ocrx_word' id='word_1_193' title='bbox 288 1653 323 1707; x_wconf 89' lang='lat' dir='ltr'>ab</span> <span class='ocrx_word' id='word_1_194' title='bbox 339 1649 532 1716; x_wconf 86' lang='lat' dir='ltr'>lerosolimis,</span> <span class='ocrx_word' id='word_1_195' title='bbox 548 1652 577 1703; x_wconf 93' lang='lat' dir='ltr'>ct</span> <span class='ocrx_word' id='word_1_196' title='bbox 592 1645 726 1701; x_wconf 90' lang='lat' dir='ltr'>venimus</span> <span class='ocrx_word' id='word_1_197' title='bbox 748 1645 784 1699; x_wconf 91' lang='lat' dir='ltr'>ad</span> <span class='ocrx_word' id='word_1_198' title='bbox 808 1641 983 1714; x_wconf 85' lang='lat' dir='ltr'>campestria</span> <span class='ocrx_word' id='word_1_199' title='bbox 1037 1661 1103 1701; x_wconf 89' lang='lat' dir='ltr'>curo</span> <span class='ocrx_word' id='word_1_200' title='bbox 1117 1652 1190 1702; x_wconf 87' lang='lat' dir='ltr'>crat.</span> <span class='ocrx_word' id='word_1_201' title='bbox 1200 1649 1235 1703; x_wconf 80' lang='lat' dir='ltr'>ut</span> <span class='ocrx_word' id='word_1_202' title='bbox 1245 1649 1308 1719; x_wconf 76' lang='lat' dir='ltr'>Jam</span> <span class='ocrx_word' id='word_1_203' title='bbox 1324 1664 1430 1705; x_wconf 88' lang='lat' dir='ltr'>aurora</span> <span class='ocrx_word' id='word_1_204' title='bbox 1447 1649 1581 1721; x_wconf 84' lang='lat' dir='ltr'>sequenti</span> <span class='ocrx_word' id='word_1_205' title='bbox 1596 1650 1643 1706; x_wconf 80' lang='lat' dir='ltr'>die</span> <span class='ocrx_word' id='word_1_206' title='bbox 1658 1650 1816 1719; x_wconf 85' lang='lat' dir='ltr'>oriebatur,</span> <span class='ocrx_word' id='word_1_207' title='bbox 1832 1654 1861 1707; x_wconf 87' lang='lat' dir='ltr'>et</span> 
     </span>
     <span class='ocr_line' id='line_1_17' title="bbox 159 1731 1862 1833; baseline -0.002 -36"><span class='ocrx_word' id='word_1_208' title='bbox 159 1741 205 1798; x_wconf 89' lang='lat' dir='ltr'>dic</span> <span class='ocrx_word' id='word_1_209' title='bbox 221 1741 281 1797; x_wconf 90' lang='lat' dir='ltr'>illa.</span> <span class='ocrx_word' id='word_1_210' title='bbox 295 1741 392 1796; x_wconf 81' lang='lat' dir='ltr'>Altera</span> <span class='ocrx_word' id='word_1_211' title='bbox 407 1743 503 1794; x_wconf 87' lang='lat' dir='ltr'>eutem</span> <span class='ocrx_word' id='word_1_212' title='bbox 529 1737 575 1792; x_wconf 90' lang='lat' dir='ltr'>die</span> <span class='ocrx_word' id='word_1_213' title='bbox 599 1736 754 1806; x_wconf 87' lang='lat' dir='ltr'>conjuncto</span> <span class='ocrx_word' id='word_1_214' title='bbox 778 1731 914 1798; x_wconf 81' lang='lat' dir='ltr'>exercitu,</span> <span class='ocrx_word' id='word_1_215' title='bbox 933 1748 984 1803; x_wconf 89' lang='lat' dir='ltr'>per</span> <span class='ocrx_word' id='word_1_216' title='bbox 999 1769 1022 1833; x_wconf 74' lang='lat' dir='ltr'>B</span> <span class='ocrx_word' id='word_1_217' title='bbox 1038 1735 1156 1809; x_wconf 80' lang='lat' dir='ltr'>pervigil</span> <span class='ocrx_word' id='word_1_218' title='bbox 1181 1738 1278 1804; x_wconf 88' lang='lat' dir='ltr'>turba,</span> <span class='ocrx_word' id='word_1_219' title='bbox 1293 1739 1373 1795; x_wconf 86' lang='lat' dir='ltr'>tubis</span> <span class='ocrx_word' id='word_1_220' title='bbox 1388 1742 1417 1795; x_wconf 88' lang='lat' dir='ltr'>et</span> <span class='ocrx_word' id='word_1_221' title='bbox 1429 1740 1579 1796; x_wconf 89' lang='lat' dir='ltr'>cornubus</span> <span class='ocrx_word' id='word_1_222' title='bbox 1604 1739 1633 1794; x_wconf 90' lang='lat' dir='ltr'>in</span> <span class='ocrx_word' id='word_1_223' title='bbox 1658 1756 1786 1816; x_wconf 85' lang='lat' dir='ltr'>pugnam</span> <span class='ocrx_word' id='word_1_224' title='bbox 1802 1738 1862 1795; x_wconf 85' lang='lat' dir='ltr'>ani·</span> 
     </span>
     <span class='ocr_line' id='line_1_18' title="bbox 159 1820 1860 1906; baseline 0 -20"><span class='ocrx_word' id='word_1_225' title='bbox 159 1829 261 1886; x_wconf 85' lang='lat' dir='ltr'>firmas</span> <span class='ocrx_word' id='word_1_226' title='bbox 275 1828 426 1902; x_wconf 87' lang='lat' dir='ltr'>dispositis</span> <span class='ocrx_word' id='word_1_227' title='bbox 440 1825 584 1901; x_wconf 76' lang='lat' dir='ltr'>praesidiis</span> <span class='ocrx_word' id='word_1_228' title='bbox 599 1825 634 1880; x_wconf 89' lang='lat' dir='ltr'>ab</span> <span class='ocrx_word' id='word_1_229' title='bbox 651 1824 730 1879; x_wconf 91' lang='lat' dir='ltr'>omni</span> <span class='ocrx_word' id='word_1_230' title='bbox 744 1828 835 1895; x_wconf 90' lang='lat' dir='ltr'>parte,</span> <span class='ocrx_word' id='word_1_231' title='bbox 851 1820 984 1893; x_wconf 85' lang='lat' dir='ltr'>procede·</span> <span class='ocrx_word' id='word_1_232' title='bbox 1039 1824 1860 1906; x_wconf 72' lang='lat' dir='ltr'>mabatur.ltaquesummodiluculoproiectidispositis,</span> 
     </span>
     <span class='ocr_line' id='line_1_19' title="bbox 159 1908 1861 1990; baseline -0.001 -14"><span class='ocrx_word' id='word_1_233' title='bbox 159 1921 275 1976; x_wconf 89' lang='lat' dir='ltr'>bamus.</span> <span class='ocrx_word' id='word_1_234' title='bbox 290 1919 321 1974; x_wconf 91' lang='lat' dir='ltr'>In</span> <span class='ocrx_word' id='word_1_235' title='bbox 337 1934 456 1990; x_wconf 86' lang='lat' dir='ltr'>vespere</span> <span class='ocrx_word' id='word_1_236' title='bbox 467 1933 531 1972; x_wconf 89' lang='lat' dir='ltr'>vero</span> <span class='ocrx_word' id='word_1_237' title='bbox 545 1932 612 1971; x_wconf 91' lang='lat' dir='ltr'>curn</span> <span class='ocrx_word' id='word_1_238' title='bbox 623 1912 806 1968; x_wconf 85' lang='lat' dir='ltr'>venissemus</span> <span class='ocrx_word' id='word_1_239' title='bbox 823 1927 911 1983; x_wconf 88' lang='lat' dir='ltr'>prope</span> <span class='ocrx_word' id='word_1_240' title='bbox 927 1908 984 1963; x_wconf 86' lang='lat' dir='ltr'>tiu·</span> <span class='ocrx_word' id='word_1_241' title='bbox 1039 1917 1072 1968; x_wconf 88' lang='lat' dir='ltr'>ut</span> <span class='ocrx_word' id='word_1_242' title='bbox 1083 1914 1144 1982; x_wconf 89' lang='lat' dir='ltr'>jum</span> <span class='ocrx_word' id='word_1_243' title='bbox 1158 1914 1295 1983; x_wconf 87' lang='lat' dir='ltr'>diximus,</span> <span class='ocrx_word' id='word_1_244' title='bbox 1308 1910 1344 1972; x_wconf 85' lang='lat' dir='ltr'>ab</span> <span class='ocrx_word' id='word_1_245' title='bbox 1358 1918 1438 1972; x_wconf 90' lang='lat' dir='ltr'>omni</span> <span class='ocrx_word' id='word_1_246' title='bbox 1450 1917 1861 1990; x_wconf 57' lang='lat' dir='ltr'>partetp&#39;rasidiismxercitum</span> 
     </span>
     <span class='ocr_line' id='line_1_20' title="bbox 159 1998 1861 2081; baseline 0 -16"><span class='ocrx_word' id='word_1_247' title='bbox 159 2011 238 2065; x_wconf 76' lang='lat' dir='ltr'>sirim</span> <span class='ocrx_word' id='word_1_248' title='bbox 249 2008 298 2081; x_wconf 80' lang='lat' dir='ltr'>qm</span> <span class='ocrx_word' id='word_1_249' title='bbox 311 2013 357 2064; x_wconf 91' lang='lat' dir='ltr'>cst</span> <span class='ocrx_word' id='word_1_250' title='bbox 370 2008 399 2061; x_wconf 89' lang='lat' dir='ltr'>in</span> <span class='ocrx_word' id='word_1_251' title='bbox 415 2006 516 2062; x_wconf 87' lang='lat' dir='ltr'>itinere</span> <span class='ocrx_word' id='word_1_252' title='bbox 528 2004 667 2060; x_wconf 85' lang='lat' dir='ltr'>cuntibus</span> <span class='ocrx_word' id='word_1_253' title='bbox 679 2001 715 2057; x_wconf 89' lang='lat' dir='ltr'>ab</span> <span class='ocrx_word' id='word_1_254' title='bbox 725 1998 889 2057; x_wconf 84' lang='lat' dir='ltr'>Jerusalem</span> <span class='ocrx_word' id='word_1_255' title='bbox 901 2000 985 2052; x_wconf 81' lang='lat' dir='ltr'>Aaou·</span> <span class='ocrx_word' id='word_1_256' title='bbox 1040 2002 1086 2057; x_wconf 82' lang='lat' dir='ltr'>net</span> <span class='ocrx_word' id='word_1_257' title='bbox 1102 2005 1130 2057; x_wconf 90' lang='lat' dir='ltr'>in</span> <span class='ocrx_word' id='word_1_258' title='bbox 1142 2009 1238 2060; x_wconf 89' lang='lat' dir='ltr'>castra</span> <span class='ocrx_word' id='word_1_259' title='bbox 1248 2005 1397 2061; x_wconf 88' lang='lat' dir='ltr'>htahumet</span> <span class='ocrx_word' id='word_1_260' title='bbox 1408 2004 1617 2079; x_wconf 84' lang='lat' dir='ltr'>dirigebamus.</span> <span class='ocrx_word' id='word_1_261' title='bbox 1629 2009 1665 2064; x_wconf 80' lang='lat' dir='ltr'>ht</span> <span class='ocrx_word' id='word_1_262' title='bbox 1680 2023 1745 2064; x_wconf 84' lang='lat' dir='ltr'>vero</span> <span class='ocrx_word' id='word_1_263' title='bbox 1760 2007 1861 2065; x_wconf 85' lang='lat' dir='ltr'>hostes</span> 
     </span>
     <span class='ocr_line' id='line_1_21' title="bbox 159 2088 1860 2170; baseline -0.002 -15"><span class='ocrx_word' id='word_1_264' title='bbox 159 2099 267 2166; x_wconf 79' lang='lat' dir='ltr'>lonatn,</span> <span class='ocrx_word' id='word_1_265' title='bbox 283 2098 440 2170; x_wconf 86' lang='lat' dir='ltr'>pascebant</span> <span class='ocrx_word' id='word_1_266' title='bbox 456 2095 507 2166; x_wconf 59' lang='lat' dir='ltr'>{ibi</span> <span class='ocrx_word' id='word_1_267' title='bbox 527 2093 635 2148; x_wconf 77' lang='lat' dir='ltr'>Arabes</span> <span class='ocrx_word' id='word_1_268' title='bbox 650 2107 753 2164; x_wconf 82' lang='lat' dir='ltr'>greges</span> <span class='ocrx_word' id='word_1_269' title='bbox 776 2088 883 2154; x_wconf 86' lang='lat' dir='ltr'>orium,</span> <span class='ocrx_word' id='word_1_270' title='bbox 896 2091 924 2142; x_wconf 90' lang='lat' dir='ltr'>et</span> <span class='ocrx_word' id='word_1_271' title='bbox 939 2103 984 2140; x_wconf 88' lang='lat' dir='ltr'>ar·</span> <span class='ocrx_word' id='word_1_272' title='bbox 1038 2089 1115 2146; x_wconf 86' lang='lat' dir='ltr'>intra</span> <span class='ocrx_word' id='word_1_273' title='bbox 1137 2099 1233 2149; x_wconf 86' lang='lat' dir='ltr'>eastra</span> <span class='ocrx_word' id='word_1_274' title='bbox 1257 2111 1310 2150; x_wconf 87' lang='lat' dir='ltr'>aua</span> <span class='ocrx_word' id='word_1_275' title='bbox 1332 2096 1570 2166; x_wconf 73' lang='lat' dir='ltr'>demorabantur,</span> <span class='ocrx_word' id='word_1_276' title='bbox 1582 2110 1734 2169; x_wconf 82' lang='lat' dir='ltr'>nunquam</span> <span class='ocrx_word' id='word_1_277' title='bbox 1761 2098 1860 2154; x_wconf 68' lang='lat' dir='ltr'>eriath</span> 
     </span>
     <span class='ocr_line' id='line_1_22' title="bbox 158 2180 1861 2257; baseline 0.001 -15"><span class='ocrx_word' id='word_1_278' title='bbox 158 2193 258 2243; x_wconf 85' lang='lat' dir='ltr'>menta</span> <span class='ocrx_word' id='word_1_279' title='bbox 273 2183 612 2257; x_wconf 54' lang='lat' dir='ltr'>bounrjnnunrerabilia,</span> <span class='ocrx_word' id='word_1_280' title='bbox 625 2187 654 2237; x_wconf 89' lang='lat' dir='ltr'>et</span> <span class='ocrx_word' id='word_1_281' title='bbox 669 2180 732 2236; x_wconf 90' lang='lat' dir='ltr'>sinc</span> <span class='ocrx_word' id='word_1_282' title='bbox 753 2193 875 2233; x_wconf 90' lang='lat' dir='ltr'>numero</span> <span class='ocrx_word' id='word_1_283' title='bbox 889 2191 984 2230; x_wconf 88' lang='lat' dir='ltr'>camo·</span> <span class='ocrx_word' id='word_1_284' title='bbox 1040 2185 1154 2237; x_wconf 89' lang='lat' dir='ltr'>montes</span> <span class='ocrx_word' id='word_1_285' title='bbox 1169 2183 1244 2255; x_wconf 89' lang='lat' dir='ltr'>quod</span> <span class='ocrx_word' id='word_1_286' title='bbox 1262 2183 1339 2240; x_wconf 88' lang='lat' dir='ltr'>intra</span> <span class='ocrx_word' id='word_1_287' title='bbox 1353 2184 1460 2241; x_wconf 82' lang='lat' dir='ltr'>moenia</span> <span class='ocrx_word' id='word_1_288' title='bbox 1474 2185 1510 2241; x_wconf 88' lang='lat' dir='ltr'>ad</span> <span class='ocrx_word' id='word_1_289' title='bbox 1526 2185 1682 2241; x_wconf 81' lang='lat' dir='ltr'>adventum</span> <span class='ocrx_word' id='word_1_290' title='bbox 1698 2202 1799 2242; x_wconf 83' lang='lat' dir='ltr'>comm</span> <span class='ocrx_word' id='word_1_291' title='bbox 1814 2187 1861 2243; x_wconf 81' lang='lat' dir='ltr'>aix</span> 
     </span>
     <span class='ocr_line' id='line_1_23' title="bbox 157 2264 1861 2333; baseline -0.007 -2"><span class='ocrx_word' id='word_1_292' title='bbox 157 2275 555 2332; x_wconf 87' lang='lat' dir='ltr'>los.Cumvidissentautem</span> <span class='ocrx_word' id='word_1_293' title='bbox 570 2269 661 2326; x_wconf 89' lang='lat' dir='ltr'>nostri</span> <span class='ocrx_word' id='word_1_294' title='bbox 675 2270 750 2324; x_wconf 90' lang='lat' dir='ltr'>hanc</span> <span class='ocrx_word' id='word_1_295' title='bbox 764 2264 985 2322; x_wconf 89' lang='lat' dir='ltr'>multitudinem</span> <span class='ocrx_word' id='word_1_296' title='bbox 1040 2271 1264 2328; x_wconf 67' lang='lat' dir='ltr'>contineremur,</span> <span class='ocrx_word' id='word_1_297' title='bbox 1281 2274 1394 2329; x_wconf 64' lang='lat' dir='ltr'>Etenim</span> <span class='ocrx_word' id='word_1_298' title='bbox 1419 2291 1486 2330; x_wconf 73' lang='lat' dir='ltr'>cum</span> <span class='ocrx_word' id='word_1_299' title='bbox 1506 2274 1659 2330; x_wconf 63' lang='lat' dir='ltr'>audissent</span> <span class='ocrx_word' id='word_1_300' title='bbox 1682 2274 1718 2330; x_wconf 67' lang='grc' dir='ltr'>(ιθ</span> <span class='ocrx_word' id='word_1_301' title='bbox 1738 2292 1810 2332; x_wconf 59' lang='lat'>„000</span> <span class='ocrx_word' id='word_1_302' title='bbox 1832 2281 1861 2333; x_wconf 63' lang='lat' dir='ltr'>ee</span> 
     </span>
     <span class='ocr_line' id='line_1_24' title="bbox 157 2354 1861 2435; baseline -0.009 -13"><span class='ocrx_word' id='word_1_303' title='bbox 157 2354 986 2426; x_wconf 75' lang='lat' dir='ltr'>etbominum&#39;etant1naltum‚extsttmantesbollumesse.</span> <span class='ocrx_word' id='word_1_304' title='bbox 1040 2361 1109 2434; x_wconf 69' lang='lat' dir='ltr'>fuga</span> <span class='ocrx_word' id='word_1_305' title='bbox 1123 2366 1284 2434; x_wconf 65' lang='lat' dir='ltr'>pastorum,</span> <span class='ocrx_word' id='word_1_306' title='bbox 1295 2362 1449 2418; x_wconf 64' lang='lat' dir='ltr'>dicebant:</span> <span class='ocrx_word' id='word_1_307' title='bbox 1465 2364 1579 2435; x_wconf 65' lang='lat' dir='ltr'>Propter</span> <span class='ocrx_word' id='word_1_308' title='bbox 1591 2364 1713 2435; x_wconf 60' lang='lat' dir='ltr'>prm„</span> <span class='ocrx_word' id='word_1_309' title='bbox 1723 2373 1861 2421; x_wconf 59' lang='lat' dir='ltr'>mma</span> 
     </span>
     <span class='ocr_line' id='line_1_25' title="bbox 157 2443 1862 2531; baseline -0.006 -20"><span class='ocrx_word' id='word_1_310' title='bbox 157 2459 281 2531; x_wconf 89' lang='lat' dir='ltr'>arreptis</span> <span class='ocrx_word' id='word_1_311' title='bbox 295 2455 386 2513; x_wconf 87' lang='lat' dir='ltr'>armis</span> <span class='ocrx_word' id='word_1_312' title='bbox 402 2455 437 2510; x_wconf 90' lang='lat' dir='ltr'>ad</span> <span class='ocrx_word' id='word_1_313' title='bbox 454 2449 689 2526; x_wconf 86' lang='lat' dir='ltr'>prospiciendum</span> <span class='ocrx_word' id='word_1_314' title='bbox 702 2445 810 2502; x_wconf 87' lang='lat' dir='ltr'>milites</span> <span class='ocrx_word' id='word_1_315' title='bbox 826 2460 919 2515; x_wconf 90' lang='lat' dir='ltr'>usque</span> <span class='ocrx_word' id='word_1_316' title='bbox 930 2443 984 2498; x_wconf 88' lang='lat' dir='ltr'>du·</span> <span class='ocrx_word' id='word_1_317' title='bbox 1038 2455 1149 2517; x_wconf 66' lang='lat' dir='ltr'>pram,</span> <span class='ocrx_word' id='word_1_318' title='bbox 1165 2459 1191 2508; x_wconf 70' lang='lat' dir='ltr'>ec</span> <span class='ocrx_word' id='word_1_319' title='bbox 1212 2468 1274 2507; x_wconf 75' lang='lat' dir='ltr'>eum</span> <span class='ocrx_word' id='word_1_320' title='bbox 1287 2469 1320 2507; x_wconf 75' lang='lat' dir='ltr'>ea</span> <span class='ocrx_word' id='word_1_321' title='bbox 1334 2459 1513 2508; x_wconf 64' lang='lat' dir='ltr'>reseruntur,</span> <span class='ocrx_word' id='word_1_322' title='bbox 1526 2453 1641 2525; x_wconf 65' lang='lat' dir='ltr'>Quippe</span> <span class='ocrx_word' id='word_1_323' title='bbox 1664 2453 1862 2511; x_wconf 62' lang='lat' dir='ltr'>edocebantur</span> 
     </span>
     <span class='ocr_line' id='line_1_26' title="bbox 157 2533 1861 2620; baseline -0.002 -18"><span class='ocrx_word' id='word_1_324' title='bbox 157 2553 258 2604; x_wconf 82' lang='lat' dir='ltr'>centos</span> <span class='ocrx_word' id='word_1_325' title='bbox 267 2545 485 2620; x_wconf 77' lang='lat' dir='ltr'>pramiscruut;</span> <span class='ocrx_word' id='word_1_326' title='bbox 497 2539 590 2596; x_wconf 81' lang='lat' dir='ltr'>ceteri</span> <span class='ocrx_word' id='word_1_327' title='bbox 600 2555 666 2594; x_wconf 78' lang='lat' dir='ltr'>vero</span> <span class='ocrx_word' id='word_1_328' title='bbox 678 2535 792 2600; x_wconf 87' lang='lat' dir='ltr'>armati,</span> <span class='ocrx_word' id='word_1_329' title='bbox 801 2539 832 2590; x_wconf 91' lang='lat' dir='ltr'>ut</span> <span class='ocrx_word' id='word_1_330' title='bbox 843 2533 983 2605; x_wconf 82' lang='lat' dir='ltr'>diximus,</span> <span class='ocrx_word' id='word_1_331' title='bbox 1039 2542 1168 2613; x_wconf 89' lang='lat' dir='ltr'>quotidie</span> <span class='ocrx_word' id='word_1_332' title='bbox 1185 2541 1221 2597; x_wconf 88' lang='lat' dir='ltr'>ab</span> <span class='ocrx_word' id='word_1_333' title='bbox 1236 2542 1283 2598; x_wconf 90' lang='lat' dir='ltr'>his</span> <span class='ocrx_word' id='word_1_334' title='bbox 1293 2542 1343 2614; x_wconf 89' lang='lat' dir='ltr'>qui</span> <span class='ocrx_word' id='word_1_335' title='bbox 1358 2543 1492 2614; x_wconf 82' lang='lat' dir='ltr'>ingerant</span> <span class='ocrx_word' id='word_1_336' title='bbox 1503 2542 1539 2597; x_wconf 87' lang='lat' dir='ltr'>ab</span> <span class='ocrx_word' id='word_1_337' title='bbox 1554 2541 1772 2616; x_wconf 82' lang='lat' dir='ltr'>Hierosolymis,</span> <span class='ocrx_word' id='word_1_338' title='bbox 1785 2544 1861 2600; x_wconf 85' lang='lat' dir='ltr'>etde</span> 
     </span>
     <span class='ocr_line' id='line_1_27' title="bbox 162 2629 1859 2705; baseline -0.002 -12"><span class='ocrx_word' id='word_1_339' title='bbox 162 2637 191 2693; x_wconf 89' lang='lat' dir='ltr'>in</span> <span class='ocrx_word' id='word_1_340' title='bbox 203 2653 304 2692; x_wconf 82' lang='lat' dir='ltr'>novom</span> <span class='ocrx_word' id='word_1_341' title='bbox 315 2633 423 2690; x_wconf 89' lang='lat' dir='ltr'>turmis</span> <span class='ocrx_word' id='word_1_342' title='bbox 432 2630 615 2687; x_wconf 87' lang='lat' dir='ltr'>incedebant.</span> <span class='ocrx_word' id='word_1_343' title='bbox 626 2629 819 2684; x_wconf 81' lang='lat' dir='ltr'>llrantautem</span> <span class='ocrx_word' id='word_1_344' title='bbox 832 2630 890 2681; x_wconf 90' lang='lat' dir='ltr'>tres</span> <span class='ocrx_word' id='word_1_345' title='bbox 902 2643 918 2681; x_wconf 90' lang='lat' dir='ltr'>a</span> <span class='ocrx_word' id='word_1_346' title='bbox 931 2630 984 2681; x_wconf 76' lang='lat' dir='ltr'>ter</span> <span class='ocrx_word' id='word_1_347' title='bbox 1039 2630 1184 2702; x_wconf 86' lang='lat' dir='ltr'>paucitate</span> <span class='ocrx_word' id='word_1_348' title='bbox 1208 2636 1318 2698; x_wconf 90' lang='lat' dir='ltr'>nostra,</span> <span class='ocrx_word' id='word_1_349' title='bbox 1335 2648 1368 2685; x_wconf 91' lang='lat' dir='ltr'>ac</span> <span class='ocrx_word' id='word_1_350' title='bbox 1388 2630 1538 2686; x_wconf 90' lang='lat' dir='ltr'>debilitata</span> <span class='ocrx_word' id='word_1_351' title='bbox 1551 2630 1631 2703; x_wconf 83' lang='lat' dir='ltr'>vulgi</span> <span class='ocrx_word' id='word_1_352' title='bbox 1655 2636 1683 2688; x_wconf 90' lang='lat' dir='ltr'>et</span> <span class='ocrx_word' id='word_1_353' title='bbox 1699 2643 1859 2705; x_wconf 80' lang='lat' dir='ltr'>equorum.</span> 
     </span>
     <span class='ocr_line' id='line_1_28' title="bbox 161 2715 1861 2800; baseline -0.003 -17"><span class='ocrx_word' id='word_1_354' title='bbox 161 2720 506 2800; x_wconf 78' lang='lat' dir='ltr'>go,tresatronte‚tresin</span> <span class='ocrx_word' id='word_1_355' title='bbox 517 2716 814 2784; x_wconf 73' lang='lat' dir='ltr'>medio,sicordinatae</span> <span class='ocrx_word' id='word_1_356' title='bbox 824 2715 984 2771; x_wconf 91' lang='lat' dir='ltr'>utubicuu-</span> <span class='ocrx_word' id='word_1_357' title='bbox 1038 2721 1176 2777; x_wconf 78' lang='lat' dir='ltr'>Preterea</span> <span class='ocrx_word' id='word_1_358' title='bbox 1189 2737 1311 2776; x_wconf 87' lang='lat' dir='ltr'>numero</span> <span class='ocrx_word' id='word_1_359' title='bbox 1326 2725 1413 2792; x_wconf 82' lang='lat' dir='ltr'>atque</span> <span class='ocrx_word' id='word_1_360' title='bbox 1424 2719 1535 2777; x_wconf 88' lang='lat' dir='ltr'>viribus</span> <span class='ocrx_word' id='word_1_361' title='bbox 1548 2721 1610 2777; x_wconf 89' lang='lat' dir='ltr'>suis</span> <span class='ocrx_word' id='word_1_362' title='bbox 1623 2722 1734 2790; x_wconf 85' lang='lat' dir='ltr'>confisi,</span> <span class='ocrx_word' id='word_1_363' title='bbox 1747 2722 1776 2777; x_wconf 93' lang='lat' dir='ltr'>in</span> <span class='ocrx_word' id='word_1_364' title='bbox 1788 2723 1861 2778; x_wconf 89' lang='lat' dir='ltr'>solis</span> 
     </span>
     <span class='ocr_line' id='line_1_29' title="bbox 161 2804 1861 2889; baseline -0.002 -17"><span class='ocrx_word' id='word_1_365' title='bbox 161 2833 217 2889; x_wconf 91' lang='lat' dir='ltr'>quc</span> <span class='ocrx_word' id='word_1_366' title='bbox 229 2814 339 2871; x_wconf 87' lang='lat' dir='ltr'>bellum</span> <span class='ocrx_word' id='word_1_367' title='bbox 350 2808 589 2883; x_wconf 83' lang='lat' dir='ltr'>seemergeretin</span> <span class='ocrx_word' id='word_1_368' title='bbox 602 2807 696 2862; x_wconf 88' lang='lat' dir='ltr'>tribus</span> <span class='ocrx_word' id='word_1_369' title='bbox 706 2805 859 2862; x_wconf 88' lang='lat' dir='ltr'>ordinibus</span> <span class='ocrx_word' id='word_1_370' title='bbox 872 2804 929 2861; x_wconf 89' lang='lat' dir='ltr'>iltis</span> <span class='ocrx_word' id='word_1_371' title='bbox 939 2823 984 2862; x_wconf 92' lang='lat' dir='ltr'>oc·</span> <span class='ocrx_word' id='word_1_372' title='bbox 1037 2811 1133 2882; x_wconf 90' lang='lat' dir='ltr'>sputis</span> <span class='ocrx_word' id='word_1_373' title='bbox 1149 2828 1202 2867; x_wconf 91' lang='lat' dir='ltr'>nos</span> <span class='ocrx_word' id='word_1_374' title='bbox 1229 2816 1258 2866; x_wconf 90' lang='lat' dir='ltr'>et</span> <span class='ocrx_word' id='word_1_375' title='bbox 1280 2814 1377 2866; x_wconf 87' lang='lat' dir='ltr'>castra</span> <span class='ocrx_word' id='word_1_376' title='bbox 1392 2815 1491 2866; x_wconf 89' lang='lat' dir='ltr'>nostra</span> <span class='ocrx_word' id='word_1_377' title='bbox 1507 2811 1693 2882; x_wconf 88' lang='lat' dir='ltr'>submergere</span> <span class='ocrx_word' id='word_1_378' title='bbox 1717 2828 1749 2867; x_wconf 91' lang='lat' dir='ltr'>se</span> <span class='ocrx_word' id='word_1_379' title='bbox 1773 2828 1861 2884; x_wconf 84' lang='lat' dir='ltr'>posse</span> 
     </span>
     <span class='ocr_line' id='line_1_30' title="bbox 158 2894 1859 2972; baseline -0.005 -12"><span class='ocrx_word' id='word_1_380' title='bbox 158 2908 334 2972; x_wconf 84' lang='lat' dir='ltr'>curreretur,</span> <span class='ocrx_word' id='word_1_381' title='bbox 346 2907 444 2958; x_wconf 89' lang='lat' dir='ltr'>turma</span> <span class='ocrx_word' id='word_1_382' title='bbox 455 2898 551 2955; x_wconf 88' lang='lat' dir='ltr'>media</span> <span class='ocrx_word' id='word_1_383' title='bbox 562 2901 697 2952; x_wconf 87' lang='lat' dir='ltr'>manente</span> <span class='ocrx_word' id='word_1_384' title='bbox 708 2895 821 2951; x_wconf 90' lang='lat' dir='ltr'>cunctis</span> <span class='ocrx_word' id='word_1_385' title='bbox 832 2894 867 2950; x_wconf 91' lang='lat' dir='ltr'>ad</span> <span class='ocrx_word' id='word_1_386' title='bbox 882 2894 981 2966; x_wconf 83' lang='lat' dir='ltr'>praesi·</span> <span class='ocrx_word' id='word_1_387' title='bbox 1036 2902 1202 2957; x_wconf 78' lang='lat' dir='ltr'>eredebant.</span> <span class='ocrx_word' id='word_1_388' title='bbox 1218 2900 1425 2957; x_wconf 77' lang='lat' dir='ltr'>Cantetletorea</span> <span class='ocrx_word' id='word_1_389' title='bbox 1449 2900 1537 2958; x_wconf 80' lang='lat' dir='ltr'>etiam</span> <span class='ocrx_word' id='word_1_390' title='bbox 1562 2917 1661 2956; x_wconf 82' lang='lat' dir='ltr'>eorum</span> <span class='ocrx_word' id='word_1_391' title='bbox 1677 2906 1706 2956; x_wconf 82' lang='lat' dir='ltr'>at</span> <span class='ocrx_word' id='word_1_392' title='bbox 1721 2917 1859 2972; x_wconf 73' lang='lat' dir='ltr'>augures,</span> 
     </span>
     <span class='ocr_line' id='line_1_31' title="bbox 112 2985 1861 3060; baseline -0.005 -11"><span class='ocrx_word' id='word_1_393' title='bbox 112 3036 114 3041; x_wconf 30' lang='lat'><strong>⁴</strong></span> <span class='ocrx_word' id='word_1_394' title='bbox 158 2992 391 3050; x_wconf 88' lang='lat' dir='ltr'>dium.Videntes</span> <span class='ocrx_word' id='word_1_395' title='bbox 400 2995 496 3046; x_wconf 87' lang='lat' dir='ltr'>autem</span> <span class='ocrx_word' id='word_1_396' title='bbox 509 2991 641 3060; x_wconf 88' lang='lat' dir='ltr'>pastores</span> <span class='ocrx_word' id='word_1_397' title='bbox 651 2985 779 3040; x_wconf 88' lang='lat' dir='ltr'>Arabum</span> <span class='ocrx_word' id='word_1_398' title='bbox 789 2990 904 3040; x_wconf 89' lang='lat' dir='ltr'>nostros</span> <span class='ocrx_word' id='word_1_399' title='bbox 913 3001 983 3057; x_wconf 82' lang='lat' dir='ltr'>pru·</span> <span class='ocrx_word' id='word_1_400' title='bbox 1037 2995 1069 3048; x_wconf 81' lang='lat' dir='ltr'>ut</span> <span class='ocrx_word' id='word_1_401' title='bbox 1084 2992 1183 3058; x_wconf 74' lang='lat' dir='ltr'>terrun,</span> <span class='ocrx_word' id='word_1_402' title='bbox 1205 2992 1338 3046; x_wconf 77' lang='lat' dir='ltr'>dixerant</span> <span class='ocrx_word' id='word_1_403' title='bbox 1354 2994 1387 3044; x_wconf 83' lang='lat' dir='ltr'>ut</span> <span class='ocrx_word' id='word_1_404' title='bbox 1408 3006 1471 3045; x_wconf 85' lang='lat' dir='ltr'>non·</span> <span class='ocrx_word' id='word_1_405' title='bbox 1491 2994 1640 3046; x_wconf 81' lang='lat' dir='ltr'>moverant</span> <span class='ocrx_word' id='word_1_406' title='bbox 1661 2989 1781 3046; x_wconf 77' lang='lat' dir='ltr'>castella</span> <span class='ocrx_word' id='word_1_407' title='bbox 1805 3008 1861 3047; x_wconf 76' lang='lat' dir='ltr'>sua</span> 
     </span>
     <span class='ocr_line' id='line_1_32' title="bbox 159 3073 1860 3156; baseline -0.002 -18"><span class='ocrx_word' id='word_1_408' title='bbox 159 3081 265 3140; x_wconf 87' lang='lat' dir='ltr'>missos</span> <span class='ocrx_word' id='word_1_409' title='bbox 276 3081 393 3147; x_wconf 88' lang='lat' dir='ltr'>milites,</span> <span class='ocrx_word' id='word_1_410' title='bbox 402 3076 541 3135; x_wconf 88' lang='lat' dir='ltr'>animalia</span> <span class='ocrx_word' id='word_1_411' title='bbox 552 3077 789 3141; x_wconf 88' lang='lat' dir='ltr'>deseruerunt,et</span> <span class='ocrx_word' id='word_1_412' title='bbox 801 3073 979 3156; x_wconf 63' lang='lat' dir='ltr'>languerunt</span> <span class='ocrx_word' id='word_1_413' title='bbox 1036 3098 1129 3152; x_wconf 82' lang='lat' dir='ltr'>usque</span> <span class='ocrx_word' id='word_1_414' title='bbox 1144 3081 1179 3135; x_wconf 89' lang='lat' dir='ltr'>ad</span> <span class='ocrx_word' id='word_1_415' title='bbox 1200 3080 1357 3152; x_wconf 85' lang='lat' dir='ltr'>septimam</span> <span class='ocrx_word' id='word_1_416' title='bbox 1380 3077 1493 3144; x_wconf 81' lang='lat' dir='ltr'>teriam,</span> <span class='ocrx_word' id='word_1_417' title='bbox 1510 3095 1603 3149; x_wconf 86' lang='lat' dir='ltr'>neque</span> <span class='ocrx_word' id='word_1_418' title='bbox 1628 3083 1792 3151; x_wconf 86' lang='lat' dir='ltr'>pugnarent</span> <span class='ocrx_word' id='word_1_419' title='bbox 1806 3080 1860 3135; x_wconf 88' lang='lat' dir='ltr'>ad·</span> 
     </span>
     <span class='ocr_line' id='line_1_33' title="bbox 157 3139 1861 3244; baseline 0.004 -25"><span class='ocrx_word' id='word_1_420' title='bbox 157 3165 977 3244; x_wconf 56' lang='lat' dir='ltr'>&amp;quomodoadillosutadnosreciperetlleus,pugnam</span> <span class='ocrx_word' id='word_1_421' title='bbox 994 3139 1016 3206; x_wconf 73' lang='lat' dir='ltr'>C</span> <span class='ocrx_word' id='word_1_422' title='bbox 1035 3187 1151 3226; x_wconf 85' lang='lat' dir='ltr'>versum</span> <span class='ocrx_word' id='word_1_423' title='bbox 1170 3186 1232 3225; x_wconf 86' lang='lat' dir='ltr'>nos.</span> <span class='ocrx_word' id='word_1_424' title='bbox 1247 3168 1363 3234; x_wconf 84' lang='lat' dir='ltr'>Quodsi</span> <span class='ocrx_word' id='word_1_425' title='bbox 1377 3166 1523 3223; x_wconf 83' lang='lat' dir='ltr'>maturius</span> <span class='ocrx_word' id='word_1_426' title='bbox 1538 3166 1649 3239; x_wconf 83' lang='lat' dir='ltr'>aliquid</span> <span class='ocrx_word' id='word_1_427' title='bbox 1665 3169 1699 3224; x_wconf 93' lang='lat' dir='ltr'>de</span> <span class='ocrx_word' id='word_1_428' title='bbox 1715 3168 1861 3242; x_wconf 85' lang='lat' dir='ltr'>hisegere</span> 
     </span>
     <span class='ocr_line' id='line_1_34' title="bbox 157 3252 1861 3323; baseline 0 -9"><span class='ocrx_word' id='word_1_429' title='bbox 157 3278 225 3316; x_wconf 88' lang='lat' dir='ltr'>cum</span> <span class='ocrx_word' id='word_1_430' title='bbox 240 3260 378 3316; x_wconf 90' lang='lat' dir='ltr'>omnibus</span> <span class='ocrx_word' id='word_1_431' title='bbox 393 3257 477 3314; x_wconf 87' lang='lat' dir='ltr'>nobis</span> <span class='ocrx_word' id='word_1_432' title='bbox 497 3255 570 3311; x_wconf 80' lang='lat' dir='ltr'>inire</span> <span class='ocrx_word' id='word_1_433' title='bbox 590 3254 770 3310; x_wconf 68' lang='lat' dir='ltr'>debuissent.</span> <span class='ocrx_word' id='word_1_434' title='bbox 787 3254 877 3309; x_wconf 63' lang='lat' dir='ltr'>illuni</span> <span class='ocrx_word' id='word_1_435' title='bbox 892 3252 920 3308; x_wconf 87' lang='lat' dir='ltr'>in</span> <span class='ocrx_word' id='word_1_436' title='bbox 938 3270 981 3308; x_wconf 77' lang='lat' dir='ltr'>ur·</span> <span class='ocrx_word' id='word_1_437' title='bbox 1033 3259 1148 3323; x_wconf 84' lang='lat' dir='ltr'>vellent,</span> <span class='ocrx_word' id='word_1_438' title='bbox 1161 3258 1189 3313; x_wconf 90' lang='lat' dir='ltr'>in</span> <span class='ocrx_word' id='word_1_439' title='bbox 1205 3258 1361 3313; x_wconf 86' lang='lat' dir='ltr'>adversum</span> <span class='ocrx_word' id='word_1_440' title='bbox 1378 3260 1605 3313; x_wconf 84' lang='lat' dir='ltr'>converteretur.</span> <span class='ocrx_word' id='word_1_441' title='bbox 1618 3257 1676 3313; x_wconf 90' lang='lat' dir='ltr'>Nos</span> <span class='ocrx_word' id='word_1_442' title='bbox 1699 3262 1809 3320; x_wconf 86' lang='lat' dir='ltr'>autem,</span> <span class='ocrx_word' id='word_1_443' title='bbox 1826 3261 1861 3314; x_wconf 84' lang='lat' dir='ltr'>ut</span> 
     </span>
     <span class='ocr_line' id='line_1_35' title="bbox 157 3341 1857 3421; baseline -0.001 -15"><span class='ocrx_word' id='word_1_444' title='bbox 157 3350 213 3406; x_wconf 89' lang='lat' dir='ltr'>mis</span> <span class='ocrx_word' id='word_1_445' title='bbox 229 3350 264 3405; x_wconf 87' lang='lat' dir='ltr'>de</span> <span class='ocrx_word' id='word_1_446' title='bbox 280 3347 446 3421; x_wconf 85' lang='lat' dir='ltr'>pastoribus</span> <span class='ocrx_word' id='word_1_447' title='bbox 472 3345 587 3400; x_wconf 81' lang='lat' dir='ltr'>circitor</span> <span class='ocrx_word' id='word_1_448' title='bbox 605 3343 661 3399; x_wconf 89' lang='lat' dir='ltr'>tria</span> <span class='ocrx_word' id='word_1_449' title='bbox 679 3341 832 3409; x_wconf 70' lang='lat' dir='ltr'>milhmin</span> <span class='ocrx_word' id='word_1_450' title='bbox 852 3343 979 3398; x_wconf 87' lang='lat' dir='ltr'>exercitu</span> <span class='ocrx_word' id='word_1_451' title='bbox 1033 3345 1857 3419; x_wconf 69' lang='lat' dir='ltr'>diximuscrdinati,innovemturmisprogradiebaraur.</span> 
     </span>
     <span class='ocr_line' id='line_1_36' title="bbox 154 3431 1859 3509; baseline -0.002 -16"><span class='ocrx_word' id='word_1_452' title='bbox 154 3455 221 3494; x_wconf 89' lang='lat' dir='ltr'>vcro</span> <span class='ocrx_word' id='word_1_453' title='bbox 238 3442 337 3493; x_wconf 90' lang='lat' dir='ltr'>nostro</span> <span class='ocrx_word' id='word_1_454' title='bbox 352 3453 441 3507; x_wconf 89' lang='lat' dir='ltr'>supra</span> <span class='ocrx_word' id='word_1_455' title='bbox 457 3433 535 3488; x_wconf 90' lang='lat' dir='ltr'>mille</span> <span class='ocrx_word' id='word_1_456' title='bbox 552 3433 691 3488; x_wconf 89' lang='lat' dir='ltr'>ducentos</span> <span class='ocrx_word' id='word_1_457' title='bbox 707 3431 874 3488; x_wconf 85' lang='lat' dir='ltr'>dubitanter</span> <span class='ocrx_word' id='word_1_458' title='bbox 888 3434 978 3488; x_wconf 88' lang='lat' dir='ltr'>ascri·</span> <span class='ocrx_word' id='word_1_459' title='bbox 1034 3433 1237 3509; x_wconf 88' lang='lat' dir='ltr'>Multiplicavit</span> <span class='ocrx_word' id='word_1_460' title='bbox 1251 3436 1329 3491; x_wconf 89' lang='lat' dir='ltr'>Deus</span> <span class='ocrx_word' id='word_1_461' title='bbox 1352 3433 1509 3490; x_wconf 86' lang='lat' dir='ltr'>exercitum</span> <span class='ocrx_word' id='word_1_462' title='bbox 1535 3450 1633 3500; x_wconf 80' lang='lat' dir='ltr'>suuni,</span> <span class='ocrx_word' id='word_1_463' title='bbox 1650 3434 1722 3489; x_wconf 89' lang='lat' dir='ltr'>adeo</span> <span class='ocrx_word' id='word_1_464' title='bbox 1736 3437 1769 3488; x_wconf 90' lang='lat' dir='ltr'>ut</span> <span class='ocrx_word' id='word_1_465' title='bbox 1784 3434 1859 3491; x_wconf 82' lang='lat' dir='ltr'>inte·</span> 
     </span>
     <span class='ocr_line' id='line_1_37' title="bbox 154 3519 1856 3595; baseline -0.002 -12"><span class='ocrx_word' id='word_1_466' title='bbox 154 3525 333 3593; x_wconf 81' lang='lat' dir='ltr'>bimus3sed</span> <span class='ocrx_word' id='word_1_467' title='bbox 350 3523 523 3595; x_wconf 88' lang='lat' dir='ltr'>etpeditum</span> <span class='ocrx_word' id='word_1_468' title='bbox 541 3519 760 3576; x_wconf 87' lang='lat' dir='ltr'>multitudinem</span> <span class='ocrx_word' id='word_1_469' title='bbox 784 3519 978 3576; x_wconf 86' lang='lat' dir='ltr'>ultranovem</span> <span class='ocrx_word' id='word_1_470' title='bbox 1033 3527 1123 3582; x_wconf 88' lang='lat' dir='ltr'>riores</span> <span class='ocrx_word' id='word_1_471' title='bbox 1142 3541 1264 3581; x_wconf 88' lang='lat' dir='ltr'>numero</span> <span class='ocrx_word' id='word_1_472' title='bbox 1294 3523 1429 3580; x_wconf 89' lang='lat' dir='ltr'>hostibus</span> <span class='ocrx_word' id='word_1_473' title='bbox 1458 3540 1515 3579; x_wconf 91' lang='lat' dir='ltr'>non</span> <span class='ocrx_word' id='word_1_474' title='bbox 1544 3521 1724 3579; x_wconf 86' lang='lat' dir='ltr'>videbamur.</span> <span class='ocrx_word' id='word_1_475' title='bbox 1741 3523 1856 3579; x_wconf 77' lang='lat' dir='ltr'>Etenim</span> 
     </span>
     <span class='ocr_line' id='line_1_38' title="bbox 153 3608 1856 3689; baseline -0.001 -20"><span class='ocrx_word' id='word_1_476' title='bbox 153 3613 247 3670; x_wconf 89' lang='lat' dir='ltr'>millia</span> <span class='ocrx_word' id='word_1_477' title='bbox 262 3614 420 3686; x_wconf 89' lang='lat' dir='ltr'>producere</span> <span class='ocrx_word' id='word_1_478' title='bbox 431 3628 487 3666; x_wconf 91' lang='lat' dir='ltr'>non</span> <span class='ocrx_word' id='word_1_479' title='bbox 499 3609 652 3664; x_wconf 88' lang='lat' dir='ltr'>audemus.</span> <span class='ocrx_word' id='word_1_480' title='bbox 664 3609 805 3681; x_wconf 81' lang='lat' dir='ltr'>Etiugatis</span> <span class='ocrx_word' id='word_1_481' title='bbox 815 3608 914 3681; x_wconf 87' lang='lat' dir='ltr'>itaque</span> <span class='ocrx_word' id='word_1_482' title='bbox 929 3627 977 3681; x_wconf 88' lang='lat' dir='ltr'>pa·</span> <span class='ocrx_word' id='word_1_483' title='bbox 1032 3617 1245 3689; x_wconf 85' lang='lat' dir='ltr'>conjungerent</span> <span class='ocrx_word' id='word_1_484' title='bbox 1258 3631 1290 3670; x_wconf 90' lang='lat' dir='ltr'>sa</span> <span class='ocrx_word' id='word_1_485' title='bbox 1306 3613 1389 3669; x_wconf 89' lang='lat' dir='ltr'>uobis</span> <span class='ocrx_word' id='word_1_486' title='bbox 1404 3611 1622 3685; x_wconf 81' lang='lat' dir='ltr'>animaliaque</span> <span class='ocrx_word' id='word_1_487' title='bbox 1637 3611 1856 3680; x_wconf 84' lang='lat' dir='ltr'>dimiseramus,</span> 
     </span>
     <span class='ocr_line' id='line_1_39' title="bbox 152 3697 1859 3776; baseline 0 -18"><span class='ocrx_word' id='word_1_488' title='bbox 152 3701 431 3773; x_wconf 88' lang='lat' dir='ltr'>atoribus,cepimus</span> <span class='ocrx_word' id='word_1_489' title='bbox 443 3700 724 3771; x_wconf 79' lang='lat' dir='ltr'>predam,quantam</span> <span class='ocrx_word' id='word_1_490' title='bbox 734 3698 885 3754; x_wconf 88' lang='lat' dir='ltr'>antediem</span> <span class='ocrx_word' id='word_1_491' title='bbox 896 3697 976 3754; x_wconf 90' lang='lat' dir='ltr'>illam</span> <span class='ocrx_word' id='word_1_492' title='bbox 1031 3709 1059 3759; x_wconf 88' lang='lat' dir='ltr'>et</span> <span class='ocrx_word' id='word_1_493' title='bbox 1074 3704 1158 3760; x_wconf 85' lang='lat' dir='ltr'>tactis</span> <span class='ocrx_word' id='word_1_494' title='bbox 1173 3703 1321 3776; x_wconf 85' lang='lat' dir='ltr'>gregibus,</span> <span class='ocrx_word' id='word_1_495' title='bbox 1331 3702 1448 3758; x_wconf 86' lang='lat' dir='ltr'>nemine</span> <span class='ocrx_word' id='word_1_496' title='bbox 1460 3700 1662 3773; x_wconf 87' lang='lat' dir='ltr'>compellente,</span> <span class='ocrx_word' id='word_1_497' title='bbox 1675 3717 1728 3756; x_wconf 89' lang='lat' dir='ltr'>nos</span> <span class='ocrx_word' id='word_1_498' title='bbox 1738 3701 1859 3758; x_wconf 85' lang='lat' dir='ltr'>comita-</span> 
     </span>
     <span class='ocr_line' id='line_1_40' title="bbox 152 3786 1857 3861; baseline -0.002 -15"><span class='ocrx_word' id='word_1_499' title='bbox 152 3808 209 3847; x_wconf 92' lang='lat' dir='ltr'>non</span> <span class='ocrx_word' id='word_1_500' title='bbox 220 3791 395 3853; x_wconf 83' lang='lat' dir='ltr'>vidimus,et</span> <span class='ocrx_word' id='word_1_501' title='bbox 406 3787 497 3861; x_wconf 88' lang='lat' dir='ltr'>aliqui</span> <span class='ocrx_word' id='word_1_502' title='bbox 510 3789 545 3844; x_wconf 92' lang='lat' dir='ltr'>de</span> <span class='ocrx_word' id='word_1_503' title='bbox 560 3786 726 3859; x_wconf 86' lang='lat' dir='ltr'>pastoribus</span> <span class='ocrx_word' id='word_1_504' title='bbox 737 3786 878 3842; x_wconf 88' lang='lat' dir='ltr'>interlecti</span> <span class='ocrx_word' id='word_1_505' title='bbox 896 3792 974 3853; x_wconf 91' lang='lat' dir='ltr'>sunt,</span> <span class='ocrx_word' id='word_1_506' title='bbox 1031 3792 1150 3858; x_wconf 75' lang='lat' dir='ltr'>buntur,</span> <span class='ocrx_word' id='word_1_507' title='bbox 1159 3792 1231 3848; x_wconf 79' lang='lat' dir='ltr'>adeo</span> <span class='ocrx_word' id='word_1_508' title='bbox 1242 3796 1273 3847; x_wconf 89' lang='lat' dir='ltr'>ut</span> <span class='ocrx_word' id='word_1_509' title='bbox 1284 3795 1395 3848; x_wconf 83' lang='lat' dir='ltr'>starent</span> <span class='ocrx_word' id='word_1_510' title='bbox 1404 3807 1472 3847; x_wconf 89' lang='lat' dir='ltr'>cum</span> <span class='ocrx_word' id='word_1_511' title='bbox 1488 3790 1645 3855; x_wconf 86' lang='lat' dir='ltr'>stantibus,</span> <span class='ocrx_word' id='word_1_512' title='bbox 1654 3806 1721 3846; x_wconf 89' lang='lat' dir='ltr'>cum</span> <span class='ocrx_word' id='word_1_513' title='bbox 1736 3806 1857 3846; x_wconf 85' lang='lat' dir='ltr'>curren·</span> 
     </span>
     <span class='ocr_line' id='line_1_41' title="bbox 151 3875 1855 3953; baseline -0.002 -17"><span class='ocrx_word' id='word_1_514' title='bbox 151 3885 180 3936; x_wconf 89' lang='lat' dir='ltr'>et</span> <span class='ocrx_word' id='word_1_515' title='bbox 194 3879 279 3953; x_wconf 88' lang='lat' dir='ltr'>pauci</span> <span class='ocrx_word' id='word_1_516' title='bbox 294 3879 381 3952; x_wconf 90' lang='lat' dir='ltr'>capti.</span> <span class='ocrx_word' id='word_1_517' title='bbox 396 3879 523 3935; x_wconf 79' lang='lat' dir='ltr'>Posthac</span> <span class='ocrx_word' id='word_1_518' title='bbox 535 3881 632 3932; x_wconf 89' lang='lat' dir='ltr'>autem</span> <span class='ocrx_word' id='word_1_519' title='bbox 650 3875 814 3931; x_wconf 90' lang='lat' dir='ltr'>mansimus</span> <span class='ocrx_word' id='word_1_520' title='bbox 828 3875 857 3930; x_wconf 92' lang='lat' dir='ltr'>in</span> <span class='ocrx_word' id='word_1_521' title='bbox 874 3877 975 3932; x_wconf 91' lang='lat' dir='ltr'>eodem</span> <span class='ocrx_word' id='word_1_522' title='bbox 1031 3881 1110 3937; x_wconf 92' lang='lat' dir='ltr'>tibus</span> <span class='ocrx_word' id='word_1_523' title='bbox 1124 3884 1285 3946; x_wconf 87' lang='lat' dir='ltr'>currerent,</span> <span class='ocrx_word' id='word_1_524' title='bbox 1303 3897 1370 3936; x_wconf 88' lang='lat' dir='ltr'>cum</span> <span class='ocrx_word' id='word_1_525' title='bbox 1395 3879 1626 3952; x_wconf 79' lang='lat' dir='ltr'>precedentibus</span> <span class='ocrx_word' id='word_1_526' title='bbox 1650 3878 1855 3951; x_wconf 73' lang='lat' dir='ltr'>precederent</span> 
     </span>
     <span class='ocr_line' id='line_1_42' title="bbox 151 3964 1856 4041; baseline -0.001 -16"><span class='ocrx_word' id='word_1_527' title='bbox 151 3969 301 4041; x_wconf 87' lang='lat' dir='ltr'>loco,quia</span> <span class='ocrx_word' id='word_1_528' title='bbox 310 3971 509 4041; x_wconf 79' lang='lat' dir='ltr'>resperserat.</span> <span class='ocrx_word' id='word_1_529' title='bbox 519 3967 553 4021; x_wconf 79' lang='lat' dir='ltr'>tlt</span> <span class='ocrx_word' id='word_1_530' title='bbox 562 3970 631 4020; x_wconf 92' lang='lat' dir='ltr'>tunc</span> <span class='ocrx_word' id='word_1_531' title='bbox 643 3964 928 4038; x_wconf 84' lang='lat' dir='ltr'>coegimusoaptivos</span> <span class='ocrx_word' id='word_1_532' title='bbox 939 3967 976 4021; x_wconf 88' lang='lat' dir='ltr'>ad</span> <span class='ocrx_word' id='word_1_533' title='bbox 1029 3975 1095 4025; x_wconf 84' lang='lat' dir='ltr'>Haec</span> <span class='ocrx_word' id='word_1_534' title='bbox 1120 3975 1218 4025; x_wconf 88' lang='lat' dir='ltr'>nutem</span> <span class='ocrx_word' id='word_1_535' title='bbox 1240 3970 1436 4041; x_wconf 84' lang='lat' dir='ltr'>pretiosarum</span> <span class='ocrx_word' id='word_1_536' title='bbox 1461 3967 1675 4024; x_wconf 86' lang='lat' dir='ltr'>inaestimabilis</span> <span class='ocrx_word' id='word_1_537' title='bbox 1698 3967 1856 4025; x_wconf 85' lang='lat' dir='ltr'>multitudo</span> 
     </span>
     <span class='ocr_line' id='line_1_43' title="bbox 152 4053 1855 4129; baseline -0.001 -15"><span class='ocrx_word' id='word_1_538' title='bbox 152 4059 349 4114; x_wconf 83' lang='lat' dir='ltr'>confitendum</span> <span class='ocrx_word' id='word_1_539' title='bbox 374 4057 502 4112; x_wconf 88' lang='lat' dir='ltr'>bostium</span> <span class='ocrx_word' id='word_1_540' title='bbox 517 4054 695 4110; x_wconf 79' lang='lat' dir='ltr'>voluntatem</span> <span class='ocrx_word' id='word_1_541' title='bbox 712 4057 740 4109; x_wconf 87' lang='lat' dir='ltr'>et</span> <span class='ocrx_word' id='word_1_542' title='bbox 760 4053 973 4123; x_wconf 85' lang='lat' dir='ltr'>habitudinem,</span> <span class='ocrx_word' id='word_1_543' title='bbox 1029 4063 1101 4115; x_wconf 87' lang='lat' dir='ltr'>erat.</span> <span class='ocrx_word' id='word_1_544' title='bbox 1114 4061 1268 4114; x_wconf 79' lang='lat' dir='ltr'>Armorum</span> <span class='ocrx_word' id='word_1_545' title='bbox 1283 4063 1380 4113; x_wconf 89' lang='lat' dir='ltr'>autem</span> <span class='ocrx_word' id='word_1_546' title='bbox 1393 4063 1480 4129; x_wconf 89' lang='lat' dir='ltr'>atque</span> <span class='ocrx_word' id='word_1_547' title='bbox 1496 4055 1678 4129; x_wconf 90' lang='lat' dir='ltr'>papilionum</span> <span class='ocrx_word' id='word_1_548' title='bbox 1695 4072 1855 4124; x_wconf 90' lang='lat' dir='ltr'>summam,</span> 
     </span>
     <span class='ocr_line' id='line_1_44' title="bbox 152 4141 1855 4220; baseline -0.002 -17"><span class='ocrx_word' id='word_1_549' title='bbox 152 4153 181 4203; x_wconf 91' lang='lat' dir='ltr'>et</span> <span class='ocrx_word' id='word_1_550' title='bbox 197 4162 363 4202; x_wconf 89' lang='lat' dir='ltr'>numerum.</span> <span class='ocrx_word' id='word_1_551' title='bbox 380 4144 509 4201; x_wconf 81' lang='lat' dir='ltr'>Confessi</span> <span class='ocrx_word' id='word_1_552' title='bbox 534 4146 604 4200; x_wconf 88' lang='lat' dir='ltr'>sunt</span> <span class='ocrx_word' id='word_1_553' title='bbox 626 4142 725 4215; x_wconf 89' lang='lat' dir='ltr'>itaque</span> <span class='ocrx_word' id='word_1_554' title='bbox 739 4141 816 4214; x_wconf 88' lang='lat' dir='ltr'>quod</span> <span class='ocrx_word' id='word_1_555' title='bbox 841 4141 975 4199; x_wconf 90' lang='lat' dir='ltr'>voluntas</span> <span class='ocrx_word' id='word_1_556' title='bbox 1029 4147 1095 4220; x_wconf 89' lang='lat' dir='ltr'>quis</span> <span class='ocrx_word' id='word_1_557' title='bbox 1110 4146 1297 4203; x_wconf 87' lang='lat' dir='ltr'>dinumerare</span> <span class='ocrx_word' id='word_1_558' title='bbox 1317 4145 1465 4202; x_wconf 80' lang='lat' dir='ltr'>sufficiat?</span> <span class='ocrx_word' id='word_1_559' title='bbox 1480 4144 1619 4200; x_wconf 89' lang='lat' dir='ltr'>Videntas</span> <span class='ocrx_word' id='word_1_560' title='bbox 1641 4144 1733 4217; x_wconf 87' lang='lat' dir='ltr'>igitur</span> <span class='ocrx_word' id='word_1_561' title='bbox 1755 4145 1855 4201; x_wconf 85' lang='lat' dir='ltr'>hostes</span> 
     </span>
     <span class='ocr_line' id='line_1_45' title="bbox 151 4229 1855 4304; baseline -0.001 -13"><span class='ocrx_word' id='word_1_562' title='bbox 151 4252 252 4291; x_wconf 91' lang='lat' dir='ltr'>eorum</span> <span class='ocrx_word' id='word_1_563' title='bbox 268 4238 330 4291; x_wconf 88' lang='lat' dir='ltr'>erat</span> <span class='ocrx_word' id='word_1_564' title='bbox 344 4233 477 4290; x_wconf 88' lang='lat' dir='ltr'>obsidere</span> <span class='ocrx_word' id='word_1_565' title='bbox 498 4229 671 4298; x_wconf 87' lang='lat' dir='ltr'>Jerusalem,</span> <span class='ocrx_word' id='word_1_566' title='bbox 688 4235 716 4286; x_wconf 86' lang='lat' dir='ltr'>ct</span> <span class='ocrx_word' id='word_1_567' title='bbox 730 4247 896 4304; x_wconf 81' lang='lat' dir='ltr'>expugnare</span> <span class='ocrx_word' id='word_1_568' title='bbox 911 4249 973 4287; x_wconf 93' lang='lat' dir='ltr'>om·</span> <span class='ocrx_word' id='word_1_569' title='bbox 1030 4236 1171 4304; x_wconf 88' lang='lat' dir='ltr'>nostri,et</span> <span class='ocrx_word' id='word_1_570' title='bbox 1187 4251 1308 4291; x_wconf 90' lang='lat' dir='ltr'>suorum</span> <span class='ocrx_word' id='word_1_571' title='bbox 1322 4251 1426 4290; x_wconf 74' lang='lat' dir='ltr'>caesam</span> <span class='ocrx_word' id='word_1_572' title='bbox 1447 4232 1676 4297; x_wconf 85' lang='lat' dir='ltr'>multitudinem,</span> <span class='ocrx_word' id='word_1_573' title='bbox 1692 4237 1722 4289; x_wconf 91' lang='lat' dir='ltr'>et</span> <span class='ocrx_word' id='word_1_574' title='bbox 1737 4239 1855 4290; x_wconf 87' lang='lat' dir='ltr'>nostros</span> 
     </span>
     <span class='ocr_line' id='line_1_46' title="bbox 152 4320 1855 4395; baseline 0.001 -17"><span class='ocrx_word' id='word_1_575' title='bbox 152 4340 203 4380; x_wconf 90' lang='lat' dir='ltr'>nes</span> <span class='ocrx_word' id='word_1_576' title='bbox 219 4325 356 4390; x_wconf 85' lang='lat' dir='ltr'>Francos,</span> <span class='ocrx_word' id='word_1_577' title='bbox 367 4327 396 4378; x_wconf 91' lang='lat' dir='ltr'>et</span> <span class='ocrx_word' id='word_1_578' title='bbox 416 4322 578 4377; x_wconf 82' lang='lat' dir='ltr'>interficere</span> <span class='ocrx_word' id='word_1_579' title='bbox 594 4326 623 4375; x_wconf 88' lang='lat' dir='ltr'>et</span> <span class='ocrx_word' id='word_1_580' title='bbox 643 4321 801 4391; x_wconf 88' lang='lat' dir='ltr'>captivare;</span> <span class='ocrx_word' id='word_1_581' title='bbox 818 4325 846 4376; x_wconf 89' lang='lat' dir='ltr'>et</span> <span class='ocrx_word' id='word_1_582' title='bbox 861 4321 974 4378; x_wconf 90' lang='lat' dir='ltr'>addunt</span> <span class='ocrx_word' id='word_1_583' title='bbox 1027 4324 1058 4379; x_wconf 92' lang='lat' dir='ltr'>in</span> <span class='ocrx_word' id='word_1_584' title='bbox 1074 4324 1178 4380; x_wconf 89' lang='lat' dir='ltr'>castris</span> <span class='ocrx_word' id='word_1_585' title='bbox 1202 4323 1264 4380; x_wconf 89' lang='lat' dir='ltr'>suis</span> <span class='ocrx_word' id='word_1_586' title='bbox 1288 4328 1316 4379; x_wconf 87' lang='lat' dir='ltr'>et</span> <span class='ocrx_word' id='word_1_587' title='bbox 1340 4340 1391 4395; x_wconf 89' lang='lat' dir='ltr'>pro</span> <span class='ocrx_word' id='word_1_588' title='bbox 1404 4320 1526 4378; x_wconf 87' lang='lat' dir='ltr'>victoria</span> <span class='ocrx_word' id='word_1_589' title='bbox 1540 4327 1569 4377; x_wconf 90' lang='lat' dir='ltr'>at</span> <span class='ocrx_word' id='word_1_590' title='bbox 1583 4320 1685 4393; x_wconf 88' lang='lat' dir='ltr'>spoliis</span> <span class='ocrx_word' id='word_1_591' title='bbox 1709 4337 1811 4378; x_wconf 86' lang='lat' dir='ltr'>secure</span> <span class='ocrx_word' id='word_1_592' title='bbox 1824 4328 1855 4379; x_wconf 91' lang='lat' dir='ltr'>et</span> 
     </span>
     <span class='ocr_line' id='line_1_47' title="bbox 151 4409 1853 4485; baseline 0 -18"><span class='ocrx_word' id='word_1_593' title='bbox 151 4413 228 4485; x_wconf 90' lang='lat' dir='ltr'>quod</span> <span class='ocrx_word' id='word_1_594' title='bbox 243 4411 408 4468; x_wconf 88' lang='lat' dir='ltr'>Admirnvis</span> <span class='ocrx_word' id='word_1_595' title='bbox 427 4411 467 4465; x_wconf 90' lang='lat' dir='ltr'>ibi</span> <span class='ocrx_word' id='word_1_596' title='bbox 490 4427 579 4482; x_wconf 89' lang='lat' dir='ltr'>prope</span> <span class='ocrx_word' id='word_1_597' title='bbox 603 4409 733 4482; x_wconf 87' lang='lat' dir='ltr'>quinque</span> <span class='ocrx_word' id='word_1_598' title='bbox 757 4409 851 4482; x_wconf 87' lang='lat' dir='ltr'>leugis</span> <span class='ocrx_word' id='word_1_599' title='bbox 866 4417 927 4466; x_wconf 88' lang='lat' dir='ltr'>erat</span> <span class='ocrx_word' id='word_1_600' title='bbox 943 4411 971 4466; x_wconf 86' lang='lat' dir='ltr'>in</span> <span class='ocrx_word' id='word_1_601' title='bbox 1027 4412 1162 4469; x_wconf 88' lang='lat' dir='ltr'>alacriter</span> <span class='ocrx_word' id='word_1_602' title='bbox 1175 4429 1271 4485; x_wconf 88' lang='lat' dir='ltr'>agere,</span> <span class='ocrx_word' id='word_1_603' title='bbox 1284 4411 1389 4468; x_wconf 89' lang='lat' dir='ltr'>reversi</span> <span class='ocrx_word' id='word_1_604' title='bbox 1406 4412 1442 4467; x_wconf 91' lang='lat' dir='ltr'>ad</span> <span class='ocrx_word' id='word_1_605' title='bbox 1458 4428 1490 4467; x_wconf 87' lang='lat' dir='ltr'>ae</span> <span class='ocrx_word' id='word_1_606' title='bbox 1504 4411 1658 4466; x_wconf 82' lang='lat' dir='ltr'>dixerunt:</span> <span class='ocrx_word' id='word_1_607' title='bbox 1674 4410 1769 4466; x_wconf 82' lang='lat' dir='ltr'>Solum</span> <span class='ocrx_word' id='word_1_608' title='bbox 1781 4428 1853 4482; x_wconf 77' lang='lat' dir='ltr'>prue-</span> 
     </span>
     <span class='ocr_line' id='line_1_48' title="bbox 149 4498 1853 4574; baseline -0.001 -17"><span class='ocrx_word' id='word_1_609' title='bbox 149 4501 264 4564; x_wconf 87' lang='lat' dir='ltr'>castris‚</span> <span class='ocrx_word' id='word_1_610' title='bbox 276 4500 416 4574; x_wconf 87' lang='lat' dir='ltr'>postridie</span> <span class='ocrx_word' id='word_1_611' title='bbox 433 4500 615 4571; x_wconf 87' lang='lat' dir='ltr'>protecturus</span> <span class='ocrx_word' id='word_1_612' title='bbox 627 4498 780 4553; x_wconf 78' lang='lat' dir='ltr'>adversum</span> <span class='ocrx_word' id='word_1_613' title='bbox 792 4515 853 4554; x_wconf 89' lang='lat' dir='ltr'>nos.</span> <span class='ocrx_word' id='word_1_614' title='bbox 872 4503 911 4554; x_wconf 87' lang='lat' dir='ltr'>lle</span> <span class='ocrx_word' id='word_1_615' title='bbox 922 4518 973 4555; x_wconf 88' lang='lat' dir='ltr'>nu·</span> <span class='ocrx_word' id='word_1_616' title='bbox 991 4503 1130 4569; x_wconf 72' lang='lat' dir='ltr'>fisidiam</span> <span class='ocrx_word' id='word_1_617' title='bbox 1143 4505 1213 4574; x_wconf 80' lang='lat' dir='ltr'>supe</span> <span class='ocrx_word' id='word_1_618' title='bbox 1227 4509 1275 4572; x_wconf 79' lang='lat' dir='ltr'>est,</span> <span class='ocrx_word' id='word_1_619' title='bbox 1291 4509 1316 4556; x_wconf 86' lang='lat' dir='ltr'>ct</span> <span class='ocrx_word' id='word_1_620' title='bbox 1331 4501 1397 4573; x_wconf 84' lang='lat' dir='ltr'>quid</span> <span class='ocrx_word' id='word_1_621' title='bbox 1420 4503 1585 4556; x_wconf 83' lang='lat' dir='ltr'>moramur?</span> <span class='ocrx_word' id='word_1_622' title='bbox 1597 4501 1632 4555; x_wconf 83' lang='lat' dir='ltr'>Si</span> <span class='ocrx_word' id='word_1_623' title='bbox 1650 4499 1730 4555; x_wconf 74' lang='lat' dir='ltr'>laodic</span> <span class='ocrx_word' id='word_1_624' title='bbox 1752 4498 1853 4572; x_wconf 68' lang='lat' dir='ltr'>defati-</span> 
     </span>
     <span class='ocr_line' id='line_1_49' title="bbox 150 4585 1853 4662; baseline -0.001 -17"><span class='ocrx_word' id='word_1_625' title='bbox 150 4607 229 4646; x_wconf 90' lang='lat' dir='ltr'>mcro</span> <span class='ocrx_word' id='word_1_626' title='bbox 245 4595 342 4645; x_wconf 65' lang='lat' dir='ltr'>aarum</span> <span class='ocrx_word' id='word_1_627' title='bbox 357 4589 404 4643; x_wconf 82' lang='lat' dir='ltr'>vix</span> <span class='ocrx_word' id='word_1_628' title='bbox 426 4588 533 4660; x_wconf 85' lang='lat' dir='ltr'>aliquis</span> <span class='ocrx_word' id='word_1_629' title='bbox 549 4592 646 4643; x_wconf 89' lang='lat' dir='ltr'>ccrtns</span> <span class='ocrx_word' id='word_1_630' title='bbox 661 4592 733 4652; x_wconf 88' lang='lat' dir='ltr'>erat,</span> <span class='ocrx_word' id='word_1_631' title='bbox 749 4585 818 4658; x_wconf 88' lang='lat' dir='ltr'>quia</span> <span class='ocrx_word' id='word_1_632' title='bbox 841 4590 972 4659; x_wconf 90' lang='lat' dir='ltr'>quotidie</span> <span class='ocrx_word' id='word_1_633' title='bbox 1026 4593 1084 4662; x_wconf 77' lang='lat' dir='ltr'>puli</span> <span class='ocrx_word' id='word_1_634' title='bbox 1095 4608 1129 4647; x_wconf 83' lang='lat' dir='ltr'>ee</span> <span class='ocrx_word' id='word_1_635' title='bbox 1144 4593 1251 4657; x_wconf 81' lang='lat' dir='ltr'>itinere,</span> <span class='ocrx_word' id='word_1_636' title='bbox 1266 4591 1441 4661; x_wconf 65' lang='lat' dir='ltr'>senectuti</span> <span class='ocrx_word' id='word_1_637' title='bbox 1459 4605 1528 4661; x_wconf 83' lang='lat' dir='ltr'>pene</span> <span class='ocrx_word' id='word_1_638' title='bbox 1549 4590 1730 4654; x_wconf 74' lang='lat' dir='ltr'>eemdnortui,</span> <span class='ocrx_word' id='word_1_639' title='bbox 1745 4603 1853 4644; x_wconf 68' lang='lat' dir='ltr'>mamm</span> 
     </span>
     <span class='ocr_line' id='line_1_50' title="bbox 149 4674 1853 4749; baseline 0 -16"><span class='ocrx_word' id='word_1_640' title='bbox 149 4677 429 4749; x_wconf 88' lang='lat' dir='ltr'>multiplicabantur.</span> <span class='ocrx_word' id='word_1_641' title='bbox 441 4676 480 4731; x_wconf 89' lang='lat' dir='ltr'>De</span> <span class='ocrx_word' id='word_1_642' title='bbox 496 4692 526 4731; x_wconf 89' lang='lat' dir='ltr'>se</span> <span class='ocrx_word' id='word_1_643' title='bbox 535 4691 602 4730; x_wconf 88' lang='lat' dir='ltr'>vero</span> <span class='ocrx_word' id='word_1_644' title='bbox 617 4679 646 4730; x_wconf 85' lang='lat' dir='ltr'>et</span> <span class='ocrx_word' id='word_1_645' title='bbox 657 4674 691 4728; x_wconf 88' lang='lat' dir='ltr'>de</span> <span class='ocrx_word' id='word_1_646' title='bbox 702 4674 789 4730; x_wconf 88' lang='lat' dir='ltr'>sociis</span> <span class='ocrx_word' id='word_1_647' title='bbox 799 4675 848 4746; x_wconf 88' lang='lat' dir='ltr'>qui</span> <span class='ocrx_word' id='word_1_648' title='bbox 859 4682 966 4744; x_wconf 86' lang='lat' dir='ltr'>essent,</span> <span class='ocrx_word' id='word_1_649' title='bbox 1022 4690 1144 4736; x_wconf 82' lang='lat' dir='ltr'>nostrum</span> <span class='ocrx_word' id='word_1_650' title='bbox 1157 4678 1362 4734; x_wconf 81' lang='lat' dir='ltr'>oaaaltilodiaem</span> <span class='ocrx_word' id='word_1_651' title='bbox 1381 4694 1435 4733; x_wconf 86' lang='lat' dir='ltr'>uno</span> <span class='ocrx_word' id='word_1_652' title='bbox 1451 4680 1553 4749; x_wconf 81' lang='lat' dir='ltr'>impetu</span> <span class='ocrx_word' id='word_1_653' title='bbox 1560 4683 1773 4749; x_wconf 67' lang='lat' dir='ltr'>probaverunt,</span> <span class='ocrx_word' id='word_1_654' title='bbox 1785 4677 1853 4749; x_wconf 79' lang='lat' dir='ltr'>qaid</span> 
     </span>
     <span class='ocr_line' id='line_1_51' title="bbox 147 4764 1852 4841; baseline 0.001 -19"><span class='ocrx_word' id='word_1_655' title='bbox 147 4765 329 4839; x_wconf 89' lang='lat' dir='ltr'>interrogati,</span> <span class='ocrx_word' id='word_1_656' title='bbox 346 4765 481 4821; x_wconf 82' lang='lat' dir='ltr'>dixerunt</span> <span class='ocrx_word' id='word_1_657' title='bbox 497 4764 574 4836; x_wconf 91' lang='lat' dir='ltr'>quod</span> <span class='ocrx_word' id='word_1_658' title='bbox 597 4766 727 4836; x_wconf 88' lang='lat' dir='ltr'>pastores</span> <span class='ocrx_word' id='word_1_659' title='bbox 742 4768 841 4818; x_wconf 87' lang='lat' dir='ltr'>essent</span> <span class='ocrx_word' id='word_1_660' title='bbox 855 4765 971 4821; x_wconf 88' lang='lat' dir='ltr'>anima·</span> <span class='ocrx_word' id='word_1_661' title='bbox 1025 4770 1167 4841; x_wconf 83' lang='lat' dir='ltr'>repausati</span> <span class='ocrx_word' id='word_1_662' title='bbox 1190 4776 1216 4824; x_wconf 87' lang='lat' dir='ltr'>et</span> <span class='ocrx_word' id='word_1_663' title='bbox 1235 4768 1378 4839; x_wconf 60' lang='lat' dir='ltr'>resectiet</span> <span class='ocrx_word' id='word_1_664' title='bbox 1404 4768 1517 4822; x_wconf 82' lang='lat' dir='ltr'>uictores</span> <span class='ocrx_word' id='word_1_665' title='bbox 1546 4773 1640 4821; x_wconf 86' lang='lat' dir='ltr'>contro</span> <span class='ocrx_word' id='word_1_666' title='bbox 1667 4768 1852 4824; x_wconf 79' lang='lat' dir='ltr'>aemineocset</span> 
     </span>
     <span class='ocr_line' id='line_1_52' title="bbox 145 4851 1852 4928; baseline 0 -17"><span class='ocrx_word' id='word_1_667' title='bbox 145 4854 231 4921; x_wconf 92' lang='lat' dir='ltr'>lium,</span> <span class='ocrx_word' id='word_1_668' title='bbox 242 4872 306 4927; x_wconf 73' lang='lat' dir='ltr'>quae</span> <span class='ocrx_word' id='word_1_669' title='bbox 322 4853 476 4910; x_wconf 82' lang='lat' dir='ltr'>dividenda</span> <span class='ocrx_word' id='word_1_670' title='bbox 500 4857 582 4909; x_wconf 88' lang='lat' dir='ltr'>erant</span> <span class='ocrx_word' id='word_1_671' title='bbox 602 4852 630 4906; x_wconf 91' lang='lat' dir='ltr'>in</span> <span class='ocrx_word' id='word_1_672' title='bbox 647 4851 802 4923; x_wconf 87' lang='lat' dir='ltr'>stipendiis</span> <span class='ocrx_word' id='word_1_673' title='bbox 817 4869 867 4924; x_wconf 91' lang='lat' dir='ltr'>per</span> <span class='ocrx_word' id='word_1_674' title='bbox 890 4871 970 4910; x_wconf 81' lang='lat' dir='ltr'>exer·</span> <span class='ocrx_word' id='word_1_675' title='bbox 1026 4860 1184 4914; x_wconf 82' lang='lat' dir='ltr'>irnmicutos</span> <span class='ocrx_word' id='word_1_676' title='bbox 1198 4865 1278 4928; x_wconf 81' lang='lat' dir='ltr'>utque</span> <span class='ocrx_word' id='word_1_677' title='bbox 1290 4854 1403 4928; x_wconf 82' lang='lat' dir='ltr'>pauidos</span> <span class='ocrx_word' id='word_1_678' title='bbox 1417 4855 1537 4926; x_wconf 69' lang='lat' dir='ltr'>socient?</span> <span class='ocrx_word' id='word_1_679' title='bbox 1549 4855 1648 4926; x_wconf 85' lang='lat' dir='ltr'>itaque</span> <span class='ocrx_word' id='word_1_680' title='bbox 1663 4854 1773 4921; x_wconf 84' lang='lat' dir='ltr'>hostes,</span> <span class='ocrx_word' id='word_1_681' title='bbox 1783 4872 1852 4911; x_wconf 90' lang='lat' dir='ltr'>con-</span> 
     </span>
     <span class='ocr_line' id='line_1_53' title="bbox 145 4940 1848 5016; baseline 0.001 -17"><span class='ocrx_word' id='word_1_682' title='bbox 145 4944 236 4999; x_wconf 89' lang='lat' dir='ltr'>citum</span> <span class='ocrx_word' id='word_1_683' title='bbox 249 4942 483 5016; x_wconf 73' lang='lat' dir='ltr'>babyloniorum.</span> <span class='ocrx_word' id='word_1_684' title='bbox 495 4942 571 4998; x_wconf 85' lang='lat' dir='ltr'>Certi</span> <span class='ocrx_word' id='word_1_685' title='bbox 589 4941 686 5013; x_wconf 89' lang='lat' dir='ltr'>itaque</span> <span class='ocrx_word' id='word_1_686' title='bbox 697 4940 788 4996; x_wconf 90' lang='lat' dir='ltr'>nostri</span> <span class='ocrx_word' id='word_1_687' title='bbox 800 4942 836 4996; x_wconf 92' lang='lat' dir='ltr'>de</span> <span class='ocrx_word' id='word_1_688' title='bbox 850 4941 926 4998; x_wconf 88' lang='lat' dir='ltr'>bello</span> <span class='ocrx_word' id='word_1_689' title='bbox 941 4947 970 5000; x_wconf 87' lang='lat' dir='ltr'>et</span> <span class='ocrx_word' id='word_1_690' title='bbox 1024 4945 1149 5002; x_wconf 89' lang='lat' dir='ltr'>turbatis</span> <span class='ocrx_word' id='word_1_691' title='bbox 1164 4944 1271 5000; x_wconf 88' lang='lat' dir='ltr'>animis</span> <span class='ocrx_word' id='word_1_692' title='bbox 1287 4943 1393 5000; x_wconf 83' lang='lat' dir='ltr'>reversi</span> <span class='ocrx_word' id='word_1_693' title='bbox 1415 4948 1485 4999; x_wconf 87' lang='lat' dir='ltr'>sunt</span> <span class='ocrx_word' id='word_1_694' title='bbox 1497 4941 1650 5010; x_wconf 77' lang='lat' dir='ltr'>Ascalone,</span> <span class='ocrx_word' id='word_1_695' title='bbox 1665 4959 1728 5013; x_wconf 82' lang='lat' dir='ltr'>qua</span> <span class='ocrx_word' id='word_1_696' title='bbox 1743 4943 1848 5000; x_wconf 89' lang='lat' dir='ltr'>millia·</span> 
     </span>
     <span class='ocr_line' id='line_1_54' title="bbox 145 5031 1849 5101; baseline 0.002 -14"><span class='ocrx_word' id='word_1_697' title='bbox 145 5031 267 5096; x_wconf 87' lang='lat' dir='ltr'>alacres,</span> <span class='ocrx_word' id='word_1_698' title='bbox 279 5033 365 5087; x_wconf 90' lang='lat' dir='ltr'>sociis</span> <span class='ocrx_word' id='word_1_699' title='bbox 381 5031 443 5086; x_wconf 84' lang='lat' dir='ltr'>auis</span> <span class='ocrx_word' id='word_1_700' title='bbox 464 5047 604 5086; x_wconf 84' lang='lat' dir='ltr'>noxarum</span> <span class='ocrx_word' id='word_1_701' title='bbox 620 5046 724 5086; x_wconf 91' lang='lat' dir='ltr'>causas</span> <span class='ocrx_word' id='word_1_702' title='bbox 751 5033 840 5101; x_wconf 83' lang='lat' dir='ltr'>atque,</span> <span class='ocrx_word' id='word_1_703' title='bbox 853 5035 969 5087; x_wconf 91' lang='lat' dir='ltr'>contro·</span> <span class='ocrx_word' id='word_1_704' title='bbox 1024 5035 1100 5089; x_wconf 92' lang='lat' dir='ltr'>rium</span> <span class='ocrx_word' id='word_1_705' title='bbox 1116 5051 1133 5089; x_wconf 90' lang='lat' dir='ltr'>a</span> <span class='ocrx_word' id='word_1_706' title='bbox 1148 5032 1253 5089; x_wconf 90' lang='lat' dir='ltr'>castris</span> <span class='ocrx_word' id='word_1_707' title='bbox 1263 5031 1492 5097; x_wconf 87' lang='lat' dir='ltr'>nostrisaberat,</span> <span class='ocrx_word' id='word_1_708' title='bbox 1505 5031 1555 5087; x_wconf 86' lang='lat' dir='ltr'>sed</span> <span class='ocrx_word' id='word_1_709' title='bbox 1571 5048 1629 5088; x_wconf 83' lang='lat' dir='ltr'>aaa</span> <span class='ocrx_word' id='word_1_710' title='bbox 1639 5047 1753 5099; x_wconf 88' lang='lat' dir='ltr'>omnes,</span> <span class='ocrx_word' id='word_1_711' title='bbox 1766 5033 1849 5090; x_wconf 78' lang='lat' dir='ltr'>Tunc</span> 
     </span>
     <span class='ocr_line' id='line_1_55' title="bbox 143 5117 1847 5195; baseline 0.002 -21"><span class='ocrx_word' id='word_1_712' title='bbox 143 5120 243 5176; x_wconf 85' lang='lat' dir='ltr'>versiae</span> <span class='ocrx_word' id='word_1_713' title='bbox 270 5120 465 5176; x_wconf 88' lang='lat' dir='ltr'>remittebant.</span> <span class='ocrx_word' id='word_1_714' title='bbox 483 5119 611 5174; x_wconf 82' lang='lat' dir='ltr'>Posthac</span> <span class='ocrx_word' id='word_1_715' title='bbox 627 5117 751 5174; x_wconf 79' lang='lat' dir='ltr'>corrt&#39;essi</span> <span class='ocrx_word' id='word_1_716' title='bbox 771 5118 807 5174; x_wconf 93' lang='lat' dir='ltr'>de</span> <span class='ocrx_word' id='word_1_717' title='bbox 830 5120 966 5191; x_wconf 89' lang='lat' dir='ltr'>peccatis,</span> <span class='ocrx_word' id='word_1_718' title='bbox 1023 5121 1133 5195; x_wconf 89' lang='lat' dir='ltr'>placuit</span> <span class='ocrx_word' id='word_1_719' title='bbox 1147 5122 1247 5179; x_wconf 88' lang='lat' dir='ltr'>comiti</span> <span class='ocrx_word' id='word_1_720' title='bbox 1263 5120 1438 5187; x_wconf 87' lang='lat' dir='ltr'>Raimundo,</span> <span class='ocrx_word' id='word_1_721' title='bbox 1451 5124 1483 5176; x_wconf 91' lang='lat' dir='ltr'>ut</span> <span class='ocrx_word' id='word_1_722' title='bbox 1497 5120 1627 5177; x_wconf 88' lang='lat' dir='ltr'>mitteret</span> <span class='ocrx_word' id='word_1_723' title='bbox 1641 5121 1847 5178; x_wconf 87' lang='lat' dir='ltr'>Boamuudum</span> 
     </span>
     <span class='ocr_line' id='line_1_56' title="bbox 144 5207 1847 5283; baseline 0.001 -19"><span class='ocrx_word' id='word_1_724' title='bbox 144 5213 173 5264; x_wconf 88' lang='lat' dir='ltr'>et</span> <span class='ocrx_word' id='word_1_725' title='bbox 188 5208 223 5265; x_wconf 89' lang='lat' dir='ltr'>de</span> <span class='ocrx_word' id='word_1_726' title='bbox 239 5208 423 5282; x_wconf 85' lang='lat' dir='ltr'>negligentiis</span> <span class='ocrx_word' id='word_1_727' title='bbox 443 5207 516 5273; x_wconf 90' lang='lat' dir='ltr'>suis,</span> <span class='ocrx_word' id='word_1_728' title='bbox 533 5208 604 5262; x_wconf 89' lang='lat' dir='ltr'>adeo</span> <span class='ocrx_word' id='word_1_729' title='bbox 624 5207 710 5263; x_wconf 86' lang='lat' dir='ltr'>erecti</span> <span class='ocrx_word' id='word_1_730' title='bbox 727 5212 797 5262; x_wconf 90' lang='lat' dir='ltr'>sunt</span> <span class='ocrx_word' id='word_1_731' title='bbox 811 5207 918 5264; x_wconf 89' lang='lat' dir='ltr'>animis</span> <span class='ocrx_word' id='word_1_732' title='bbox 933 5214 967 5265; x_wconf 88' lang='lat' dir='ltr'>ut</span> <span class='ocrx_word' id='word_1_733' title='bbox 1022 5212 1190 5283; x_wconf 87' lang='lat' dir='ltr'>quemdam,</span> <span class='ocrx_word' id='word_1_734' title='bbox 1207 5213 1335 5267; x_wconf 81' lang='lat' dir='ltr'>Turnum</span> <span class='ocrx_word' id='word_1_735' title='bbox 1357 5225 1471 5282; x_wconf 87' lang='lat' dir='ltr'>gauere.</span> <span class='ocrx_word' id='word_1_736' title='bbox 1488 5209 1523 5264; x_wconf 90' lang='lat' dir='ltr'>ad</span> <span class='ocrx_word' id='word_1_737' title='bbox 1539 5208 1847 5276; x_wconf 61' lang='lat' dir='ltr'>contaminatienis</span> 
     </span>
     <span class='ocr_line' id='line_1_57' title="bbox 141 5295 1848 5370; baseline 0.002 -19"><span class='ocrx_word' id='word_1_738' title='bbox 141 5297 188 5351; x_wconf 85' lang='lat' dir='ltr'>vix</span> <span class='ocrx_word' id='word_1_739' title='bbox 204 5297 356 5353; x_wconf 88' lang='lat' dir='ltr'>credibiles</span> <span class='ocrx_word' id='word_1_740' title='bbox 371 5296 413 5351; x_wconf 89' lang='lat' dir='ltr'>eis</span> <span class='ocrx_word' id='word_1_741' title='bbox 429 5296 510 5350; x_wconf 86' lang='lat' dir='ltr'>fieret</span> <span class='ocrx_word' id='word_1_742' title='bbox 525 5295 623 5351; x_wconf 89' lang='lat' dir='ltr'>hostes</span> <span class='ocrx_word' id='word_1_743' title='bbox 639 5296 674 5350; x_wconf 92' lang='lat' dir='ltr'>ad</span> <span class='ocrx_word' id='word_1_744' title='bbox 690 5312 819 5368; x_wconf 87' lang='lat' dir='ltr'>pugnam</span> <span class='ocrx_word' id='word_1_745' title='bbox 834 5313 899 5353; x_wconf 88' lang='lat' dir='ltr'>esse</span> <span class='ocrx_word' id='word_1_746' title='bbox 915 5315 965 5370; x_wconf 92' lang='lat' dir='ltr'>pa·</span> <span class='ocrx_word' id='word_1_747' title='bbox 1020 5299 1154 5354; x_wconf 82' lang='lat' dir='ltr'>ineunda</span> <span class='ocrx_word' id='word_1_748' title='bbox 1177 5298 1313 5354; x_wconf 82' lang='lat' dir='ltr'>amicitia</span> <span class='ocrx_word' id='word_1_749' title='bbox 1330 5313 1337 5352; x_wconf 76' lang='grc' dir='ltr'>ε</span> <span class='ocrx_word' id='word_1_750' title='bbox 1353 5297 1519 5352; x_wconf 83' lang='lat' dir='ltr'>accusando</span> <span class='ocrx_word' id='word_1_751' title='bbox 1534 5313 1603 5352; x_wconf 90' lang='lat' dir='ltr'>eum</span> <span class='ocrx_word' id='word_1_752' title='bbox 1619 5298 1695 5370; x_wconf 84' lang='lat' dir='ltr'>quod</span> <span class='ocrx_word' id='word_1_753' title='bbox 1720 5297 1848 5356; x_wconf 87' lang='lat' dir='ltr'>noluerit</span> 
     </span>
     <span class='ocr_line' id='line_1_58' title="bbox 142 5383 1847 5457; baseline 0.004 -18"><span class='ocrx_word' id='word_1_754' title='bbox 142 5389 229 5440; x_wconf 86' lang='lat' dir='ltr'>ratos.</span> <span class='ocrx_word' id='word_1_755' title='bbox 244 5385 452 5440; x_wconf 86' lang='lat' dir='ltr'>innascebatur</span> <span class='ocrx_word' id='word_1_756' title='bbox 467 5384 545 5439; x_wconf 89' lang='lat' dir='ltr'>enim</span> <span class='ocrx_word' id='word_1_757' title='bbox 567 5388 649 5439; x_wconf 88' lang='lat' dir='ltr'>tanta</span> <span class='ocrx_word' id='word_1_758' title='bbox 664 5384 806 5440; x_wconf 86' lang='lat' dir='ltr'>securitas</span> <span class='ocrx_word' id='word_1_759' title='bbox 822 5385 851 5440; x_wconf 92' lang='lat' dir='ltr'>iu</span> <span class='ocrx_word' id='word_1_760' title='bbox 867 5388 963 5443; x_wconf 91' lang='lat' dir='ltr'>eordi-</span> <span class='ocrx_word' id='word_1_761' title='bbox 1019 5386 1142 5445; x_wconf 85' lang='lat' dir='ltr'>liberam</span> <span class='ocrx_word' id='word_1_762' title='bbox 1157 5388 1276 5443; x_wconf 83' lang='lat' dir='ltr'>reddare</span> <span class='ocrx_word' id='word_1_763' title='bbox 1300 5383 1474 5450; x_wconf 87' lang='lat' dir='ltr'>Jerusalem,</span> <span class='ocrx_word' id='word_1_764' title='bbox 1485 5390 1514 5440; x_wconf 91' lang='lat' dir='ltr'>et</span> <span class='ocrx_word' id='word_1_765' title='bbox 1536 5385 1585 5457; x_wconf 91' lang='lat' dir='ltr'>qui</span> <span class='ocrx_word' id='word_1_766' title='bbox 1612 5387 1765 5443; x_wconf 79' lang='lat' dir='ltr'>adversum</span> <span class='ocrx_word' id='word_1_767' title='bbox 1791 5404 1847 5446; x_wconf 85' lang='lat' dir='ltr'>nos</span> 
     </span>
     <span class='ocr_line' id='line_1_59' title="bbox 140 5473 1848 5548; baseline 0.002 -20"><span class='ocrx_word' id='word_1_768' title='bbox 140 5473 196 5528; x_wconf 90' lang='lat' dir='ltr'>bus</span> <span class='ocrx_word' id='word_1_769' title='bbox 211 5473 406 5545; x_wconf 89' lang='lat' dir='ltr'>singulorum,</span> <span class='ocrx_word' id='word_1_770' title='bbox 419 5478 452 5527; x_wconf 91' lang='lat' dir='ltr'>ut</span> <span class='ocrx_word' id='word_1_771' title='bbox 464 5473 611 5527; x_wconf 86' lang='lat' dir='ltr'>crederent</span> <span class='ocrx_word' id='word_1_772' title='bbox 629 5490 698 5528; x_wconf 87' lang='lat' dir='ltr'>suos</span> <span class='ocrx_word' id='word_1_773' title='bbox 713 5473 810 5529; x_wconf 87' lang='lat' dir='ltr'>hostes</span> <span class='ocrx_word' id='word_1_774' title='bbox 824 5473 915 5531; x_wconf 89' lang='lat' dir='ltr'>cervis</span> <span class='ocrx_word' id='word_1_775' title='bbox 930 5477 963 5531; x_wconf 91' lang='lat' dir='ltr'>ti·</span> <span class='ocrx_word' id='word_1_776' title='bbox 1018 5493 1101 5534; x_wconf 90' lang='lat' dir='ltr'>arma</span> <span class='ocrx_word' id='word_1_777' title='bbox 1115 5476 1266 5542; x_wconf 90' lang='lat' dir='ltr'>detulerat,</span> <span class='ocrx_word' id='word_1_778' title='bbox 1279 5473 1367 5529; x_wconf 89' lang='lat' dir='ltr'>simut</span> <span class='ocrx_word' id='word_1_779' title='bbox 1384 5473 1607 5545; x_wconf 83' lang='lat' dir='ltr'>utpraeseutiret</span> <span class='ocrx_word' id='word_1_780' title='bbox 1620 5476 1719 5548; x_wconf 84' lang='lat' dir='ltr'>fugam</span> <span class='ocrx_word' id='word_1_781' title='bbox 1732 5492 1769 5531; x_wconf 88' lang='lat' dir='ltr'>au</span> <span class='ocrx_word' id='word_1_782' title='bbox 1785 5474 1848 5533; x_wconf 90' lang='lat' dir='ltr'>bel·</span> 
     </span>
     <span class='ocr_line' id='line_1_60' title="bbox 138 5560 1843 5636; baseline 0.004 -21"><span class='ocrx_word' id='word_1_783' title='bbox 138 5560 327 5628; x_wconf 88' lang='lat' dir='ltr'>midiores,et</span> <span class='ocrx_word' id='word_1_784' title='bbox 345 5561 448 5618; x_wconf 90' lang='lat' dir='ltr'>ovibus</span> <span class='ocrx_word' id='word_1_785' title='bbox 472 5560 694 5617; x_wconf 88' lang='lat' dir='ltr'>innocentiores.</span> <span class='ocrx_word' id='word_1_786' title='bbox 712 5562 767 5618; x_wconf 89' lang='lat' dir='ltr'>Sed</span> <span class='ocrx_word' id='word_1_787' title='bbox 791 5561 852 5620; x_wconf 81' lang='lat' dir='ltr'>hec</span> <span class='ocrx_word' id='word_1_788' title='bbox 875 5580 961 5620; x_wconf 88' lang='lat' dir='ltr'>secu·</span> <span class='ocrx_word' id='word_1_789' title='bbox 1016 5561 1843 5636; x_wconf 73' lang='lat' dir='ltr'>tuminanimopararetatquomodovtetumsehauarac.</span> 
     </span>
    </p>
   </div>
   <div class='ocr_carea' id='block_1_4' title="bbox 0 0 1912 6006">
    <p class='ocr_par' dir='ltr' id='par_1_4' title="bbox 0 0 1912 6006">
     <span class='ocr_line' id='line_1_61' title="bbox 0 0 1912 6006; baseline 0 4"><span class='ocrx_word' id='word_1_790' title='bbox 0 0 1912 6006; x_wconf 95' lang='lat' dir='ltr'> </span> 
     </span>
    </p>
   </div>
  </div>
 </body>
</html>
