3816 6006
166 228 244 288 tras
669 217 867 279 tubanus.
882 247 922 260 -
936 214 1135 279 RADULPHl
1156 216 1366 280 subantis.
1799 214 1870 277 titt

164 359 276 432 priores
290 352 423 411 velociori
436 369 522 408 cursu
539 349 812 424 praeveniantqnia,
825 348 898 403 sicut
921 346 986 402 Hie·
1001 349 1029 418 Α
1044 347 1197 415 dunt‚tum
1212 348 1281 421 quia
1291 349 1395 404 iratres
1411 364 1479 404 sues
1494 346 1683 420 despiciendo
1694 345 1870 403 novissimos

163 462 303 517 ronymus
319 445 381 500 ait:
400 466 413 493 a
427 442 542 498 subitus
558 441 660 506 servor,
675 440 796 511 longum
809 437 898 493 trincit
908 441 986 509 tepo-
1039 442 1154 503 vocant,
1171 442 1234 493 tum
1252 438 1320 510 quia
1335 456 1365 493 se
1380 438 1416 493 de
1432 437 1567 510 operibus
1577 438 1706 509 jactant,
1719 439 1789 491 tum
1808 436 1870 509 quia

163 553 234 592 reru.
249 557 262 584 u
279 533 391 590 Priores
403 530 510 605 quippe
525 546 601 601 sape
616 545 650 584 ex
665 526 753 599 longo
768 525 866 582 labore
881 525 986 581 lasses—
1039 526 1143 582 iratres
1154 544 1223 582 suos
1240 527 1296 582 sibi
1312 527 1420 599 aquari
1436 544 1487 600 per
1501 526 1640 582 insidiam
1657 524 1776 581 dolent.

163 627 244 691 cunt,
261 626 338 678 etex
353 620 508 677 securitate
523 617 584 689 spei
600 620 762 688 tepescunt,
780 620 807 670 et
823 631 856 669 ex
871 613 986 669 merito·
1076 616 1214 688 Sequitur
1229 633 1296 689 pars
1308 617 1458 689 quarta,in
1470 615 1683 689 qoaDeminos
1704 613 1796 687 eiqui
1815 619 1866 670 tan

165 731 231 770 rum
248 709 449 785 magnitudine
464 723 495 763 se
510 705 689 761 tardioribus
713 707 895 776 praeponunt.
912 703 984 758 Ctrm
1040 720 1173 777 perverse
1188 703 1318 777 loquitur
1332 703 1376 760 vel
1392 704 1559 771 meditatur,
1577 704 1741 776 respondet
1751 720 1805 777 per
1815 705 1867 776 Spi-

162 807 280 860 econtra
295 798 469 875 posteriores
484 795 633 850 multoties
649 811 683 850 ex
698 810 763 850 sera
787 792 983 859 conversione,
1040 793 1139 860 ritum,
1157 794 1200 850 vel
1217 811 1268 867 per
1283 794 1462 867 Scriptorum
1479 794 1578 849 dicens
1589 811 1595 848 :
1608 794 1787 862 Amice,non
1800 794 1866 865 socio

162 892 234 949 liant
245 888 492 956 velociores,etex
507 885 611 940 timore
626 885 698 939 fiant
708 883 941 950 ferventioresct
952 899 985 938 ax
1039 884 1091 939 titi
1106 884 1257 956 injurium.
1268 884 1366 940 Primo
1379 883 1468 957 igitur
1483 881 1610 939 ostendit
1615 882 1771 955 judicium
1788 900 1863 938 suun

161 979 241 1037 bren
258 978 425 1052 operatione
441 974 495 1029 sibi
511 973 661 1038 vilescant,
677 975 706 1027 et
720 989 822 1027 omnes
837 971 891 1027 sibi
911 989 986 1043 pra·
1039 976 1151 1028 rectum
1168 990 1312 1041 esse,cum
1329 973 1429 1029 subdit
1446 991 1452 1028 :
1469 975 1565 1031 Nonne
1576 990 1614 1028 ex
1627 973 1757 1028 denario
1770 973 1863 1029 diurno

161 1072 316 1143 ponant,et
330 1066 394 1122 ideo
410 1064 487 1119 sicut
503 1061 677 1117 Publicanos
689 1060 986 1131 descenduutjustiss-
1038 1063 1194 1119 convenisti
1208 1067 1338 1120 rrtccuro?
1353 1063 1453 1128 Nemo,
1471 1063 1584 1129 fratres,
1601 1077 1635 1117 en
1648 1061 1698 1118 his
1712 1061 1812 1119 verbis
1823 1079 1862 1134 pu-

161 1158 217 1216 cati
233 1156 339 1213 abillis
355 1156 428 1228 (Lu-e.
444 1151 534 1224 svin).
1039 1156 1080 1208 tet
1094 1152 1197 1220 Deum,
1214 1152 1299 1225 quasi
1315 1170 1350 1208 ex
1364 1151 1552 1208 conventione
1571 1151 1731 1208 astrictum
1747 1168 1812 1208 esse
1833 1152 1862 1206 ad

197 1247 335 1319 Sequitur
344 1260 412 1317 pars
420 1240 590 1307 secundam
602 1238 906 1312 quafitreniuneratio
918 1254 984 1292 cum
1039 1242 1222 1297 reddendum
1237 1241 1427 1314 promissum.
1445 1241 1526 1297 Sicut
1540 1240 1618 1297 enim
1634 1241 1717 1296 Deus
1739 1244 1787 1297 ast
1801 1240 1862 1296 liber

162 1337 298 1394 subditur
314 1351 321 1389 :
340 1335 411 1390 Cum
425 1348 483 1388 sero
499 1338 590 1386 eruum
603 1332 706 1401 socttttu
721 1337 797 1395 esset,
814 1327 886 1383 elicit
901 1327 985 1382 doon'·
1040 1332 1075 1387 ad
1093 1331 1382 1404 promittendum,ita
1398 1334 1443 1387 est
1459 1331 1575 1387 liberad
1588 1331 1791 1399 reddendum,
1803 1349 1862 1404 pra·

161 1444 213 1482 uus
229 1427 318 1481 uinea?
331 1438 390 1479 anoe
402 1421 598 1494 procuratori:
616 1420 681 1474 l'ecu
697 1420 836 1490 operarios
859 1425 886 1473 et
905 1416 985 1472 rectit
1039 1420 1139 1476 sertim
1152 1438 1217 1476 cum
1235 1425 1294 1476 tam
1312 1421 1417 1476 merita
1432 1437 1520 1492 qoam
1544 1420 1667 1493 praemia
1694 1421 1758 1475 sint
1779 1421 1862 1493 gratia

153 1509 220 1571 'itta
235 1512 382 1569 mercedem
396 1528 484 1575 sarram,
503 1511 635 1582 irripiens
650 1526 666 1562 a
681 1510 836 1564 rroro'ssr'mts
853 1506 985 1578 usquead
1040 1528 1103 1566 stra.
1121 1510 1198 1565 Nihil
1215 1510 1292 1564 onim
1308 1509 1386 1565 aliud
1403 1527 1492 1582 quam
1507 1510 1633 1581 gratiam
1650 1527 1740 1566 suam
1753 1516 1862 1564 coronat

158 1605 273 1677 primos,
283 1606 336 1658 etc.
350 1600 403 1656 Per
417 1615 491 1661 sere,
500 1600 603 1654 iratres
618 1597 794 1663 charissimi,
803 1595 869 1651 finis
882 1595 983 1651 mundi
1039 1600 1069 1654 in
1081 1600 1165 1655 nobis
1177 1600 1264 1668 Deus,
1273 1599 1333 1671 qui,
1342 1598 1365 1654 si
1377 1598 1463 1654 vellet
1473 1598 1501 1652 in
1514 1597 1598 1654 nobis
1618 1615 1708 1672 agere
1727 1597 1862 1661 districte,

161 1691 354 1767 significatur,
366 1689 483 1763 quando
499 1687 608 1744 scilicet
623 1687 713 1742 finitis
735 1685 895 1753 laboribus,
907 1686 984 1740 Deus
1040 1706 1096 1744 non
1108 1689 1322 1761 justificaretur
1342 1688 1371 1742 in
1394 1691 1551 1760 conspectu
1567 1688 1632 1759 ejus
1648 1687 1751 1744 omnis
1773 1686 1862 1742 virens

161 1782 245 1839 Pater
269 1779 399 1854 precipit
422 1778 511 1833 vineae
536 1777 715 1849 procuratori
739 1779 768 1831 et
795 1774 981 1848 redemptori,
1039 1779 1126 1851 (psat.
1144 1781 1237 1847 cnon).
1254 1778 1336 1834 Unde
1351 1776 1506 1849 Apostolus
1523 1777 1571 1849 qni
1585 1777 1653 1850 plus
1669 1777 1812 1833 omnibus
1825 1776 1862 1832 la-

160 1871 284 1929 Domino
299 1870 409 1926 scilicet
424 1871 523 1923 nostro
531 1868 600 1922 lesu
611 1866 736 1930 Christo,
749 1870 780 1919 ut
792 1869 872 1920 vocet
883 1881 982 1936 opera·
1037 1868 1159 1936 borarit,
1176 1867 1246 1922 dicit
1263 1883 1269 1920 ε
1286 1867 1431 1923 Existimo
1451 1867 1526 1939 qnod
1549 1882 1606 1922 eron
1628 1876 1700 1922 suut
1722 1866 1862 1937 condigne

160 1962 220 2017 ries
235 1958 428 2032 adjudicium
444 1961 473 2012 ot
489 1956 592 2011 reddat
615 1954 672 2010 illis
697 1954 861 2009 mercedem
886 1970 980 2007 suom.
1036 1958 1182 2026 passiones
1198 1960 1282 2028 tusus
1294 1957 1431 2026 trumonis
1445 1956 1483 2012 ad
1495 1957 1630 2027 staturam
1653 1956 1783 2027 gloriam
1806 1970 1862 2028 qur

160 2051 234 2118 Quid
250 2052 293 2105 est
309 2048 363 2103 hoc
380 2046 457 2119 quod
473 2045 529 2101 ait:
539 2045 675 2116 lrn·ipirns
690 2062 705 2099 o
722 2045 797 2099 scortis
812 2044 890 2097 ulnis
900 2035 983 2114 ttsqtte
1036 2047 1212 2102 revelabitur·
1228 2047 1257 2100 in
1273 2045 1352 2101 nobis
1367 2045 1536 2116 (Romam).
1547 2044 1620 2118 Ergo
1632 2044 1697 2099 haec
1717 2044 1861 2101 conventio

159 2140 195 2196 ad
206 2141 319 2211 pomos,
336 2135 573 2210 prasertimcum
583 2132 928 2204 judiciumetretributio
944 2131 982 2187 sit
1037 2135 1110 2190 nihil
1135 2135 1214 2190 aliud
1243 2138 1298 2202 est,
1314 2152 1403 2206 qoem
1428 2133 1594 2190 voluntaria
1620 2133 1672 2190 Dei
1699 2133 1859 2206 promissio.

160 2227 346 2300 perficienda,
361 2242 418 2279 non
435 2222 483 2278 ubi
500 2226 566 2295 post
586 2220 687 2285 alitam,
704 2220 755 2275 secl
771 2220 878 2291 liutius,
896 2225 928 2274 ut
942 2221 983 2274 ait
1037 2224 1145 2280 Deinde
1162 2224 1348 2296 reprehendit
1358 2241 1407 2279 eos
1422 2223 1611 2279 Dominuscle
1621 2227 1796 2295 contemptu
1811 2222 1859 2277 lra-

158 2314 325 2389 Apostolus,
339 2314 369 2368 in
393 2313 452 2367 ictu
477 2309 577 2367 oculi?
592 2311 614 2382 (l
630 2309 690 2365 Cor.
706 2312 765 2378 xv.)
791 2308 929 2364 PriOt‘ilas
954 2314 982 2364 el
1036 2314 1354 2385 truut,ctdejactautia
1366 2313 1571 2386 operum,dum
1583 2313 1735 2384 cisroquat
1747 2311 1858 2368 norissi-

159 2402 359 2478 posterioritas
380 2400 445 2466 ista,
462 2400 575 2467 tratres,
592 2415 650 2453 non
671 2398 707 2453 ad
730 2402 847 2469 tempus
869 2398 918 2453 sed
944 2398 980 2452 ad
1037 2404 1211 2460 1nosdiceus
1226 2420 1232 2457 ε
1248 2404 1424 2460 Volooutrm
1439 2402 1682 2459 buicseeundum
1699 2401 1857 2474 opinionem

159 2492 312 2567 praemium
329 2490 478 2546 reserenda
493 2493 546 2544 est.
564 2486 672 2543 Omnes
687 2487 765 2542 enim
780 2486 861 2541 electi
887 2486 915 2540 in
936 2502 981 2542 θο-
1035 2496 1117 2547 tuam
1128 2493 1282 2548 saeuissime
1294 2493 1452 2558 (terrasicca
1468 2500 1496 2547 et
1512 2491 1562 2547 tibi
1573 2491 1604 2546 in
1620 2490 1719 2546 oculis
1730 2492 1791 2546 tuis
1806 2507 1857 2544 rita·

159 2583 224 2640 dem
240 2584 380 2653 tempora,
396 2580 446 2636 sed
465 2594 521 2633 noo
538 2578 640 2633 eadem
656 2576 766 2648 praemii
783 2592 922 2632 mensura
937 2592 981 2630 re·
1036 2587 1150 2651 ganan
1167 2598 1223 2636 non
1235 2580 1510 2636 licetmihiDomino
1523 2579 1617 2635 lacere
1629 2579 1856 2636 misericordiam

158 2671 332 2728 munerandi
348 2673 426 2726 sunt.
439 2667 520 2723 Unde
534 2666 677 2722 Dominus
694 2682 701 2720 ἱ
718 2668 748 2722 ln
766 2665 855 2729 domo,
874 2665 979 2736 inquit,
1036 2671 1082 2726 cui
1097 2669 1235 2726 voluero?
1250 2671 1353 2726 Postea
1378 2687 1426 2726 eos
1450 2668 1648 2742 reprehendit,
1667 2670 1740 2741 quia
1763 2670 1857 2725 fratres

156 2761 320 2819 Petriana·
333 2761 489 2814 amasiones
503 2753 854 2827 tuultaetunt(10tn·>t¹v);
867 2755 980 2826 eldpo·
1036 2759 1091 2816 sibi
1116 2759 1234 2832 equari,
1246 2776 1298 2832 per
1321 2757 1460 2814 invidiam
1489 2757 1598 2828 delent,
1616 2775 1688 2812 curn
1714 2756 1786 2813 dicit
1801 2774 1808 2810 :
1822 2757 1856 2810 Aa

157 2849 250 2908 stolus
267 2849 375 2906 :Stella
397 2848 488 2921 differt
510 2864 527 2902 tt
546 2847 624 2904 scotta
648 2846 679 2901 in
701 2845 834 2899 caritate.
853 2845 920 2898 Atto
944 2852 983 2899 cst
1034 2850 1130 2907 oculos
1145 2859 1210 2905 tuus
1225 2858 1415 2922 aequamen,
1431 2847 1770 2919 quiaegobonossum?
1785 2847 1855 2911 Eece,

156 2940 358 2997 euimclartlat
380 2938 456 3004 solit,
471 2938 559 2992 altera
583 2936 694 2990 Claritas
718 2934 794 2990 lull&
815 2932 838 3001 (1
851 2933 978 3004 torsi),
1034 2941 1246 3011 fratres,quam
1272 2939 1419 2995 subtiliter
1434 2937 1572 2994 dcseribit
1596 2935 1713 2992 malum
1742 2935 1856 3001 inuidia,

152 3027 356 3096 'eteuuamris
369 3027 458 3100 igitur
472 3025 555 3081 electi
570 3023 702 3097 singulos
726 3022 869 3094 accipiant
889 3023 980 3077 dena·
1035 3046 1098 3101 quae
1109 3033 1169 3084 tam
1185 3028 1273 3096 dolet,
1290 3044 1379 3100 quam
1403 3027 1467 3100 ipsa
1492 3042 1596 3099 parum
1612 3025 1761 3098 accipiat,
1779 3040 1856 3098 quam

157 3118 226 3185 rios,
240 3123 337 3173 tamen
353 3116 400 3172 hie
416 3113 669 3188 accipietclarum,
686 3112 734 3167 ille
756 3111 919 3177 clariorem,
931 3102 1016 3167 illaC
1036 3119 1114 3190 quod
1129 3116 1205 3172 alius
1220 3117 1330 3189 aliquid
1347 3116 1481 3189 accipiat,
1498 3116 1555 3171 Neo
1576 3119 1639 3169 tam
1664 3113 1814 3170 desiderat
1833 3128 1859 3168 sc

158 3206 368 3264 clarissimum.
386 3204 519 3260 Redditie
535 3204 613 3259 eninr
629 3200 750 3267 denarii,
768 3201 796 3255 in
812 3217 869 3272 quo
885 3201 982 3274 imago
1037 3205 1103 3280 plus
1120 3207 1259 3279 accipere,
1272 3223 1360 3278 quam
1377 3204 1449 3260 alios
1465 3202 1539 3259 nihil
1554 3203 1700 3276 accipere,
1713 3208 1743 3259 et
1757 3203 1861 3258 doute

157 3302 302 3353 etnomen
319 3289 827 3368 regiseratinsculptom,nibilaliud
839 3293 982 3361 estquam
1037 3295 1099 3351 rius
1123 3296 1198 3351 bono
1223 3295 1355 3351 tabescit,
1372 3295 1462 3357 Hono,
1479 3293 1596 3361 fratres,
1614 3292 1762 3348 invidiam
1791 3290 1859 3348 omni

157 3385 326 3443 reformatio
341 3382 371 3438 in
388 3381 471 3438 uobis
486 3381 625 3454 imaginis
640 3384 668 3435 et
692 3378 895 3434 similitudinis
920 3378 980 3447 Dei,
1036 3384 1200 3440 intentione
1210 3384 1415 3452 devitaturum
1425 3400 1482 3456 qua
1496 3383 1530 3438 ad
1542 3380 1649 3439 eoelum
1661 3381 1860 3456 nulluspotest

158 3493 221 3550 quae
238 3476 419 3548 perpeccata
443 3474 525 3527 erant
548 3470 578 3525 in
606 3470 690 3524 nobis
712 3468 889 3524 detornatae.
902 3467 983 3524 Sicut
1037 3474 1288 3531 ascenderalt'am
1305 3471 1631 3545 incidasquilletcum
1656 3472 1861 3545 gaudentibus,

156 3581 223 3621 vero
239 3580 318 3619 unus
332 3560 469 3616 denarius
484 3559 572 3614 habet
587 3557 803 3630 expressionem
821 3557 850 3612 in
866 3575 897 3613 se
908 3557 981 3612 ima-
1037 3570 1065 3620 ot
1079 3564 1186 3635 gaudet
1199 3579 1265 3618 cum
1282 3561 1429 3629 flentibus,
1447 3578 1535 3633 quam
1551 3563 1685 3617 remotus
1702 3565 1750 3618 est
1771 3559 1859 3617 acha·

157 3653 256 3727 ginem
272 3655 300 3707 ot
314 3650 509 3706 litteraturam
526 3665 614 3720 quam
630 3646 716 3714 alitis,
733 3645 773 3702 ita
788 3646 914 3716 sanctior
930 3647 981 3701 ba·
1036 3652 1121 3707 ritate
1146 3669 1209 3723 quta
1235 3651 1305 3706 dicit
1322 3667 1327 3704 :
1346 3652 1425 3706 Flere
1443 3666 1508 3707 curn
1531 3650 1676 3720 dentibus,
1693 3659 1723 3706 et
1743 3650 1860 3722 aaran

157 3740 273 3799 habitin
286 3757 316 3796 se
327 3737 536 3811 expressiorem
545 3736 703 3810 imaginem
715 3741 743 3791 et
759 3735 981 3791 similitudinem
1036 3758 1101 3798 curu
1113 3742 1302 3813 pandentibus
1317 3744 1409 3811 (Rotrt.
1426 3740 1486 3814 xo).

156 3830 207 3888 Dei
224 3846 313 3904 qoam
329 3828 427 3883 minus
442 3832 571 3882 sanctus.
587 3827 662 3898 Ergo
678 3824 983 3897 remuneratioinoipit
1072 3829 1209 3902 Sequitur
1219 3847 1287 3902 pars
1298 3828 1444 3902 quintanio
1456 3846 1514 3901 qua
1524 3828 1665 3885 Dominus
1680 3829 1858 3886 cencludilel

154 3938 176 3978 a
190 3917 359 3976 novissimis
373 3934 467 3990 usque
491 3917 526 3971 ad
552 3915 673 3988 primos,
689 3914 805 3986 quando
830 3913 981 3970 novissimi
1037 3920 1156 3992 adaptat
1171 3918 1394 3975 similitudinem
1411 3918 1511 3975 dicens
1522 3935 1529 3974 :
1542 3919 1588 3976 stc
1611 3928 1701 3975 erunt
1724 3917 1860 3977 avarissimi

157 4009 252 4084 magis
268 4009 421 4076 ferventes,
434 4005 536 4079 primis
549 4005 648 4060 minos
664 4003 841 4059 serventibus
857 4003 940 4059 aDeo
952 4003 981 4059 in
1035 4009 1163 4080 prierint
1178 4011 1269 4079 primi
1282 4009 1438 4066 nouissimi.
1448 4010 1510 4065 Non
1526 4015 1570 4066 ast
1584 4009 1858 4078 euim,iratres,har

157 4116 296 4156 mensura
311 4095 511 4153 retributionis
527 4096 745 4168 preponuntur.
1036 4099 1197 4175 propositio
1212 4098 1396 4164 universalis,
1413 4098 1464 4154 sed
1478 4098 1643 4170 indefinita,
1654 4099 1801 4171 quoniam
1816 4113 1858 4153 ner

193 4187 332 4260 Sequitur
355 4202 423 4258 pars
447 4183 543 4250 tertia,
560 4184 590 4238 in
615 4201 673 4256 qua
694 4182 781 4254 primi
807 4183 982 4239 arbitrantes
1037 4204 1139 4243 omnes
1156 4187 1511 4260 norissimieruntprimi,
1524 4204 1576 4244 nec
1591 4205 1697 4245 omnes
1714 4189 1803 4263 primi
1817 4204 1859 4242 no·

157 4277 234 4351 quod
252 4275 318 4350 plus
339 4278 439 4331 essent
462 4272 617 4346 accepturi,
635 4277 822 4328 murmurant
844 4273 982 4328 aduersus
1035 4276 1224 4333 vissimiSed
1241 4277 1361 4348 quidam
1377 4277 1427 4349 qui
1442 4277 1665 4349 videnturapud
1683 4277 1780 4347 se,vel
1792 4275 1858 4349 apud

157 4364 402 4442 patremfamilias
418 4365 549 4420 dieentes
564 4380 570 4417 :
585 4364 621 4418 lli
634 4363 778 4418 inanissimi
792 4378 848 4417 terzo
863 4364 930 4418 bora
943 4365 983 4434 se·
1036 4365 1170 4421 homines
1182 4382 1245 4421 esse
1260 4365 1512 4432 novissimi,erunt
1525 4366 1603 4438 apud
1619 4365 1717 4422 Deum
1729 4366 1860 4440 primiti

156 4464 263 4527 cerum,
288 4462 312 4512 et
335 4469 416 4526 pares
440 4453 503 4507 ittos
524 4451 601 4507 erotis
629 4453 728 4523 fecisti,
740 4453 788 4522 qui
814 4452 983 4522 pertinemus
998 4477 1021 4542 D
1038 4454 1222 4526 qnidam,qui
1233 4455 1370 4510 videntur
1385 4455 1461 4527 apud
1473 4453 1645 4526 sevelapud
1656 4454 1859 4512 hominesesse

154 4545 261 4620 pondus
277 4544 334 4600 diei
347 4551 371 4599 ot
386 4549 479 4600 astus,
496 4545 561 4595 Haec
578 4540 782 4608 murmuratio,
795 4541 898 4596 iratres
914 4541 971 4596 mei
1038 4544 1136 4618 primi,
1148 4548 1233 4600 erunt
1248 4545 1324 4616 apud
1338 4544 1430 4601 Deum
1445 4544 1475 4598 in
1488 4542 1590 4600 ordine
1599 4543 1759 4615 justorum
1774 4544 1859 4602 noris·

157 4635 193 4690 ad
210 4637 319 4690 statum
344 4633 409 4688 vita
433 4630 585 4704 prasentia
610 4628 761 4685 reserenda
776 4632 829 4685 est.
848 4628 878 4684 ln
900 4600 984 4686 coete3

158 4727 233 4779 stem
249 4723 327 4779 enim
340 4720 464 4794 patriam
480 4718 579 4774 nullus
594 4734 783 4773 murmurans
799 4718 984 4785 intrabit,nec

156 4810 271 4867 intrans
295 4825 479 4866 murmurare
496 4807 610 4880 poterit.
636 4808 691 4863 Sed
718 4806 747 4861 in
772 4807 908 4879 presenti
926 4810 985 4864 vita

156 4902 241 4957 multi
258 4904 328 4957 sunt
343 4901 392 4973 qui
408 4900 437 4955 in
454 4897 857 4972 ope1·el)ei,longotomporo
873 4898 929 4953 sibi
945 4900 984 4953 vi-

156 4990 263 5047 dentur
278 4989 443 5057 laborasse;
460 4988 509 5060 qui
528 4987 551 5042 si
564 4985 679 5059 aliquos
690 4986 801 5042 tardius
812 4986 984 5059 incipientes

156 5079 274 5147 scirent,
293 5078 347 5134 sibi
365 5077 493 5150 praeponi
518 5075 561 5132 rel
584 5075 703 5148 aquari,
722 5081 941 5132 murmurarent
955 5082 983 5133 et

155 5167 285 5223 dicerent
302 5183 307 5221 :
326 5168 365 5220 Hi
379 5168 522 5222 noet'ssimi
547 5183 604 5221 uno
627 5167 694 5221 loro
716 5166 847 5237 seoerttnt,
863 5174 890 5222 et
901 5183 982 5238 pares

156 5257 218 5313 ittos
232 5256 309 5311 uotis
324 5257 476 5328 seot'stiqui
482 5257 653 5327 portaremus
665 5253 773 5327 pondus
787 5253 844 5310 diei
852 5257 980 5324 eiarstus,

156 5345 240 5418 quasi
257 5342 347 5416 quiin
361 5360 446 5416 opere
455 5344 505 5400 Dei
516 5344 730 5418 longitudinem
741 5344 883 5417 temporis
897 5349 926 5401 ct
936 5363 981 5401 ar·

155 5433 257 5492 dorem
272 5433 369 5491 curnis
385 5433 591 5491 sustinuimus.
605 5435 725 5491 Peccata
741 5436 839 5490 autem
857 5438 982 5506 quatuor

155 5523 251 5586 modis
266 5524 430 5603 incurrunt,
441 5527 504 5583 tum
520 5522 747 5599 quiajudiciuar
762 5522 814 5582 Dei
830 5523 982 5600 reprehen-

158 5622 168 5653 ⁸

1038 4631 1117 4700 simi,
1133 4633 1176 4688 vel
1190 4633 1276 4688 etiam
1293 4633 1449 4705 reprobati.
1470 4633 1582 4697 Quare?
1597 4631 1670 4696 Quia
1695 4635 1786 4691 multi
1804 4639 1860 4690 suat

1037 4724 1140 4790 vocati,
1156 4722 1242 4792 ponci
1255 4739 1322 4778 uero
1337 4722 1429 4779 electi.
1445 4722 1650 4789 liccalratres,
1663 4739 1773 4781 omnes
1784 4722 1860 4780 adri·

1039 4814 1099 4866 tarn
1115 4811 1206 4867 vocati
1224 4812 1473 4879 sumus,ecclesiae
1484 4810 1609 4885 parietes
1621 4811 1860 4885 replemus,selus

1039 4900 1115 4957 Deos
1140 4906 1238 4956 tanton
1264 4902 1344 4956 norit
1363 4902 1411 4975 qui
1438 4905 1508 4956 sunt
1526 4903 1589 4973 ejus
1613 4901 1859 4973 (truncasti

1038 4991 1116 5046 enim
1132 5007 1184 5062 per
1202 4989 1373 5047 exteriorem
1397 4991 1596 5063 operationem
1620 4990 1710 5048 nobis
1734 4992 1860 5048 videmur

1037 5095 1101 5134 esse
1114 5077 1207 5148 electi,
1218 5080 1268 5134 sed
1280 5083 1377 5135 tamen
1394 5096 1409 5135 a
1425 5084 1482 5136 Deo
1503 5079 1643 5135 interiora
1667 5082 1859 5156 conspiciente

1036 5167 1239 5240 reprobantur,
1257 5173 1289 5223 ut
1305 5168 1466 5225 Pharisaus
1477 5169 1554 5238 (Luc.
1567 5168 1724 5241 xtn11).Alii
1737 5174 1858 5244 perante

1036 5257 1114 5312 riora
1128 5255 1206 5312 mala
1220 5257 1305 5313 nobis
1316 5261 1456 5330 putantur
1471 5273 1536 5314 esse
1550 5256 1678 5331 reprobi,
1691 5259 1747 5316 sed
1758 5265 1859 5327 umen,

1036 5361 1087 5418 per
1111 5345 1307 5401 bumilitatem
1332 5350 1360 5402 et
1383 5344 1585 5418 paenitentiam
1608 5345 1859 5418 tonsorentur

1036 5439 1106 5490 sunt
1121 5434 1240 5508 accepti,
1257 5438 1289 5491 ot
1304 5433 1481 5492 Publicanos
1495 5435 1600 5507 (leid).
1615 5433 1673 5492 Alii
1696 5437 1776 5496 bena
1799 5433 1860 5495 inei·

1035 5525 1130 5604 piunt,
1147 5524 1198 5585 sed
1213 5522 1281 5584 ssnis
1297 5540 1398 5585 eorum
1414 5525 1547 5603 tepescit,
1562 5528 1593 5587 et
1604 5524 1762 5616 deficiupt,
1775 5530 1809 5593 at
1820 5526 1860 5586 to·
