<?xml version="1.0" encoding="UTF-8"?>
<!DOCTYPE html PUBLIC "-//W3C//DTD XHTML 1.0 Transitional//EN"
    "http://www.w3.org/TR/xhtml1/DTD/xhtml1-transitional.dtd">
<html xmlns="http://www.w3.org/1999/xhtml" xml:lang="en" lang="en">
 <head>
  <title>
</title>
<meta http-equiv="Content-Type" content="text/html;charset=utf-8" />
  <meta name='ocr-system' content='tesseract 3.04.00' />
  <meta name='ocr-capabilities' content='ocr_page ocr_carea ocr_par ocr_line ocrx_word'/>
</head>
<body>
  <div class='ocr_page' id='page_1' title='image "./patrologiaecurs93unkngoog_0799.png"; bbox 0 0 3816 6006; ppageno 0'>
   <div class='ocr_carea' id='block_1_1' title="bbox 152 180 1867 264">
    <p class='ocr_par' dir='ltr' id='par_1_1' title="bbox 152 180 1867 264">
     <span class='ocr_line' id='line_1_1' title="bbox 152 180 1867 264; baseline 0.003 -11"><span class='ocrx_word' id='word_1_1' title='bbox 152 180 239 255; x_wconf 68' lang='grc'>’1899</span> <span class='ocrx_word' id='word_1_2' title='bbox 787 190 996 264; x_wconf 79' lang='lat' dir='ltr'>&#39;unouurnt</span> <span class='ocrx_word' id='word_1_3' title='bbox 1016 194 1224 263; x_wconf 74' lang='lat' dir='ltr'>Audentis.</span> <span class='ocrx_word' id='word_1_4' title='bbox 1791 185 1867 258; x_wconf 74' lang='lat' dir='ltr'>‘toto</span> 
     </span>
    </p>
   </div>
   <div class='ocr_carea' id='block_1_2' title="bbox 115 321 1869 5573">
    <p class='ocr_par' dir='ltr' id='par_1_2' title="bbox 115 321 1869 5573">
     <span class='ocr_line' id='line_1_2' title="bbox 152 321 1868 406; baseline 0 -22"><span class='ocrx_word' id='word_1_5' title='bbox 152 321 289 386; x_wconf 74' lang='lat' dir='ltr'>&#39;estamit</span> <span class='ocrx_word' id='word_1_6' title='bbox 303 324 332 384; x_wconf 89' lang='lat' dir='ltr'>et</span> <span class='ocrx_word' id='word_1_7' title='bbox 344 321 375 382; x_wconf 92' lang='lat' dir='ltr'>in</span> <span class='ocrx_word' id='word_1_8' title='bbox 390 323 503 386; x_wconf 89' lang='lat' dir='ltr'>somnis</span> <span class='ocrx_word' id='word_1_9' title='bbox 527 321 636 387; x_wconf 87' lang='lat' dir='ltr'>scalam</span> <span class='ocrx_word' id='word_1_10' title='bbox 652 345 669 385; x_wconf 94' lang='lat' dir='ltr'>a</span> <span class='ocrx_word' id='word_1_11' title='bbox 683 328 767 387; x_wconf 86' lang='lat' dir='ltr'>terris</span> <span class='ocrx_word' id='word_1_12' title='bbox 781 329 983 405; x_wconf 75' lang='lat' dir='ltr'>attingentem,</span> <span class='ocrx_word' id='word_1_13' title='bbox 998 333 1027 399; x_wconf 79' lang='grc' dir='ltr'><strong>Α</strong></span> <span class='ocrx_word' id='word_1_14' title='bbox 1041 330 1259 389; x_wconf 79' lang='lat' dir='ltr'>damnationem</span> <span class='ocrx_word' id='word_1_15' title='bbox 1275 333 1456 406; x_wconf 77' lang='lat' dir='ltr'>aggerentes</span> <span class='ocrx_word' id='word_1_16' title='bbox 1473 326 1592 388; x_wconf 85' lang='lat' dir='ltr'>Utinam</span> <span class='ocrx_word' id='word_1_17' title='bbox 1605 332 1635 387; x_wconf 89' lang='lat' dir='ltr'>et</span> <span class='ocrx_word' id='word_1_18' title='bbox 1648 322 1723 402; x_wconf 71' lang='lat' dir='ltr'>ejus</span> <span class='ocrx_word' id='word_1_19' title='bbox 1738 325 1868 402; x_wconf 80' lang='lat' dir='ltr'>praeibas</span> 
     </span>
     <span class='ocr_line' id='line_1_3' title="bbox 160 416 1869 495; baseline 0 -21"><span class='ocrx_word' id='word_1_20' title='bbox 160 420 189 474; x_wconf 84' lang='lat' dir='ltr'>et</span> <span class='ocrx_word' id='word_1_21' title='bbox 204 416 323 490; x_wconf 80' lang='lat' dir='ltr'>angelos</span> <span class='ocrx_word' id='word_1_22' title='bbox 338 419 529 476; x_wconf 82' lang='lat' dir='ltr'>ascendentes</span> <span class='ocrx_word' id='word_1_23' title='bbox 542 424 571 475; x_wconf 92' lang='lat' dir='ltr'>et</span> <span class='ocrx_word' id='word_1_24' title='bbox 585 420 794 476; x_wconf 77' lang='lat' dir='ltr'>descendentes</span> <span class='ocrx_word' id='word_1_25' title='bbox 808 437 859 493; x_wconf 92' lang='lat' dir='ltr'>per</span> <span class='ocrx_word' id='word_1_26' title='bbox 869 438 944 489; x_wconf 91' lang='lat' dir='ltr'>eam,</span> <span class='ocrx_word' id='word_1_27' title='bbox 958 423 987 476; x_wconf 93' lang='lat' dir='ltr'>et</span> <span class='ocrx_word' id='word_1_28' title='bbox 1040 420 1176 495; x_wconf 85' lang='lat' dir='ltr'>gloriosis</span> <span class='ocrx_word' id='word_1_29' title='bbox 1191 421 1426 478; x_wconf 90' lang='lat' dir='ltr'>nobisDomiuus</span> <span class='ocrx_word' id='word_1_30' title='bbox 1436 420 1465 476; x_wconf 93' lang='lat' dir='ltr'>in</span> <span class='ocrx_word' id='word_1_31' title='bbox 1476 418 1694 476; x_wconf 89' lang='lat' dir='ltr'>tentationibus</span> <span class='ocrx_word' id='word_1_32' title='bbox 1706 417 1800 487; x_wconf 86' lang='lat' dir='ltr'>adsit,</span> <span class='ocrx_word' id='word_1_33' title='bbox 1810 434 1869 492; x_wconf 85' lang='lat' dir='ltr'>spe·</span> 
     </span>
     <span class='ocr_line' id='line_1_4' title="bbox 160 506 1869 584; baseline -0.001 -21"><span class='ocrx_word' id='word_1_34' title='bbox 160 506 317 563; x_wconf 87' lang='lat' dir='ltr'>Dominum</span> <span class='ocrx_word' id='word_1_35' title='bbox 333 506 466 564; x_wconf 84' lang='lat' dir='ltr'>innixum</span> <span class='ocrx_word' id='word_1_36' title='bbox 479 508 563 564; x_wconf 72' lang='lat' dir='ltr'>scales</span> <span class='ocrx_word' id='word_1_37' title='bbox 575 512 630 565; x_wconf 80' lang='lat' dir='ltr'>siti</span> <span class='ocrx_word' id='word_1_38' title='bbox 642 509 805 567; x_wconf 81' lang='lat' dir='ltr'>dicentem:</span> <span class='ocrx_word' id='word_1_39' title='bbox 823 534 836 560; x_wconf 89' lang='lat'>«</span> <span class='ocrx_word' id='word_1_40' title='bbox 849 511 908 584; x_wconf 83' lang='lat' dir='ltr'>Ego</span> <span class='ocrx_word' id='word_1_41' title='bbox 919 527 985 566; x_wconf 88' lang='lat' dir='ltr'>sum</span> <span class='ocrx_word' id='word_1_42' title='bbox 1040 510 1096 567; x_wconf 93' lang='lat' dir='ltr'>riat</span> <span class='ocrx_word' id='word_1_43' title='bbox 1113 510 1197 567; x_wconf 93' lang='lat' dir='ltr'>nobis</span> <span class='ocrx_word' id='word_1_44' title='bbox 1217 509 1340 567; x_wconf 81' lang='lat' dir='ltr'>insidias</span> <span class='ocrx_word' id='word_1_45' title='bbox 1356 510 1468 566; x_wconf 80' lang='lat' dir='ltr'>Satane</span> <span class='ocrx_word' id='word_1_46' title='bbox 1484 515 1512 566; x_wconf 92' lang='lat' dir='ltr'>et</span> <span class='ocrx_word' id='word_1_47' title='bbox 1527 509 1615 566; x_wconf 87' lang='lat' dir='ltr'>faeiat</span> <span class='ocrx_word' id='word_1_48' title='bbox 1631 507 1724 564; x_wconf 91' lang='lat' dir='ltr'>nobis</span> <span class='ocrx_word' id='word_1_49' title='bbox 1741 507 1772 563; x_wconf 90' lang='lat' dir='ltr'>in</span> <span class='ocrx_word' id='word_1_50' title='bbox 1788 507 1869 563; x_wconf 87' lang='lat' dir='ltr'>vieto·</span> 
     </span>
     <span class='ocr_line' id='line_1_5' title="bbox 160 595 1868 673; baseline 0.001 -22"><span class='ocrx_word' id='word_1_51' title='bbox 160 595 237 652; x_wconf 87' lang='lat' dir='ltr'>Deus</span> <span class='ocrx_word' id='word_1_52' title='bbox 252 596 399 653; x_wconf 81' lang='lat' dir='ltr'>Abraham</span> <span class='ocrx_word' id='word_1_53' title='bbox 410 600 439 653; x_wconf 91' lang='lat' dir='ltr'>et</span> <span class='ocrx_word' id='word_1_54' title='bbox 451 598 530 654; x_wconf 86' lang='lat' dir='ltr'>Isaac</span> <span class='ocrx_word' id='word_1_55' title='bbox 545 599 620 668; x_wconf 84' lang='lat' dir='ltr'>(Gen.</span> <span class='ocrx_word' id='word_1_56' title='bbox 636 602 748 668; x_wconf 85' lang='lat' dir='ltr'>xxvnr.)</span> <span class='ocrx_word' id='word_1_57' title='bbox 759 623 771 648; x_wconf 86' lang='lat'>»</span> <span class='ocrx_word' id='word_1_58' title='bbox 789 599 987 671; x_wconf 89' lang='lat' dir='ltr'>tluicquoque</span> <span class='ocrx_word' id='word_1_59' title='bbox 1040 598 1114 656; x_wconf 91' lang='lat' dir='ltr'>riam</span> <span class='ocrx_word' id='word_1_60' title='bbox 1130 600 1298 673; x_wconf 88' lang='lat' dir='ltr'>proveniret</span> <span class='ocrx_word' id='word_1_61' title='bbox 1327 599 1490 672; x_wconf 81' lang='lat' dir='ltr'>Septimum</span> <span class='ocrx_word' id='word_1_62' title='bbox 1515 598 1698 654; x_wconf 89' lang='lat' dir='ltr'>beneficium</span> <span class='ocrx_word' id='word_1_63' title='bbox 1723 603 1781 662; x_wconf 81' lang='lat' dir='ltr'>est,</span> <span class='ocrx_word' id='word_1_64' title='bbox 1803 597 1868 669; x_wconf 92' lang='lat' dir='ltr'>quod</span> 
     </span>
     <span class='ocr_line' id='line_1_6' title="bbox 151 684 1868 762; baseline 0.001 -22"><span class='ocrx_word' id='word_1_65' title='bbox 151 684 243 741; x_wconf 83' lang='lat' dir='ltr'>&#39;beato</span> <span class='ocrx_word' id='word_1_66' title='bbox 269 685 427 742; x_wconf 90' lang='lat' dir='ltr'>confessori</span> <span class='ocrx_word' id='word_1_67' title='bbox 454 687 581 743; x_wconf 87' lang='lat' dir='ltr'>ostendit</span> <span class='ocrx_word' id='word_1_68' title='bbox 613 689 751 744; x_wconf 88' lang='lat' dir='ltr'>Dominus</span> <span class='ocrx_word' id='word_1_69' title='bbox 772 689 861 745; x_wconf 91' lang='lat' dir='ltr'>etiam</span> <span class='ocrx_word' id='word_1_70' title='bbox 876 689 905 745; x_wconf 94' lang='lat' dir='ltr'>in</span> <span class='ocrx_word' id='word_1_71' title='bbox 931 688 986 744; x_wconf 88' lang='lat' dir='ltr'>hac</span> <span class='ocrx_word' id='word_1_72' title='bbox 1041 690 1183 746; x_wconf 90' lang='lat' dir='ltr'>Dominus</span> <span class='ocrx_word' id='word_1_73' title='bbox 1207 691 1349 746; x_wconf 79' lang='lat' dir='ltr'>tenestem</span> <span class='ocrx_word' id='word_1_74' title='bbox 1366 688 1667 762; x_wconf 81' lang='lat' dir='ltr'>secitJacob,utpote</span> <span class='ocrx_word' id='word_1_75' title='bbox 1684 687 1868 759; x_wconf 82' lang='lat' dir='ltr'>quembcnis</span> 
     </span>
     <span class='ocr_line' id='line_1_7' title="bbox 158 771 1866 851; baseline 0.001 -22"><span class='ocrx_word' id='word_1_76' title='bbox 158 773 218 830; x_wconf 90' lang='lat' dir='ltr'>vita</span> <span class='ocrx_word' id='word_1_77' title='bbox 233 790 354 848; x_wconf 76' lang='lat' dir='ltr'>regnum</span> <span class='ocrx_word' id='word_1_78' title='bbox 372 792 459 831; x_wconf 92' lang='lat' dir='ltr'>suum</span> <span class='ocrx_word' id='word_1_79' title='bbox 477 793 527 848; x_wconf 87' lang='lat' dir='ltr'>per</span> <span class='ocrx_word' id='word_1_80' title='bbox 542 794 630 833; x_wconf 78' lang='lat' dir='ltr'>sacre</span> <span class='ocrx_word' id='word_1_81' title='bbox 650 777 805 850; x_wconf 75' lang='lat' dir='ltr'>Scriptura</span> <span class='ocrx_word' id='word_1_82' title='bbox 822 777 985 851; x_wconf 85' lang='lat' dir='ltr'>intelligen-</span> <span class='ocrx_word' id='word_1_83' title='bbox 1041 779 1173 834; x_wconf 91' lang='lat' dir='ltr'>moribus</span> <span class='ocrx_word' id='word_1_84' title='bbox 1184 778 1360 845; x_wconf 80' lang='lat' dir='ltr'>exornanda,</span> <span class='ocrx_word' id='word_1_85' title='bbox 1372 771 1866 847; x_wconf 81' lang='lat' dir='ltr'>virtutibusillustrand0,operibur</span> 
     </span>
     <span class='ocr_line' id='line_1_8' title="bbox 159 859 1864 939; baseline 0.001 -21"><span class='ocrx_word' id='word_1_86' title='bbox 159 859 242 929; x_wconf 87' lang='lat' dir='ltr'>tiam,</span> <span class='ocrx_word' id='word_1_87' title='bbox 259 880 310 935; x_wconf 91' lang='lat' dir='ltr'>per</span> <span class='ocrx_word' id='word_1_88' title='bbox 326 863 508 937; x_wconf 86' lang='lat' dir='ltr'>spiritualem</span> <span class='ocrx_word' id='word_1_89' title='bbox 519 865 806 939; x_wconf 84' lang='lat' dir='ltr'>contemplationem,</span> <span class='ocrx_word' id='word_1_90' title='bbox 820 884 872 939; x_wconf 92' lang='lat' dir='ltr'>per</span> <span class='ocrx_word' id='word_1_91' title='bbox 882 883 985 939; x_wconf 88' lang='lat' dir='ltr'>quam·</span> <span class='ocrx_word' id='word_1_92' title='bbox 1040 867 1216 936; x_wconf 85' lang='lat' dir='ltr'>decorando,</span> <span class='ocrx_word' id='word_1_93' title='bbox 1233 884 1285 923; x_wconf 91' lang='lat' dir='ltr'>suo</span> <span class='ocrx_word' id='word_1_94' title='bbox 1298 866 1426 938; x_wconf 88' lang='lat' dir='ltr'>alloquio</span> <span class='ocrx_word' id='word_1_95' title='bbox 1437 865 1583 938; x_wconf 82' lang='lat' dir='ltr'>dignando</span> <span class='ocrx_word' id='word_1_96' title='bbox 1601 862 1750 919; x_wconf 88' lang='lat' dir='ltr'>omnibus</span> <span class='ocrx_word' id='word_1_97' title='bbox 1765 864 1864 919; x_wconf 79' lang='lat' dir='ltr'>seculis</span> 
     </span>
     <span class='ocr_line' id='line_1_9' title="bbox 159 951 1863 1028; baseline -0.001 -20"><span class='ocrx_word' id='word_1_98' title='bbox 159 951 226 1008; x_wconf 87' lang='lat' dir='ltr'>dam</span> <span class='ocrx_word' id='word_1_99' title='bbox 243 953 346 1008; x_wconf 75' lang='lat' dir='ltr'>future</span> <span class='ocrx_word' id='word_1_100' title='bbox 358 953 548 1010; x_wconf 86' lang='lat' dir='ltr'>beatitudinis</span> <span class='ocrx_word' id='word_1_101' title='bbox 558 955 797 1027; x_wconf 72' lang='lat' dir='ltr'>praelibationem.</span> <span class='ocrx_word' id='word_1_102' title='bbox 811 958 893 1011; x_wconf 89' lang='lat' dir='ltr'>Nunc</span> <span class='ocrx_word' id='word_1_103' title='bbox 907 972 984 1021; x_wconf 88' lang='lat' dir='ltr'>vero,</span> <span class='ocrx_word' id='word_1_104' title='bbox 1039 957 1237 1011; x_wconf 84' lang='lat' dir='ltr'>venerandum</span> <span class='ocrx_word' id='word_1_105' title='bbox 1255 955 1321 1011; x_wconf 90' lang='lat' dir='ltr'>fecit</span> <span class='ocrx_word' id='word_1_106' title='bbox 1332 958 1419 1028; x_wconf 88' lang='lat' dir='ltr'>atque</span> <span class='ocrx_word' id='word_1_107' title='bbox 1433 953 1626 1009; x_wconf 90' lang='lat' dir='ltr'>laudandum.</span> <span class='ocrx_word' id='word_1_108' title='bbox 1643 953 1745 1008; x_wconf 87' lang='lat' dir='ltr'>latum</span> <span class='ocrx_word' id='word_1_109' title='bbox 1762 969 1863 1025; x_wconf 87' lang='lat' dir='ltr'>quoque</span> 
     </span>
     <span class='ocr_line' id='line_1_10' title="bbox 158 1041 1860 1119; baseline 0.001 -23"><span class='ocrx_word' id='word_1_110' title='bbox 158 1041 986 1117; x_wconf 83' lang='lat' dir='ltr'>caruespoliato,ostenditilludperpraesentiamfruitio·</span> <span class='ocrx_word' id='word_1_111' title='bbox 1039 1046 1200 1119; x_wconf 85' lang='lat' dir='ltr'>gloriosum</span> <span class='ocrx_word' id='word_1_112' title='bbox 1227 1047 1423 1102; x_wconf 90' lang='lat' dir='ltr'>confessorem</span> <span class='ocrx_word' id='word_1_113' title='bbox 1450 1044 1607 1100; x_wconf 87' lang='lat' dir='ltr'>honestum</span> <span class='ocrx_word' id='word_1_114' title='bbox 1634 1043 1719 1109; x_wconf 88' lang='lat' dir='ltr'>fecit,</span> <span class='ocrx_word' id='word_1_115' title='bbox 1744 1041 1860 1098; x_wconf 81' lang='lat' dir='ltr'>videlicet</span> 
     </span>
     <span class='ocr_line' id='line_1_11' title="bbox 157 1130 1858 1204; baseline 0.001 -18"><span class='ocrx_word' id='word_1_116' title='bbox 157 1130 205 1186; x_wconf 87' lang='lat' dir='ltr'>his</span> <span class='ocrx_word' id='word_1_117' title='bbox 220 1130 301 1204; x_wconf 82' lang='lat' dir='ltr'>regni</span> <span class='ocrx_word' id='word_1_118' title='bbox 316 1131 390 1203; x_wconf 88' lang='lat' dir='ltr'>ejus.</span> <span class='ocrx_word' id='word_1_119' title='bbox 409 1131 526 1189; x_wconf 90' lang='lat' dir='ltr'>Utinam</span> <span class='ocrx_word' id='word_1_120' title='bbox 537 1138 566 1189; x_wconf 90' lang='lat' dir='ltr'>et</span> <span class='ocrx_word' id='word_1_121' title='bbox 581 1134 676 1199; x_wconf 89' lang='lat' dir='ltr'>nobis,</span> <span class='ocrx_word' id='word_1_122' title='bbox 693 1134 875 1204; x_wconf 85' lang='lat' dir='ltr'>fratresmei,</span> <span class='ocrx_word' id='word_1_123' title='bbox 887 1138 984 1189; x_wconf 88' lang='lat' dir='ltr'>osten·</span> <span class='ocrx_word' id='word_1_124' title='bbox 1038 1135 1190 1191; x_wconf 90' lang='lat' dir='ltr'>honestate</span> <span class='ocrx_word' id='word_1_125' title='bbox 1213 1139 1319 1191; x_wconf 81' lang='lat' dir='ltr'>sancte</span> <span class='ocrx_word' id='word_1_126' title='bbox 1345 1133 1584 1202; x_wconf 89' lang='lat' dir='ltr'>conversationis,</span> <span class='ocrx_word' id='word_1_127' title='bbox 1609 1131 1772 1188; x_wconf 86' lang='lat' dir='ltr'>honestate</span> <span class='ocrx_word' id='word_1_128' title='bbox 1794 1132 1858 1187; x_wconf 86' lang='lat' dir='ltr'>bona</span> 
     </span>
     <span class='ocr_line' id='line_1_12' title="bbox 153 1220 1859 1304; baseline 0 -28"><span class='ocrx_word' id='word_1_129' title='bbox 153 1220 209 1304; x_wconf 80' lang='lat' dir='ltr'>dat</span> <span class='ocrx_word' id='word_1_130' title='bbox 224 1220 359 1277; x_wconf 89' lang='lat' dir='ltr'>similiter</span> <span class='ocrx_word' id='word_1_131' title='bbox 373 1236 496 1294; x_wconf 80' lang='lat' dir='ltr'>regnum</span> <span class='ocrx_word' id='word_1_132' title='bbox 512 1239 610 1289; x_wconf 90' lang='lat' dir='ltr'>suum,</span> <span class='ocrx_word' id='word_1_133' title='bbox 623 1228 768 1296; x_wconf 88' lang='lat' dir='ltr'>quatenus</span> <span class='ocrx_word' id='word_1_134' title='bbox 779 1224 843 1295; x_wconf 88' lang='lat' dir='ltr'>ejus</span> <span class='ocrx_word' id='word_1_135' title='bbox 858 1223 945 1280; x_wconf 91' lang='lat' dir='ltr'>odore</span> <span class='ocrx_word' id='word_1_136' title='bbox 957 1228 985 1280; x_wconf 91' lang='lat' dir='ltr'>et</span> <span class='ocrx_word' id='word_1_137' title='bbox 1039 1225 1197 1297; x_wconf 87' lang='lat' dir='ltr'>opinionis,</span> <span class='ocrx_word' id='word_1_138' title='bbox 1223 1224 1376 1281; x_wconf 89' lang='lat' dir='ltr'>honestate</span> <span class='ocrx_word' id='word_1_139' title='bbox 1399 1222 1551 1290; x_wconf 89' lang='lat' dir='ltr'>virtutum,</span> <span class='ocrx_word' id='word_1_140' title='bbox 1573 1221 1737 1278; x_wconf 87' lang='lat' dir='ltr'>honestate</span> <span class='ocrx_word' id='word_1_141' title='bbox 1750 1220 1859 1276; x_wconf 86' lang='lat' dir='ltr'>miracu·</span> 
     </span>
     <span class='ocr_line' id='line_1_13' title="bbox 157 1306 1860 1379; baseline -0.001 -13"><span class='ocrx_word' id='word_1_142' title='bbox 157 1306 470 1375; x_wconf 79' lang='lat' dir='ltr'>desiderrotrahamur,</span> <span class='ocrx_word' id='word_1_143' title='bbox 480 1311 983 1378; x_wconf 71' lang='lat' dir='ltr'>dicentescumPsalmistatoouam</span> <span class='ocrx_word' id='word_1_144' title='bbox 1038 1314 1145 1371; x_wconf 93' lang='lat' dir='ltr'>lorum.</span> <span class='ocrx_word' id='word_1_145' title='bbox 1163 1315 1293 1379; x_wconf 87' lang='lat' dir='ltr'>Utinam,</span> <span class='ocrx_word' id='word_1_146' title='bbox 1310 1314 1414 1370; x_wconf 91' lang='lat' dir='ltr'>fratres</span> <span class='ocrx_word' id='word_1_147' title='bbox 1430 1312 1498 1378; x_wconf 87' lang='lat' dir='ltr'>mai,</span> <span class='ocrx_word' id='word_1_148' title='bbox 1513 1316 1541 1367; x_wconf 89' lang='lat' dir='ltr'>et</span> <span class='ocrx_word' id='word_1_149' title='bbox 1555 1327 1610 1367; x_wconf 91' lang='lat' dir='ltr'>nos</span> <span class='ocrx_word' id='word_1_150' title='bbox 1625 1309 1776 1367; x_wconf 85' lang='lat' dir='ltr'>Dominus</span> <span class='ocrx_word' id='word_1_151' title='bbox 1790 1308 1860 1365; x_wconf 85' lang='lat' dir='ltr'>faciat</span> 
     </span>
     <span class='ocr_line' id='line_1_14' title="bbox 157 1397 1860 1474; baseline -0.001 -19"><span class='ocrx_word' id='word_1_152' title='bbox 157 1413 265 1471; x_wconf 79' lang='lat' dir='ltr'>magna</span> <span class='ocrx_word' id='word_1_153' title='bbox 286 1399 442 1456; x_wconf 89' lang='lat' dir='ltr'>multitudo</span> <span class='ocrx_word' id='word_1_154' title='bbox 467 1400 630 1457; x_wconf 86' lang='lat' dir='ltr'>dulcedinis</span> <span class='ocrx_word' id='word_1_155' title='bbox 654 1406 721 1472; x_wconf 79' lang='lat' dir='ltr'>tum,</span> <span class='ocrx_word' id='word_1_156' title='bbox 745 1403 877 1471; x_wconf 92' lang='lat' dir='ltr'>Domine,</span> <span class='ocrx_word' id='word_1_157' title='bbox 894 1419 983 1474; x_wconf 90' lang='lat' dir='ltr'>quam</span> <span class='ocrx_word' id='word_1_158' title='bbox 1038 1403 1187 1469; x_wconf 90' lang='lat' dir='ltr'>honestos,</span> <span class='ocrx_word' id='word_1_159' title='bbox 1203 1408 1235 1458; x_wconf 89' lang='lat' dir='ltr'>ut</span> <span class='ocrx_word' id='word_1_160' title='bbox 1250 1419 1365 1459; x_wconf 90' lang='lat' dir='ltr'>omnem</span> <span class='ocrx_word' id='word_1_161' title='bbox 1383 1401 1597 1458; x_wconf 84' lang='lat' dir='ltr'>inhonestatem</span> <span class='ocrx_word' id='word_1_162' title='bbox 1615 1398 1781 1472; x_wconf 82' lang='lat' dir='ltr'>fugiente,</span> <span class='ocrx_word' id='word_1_163' title='bbox 1791 1397 1816 1454; x_wconf 89' lang='lat' dir='ltr'>ei</span> <span class='ocrx_word' id='word_1_164' title='bbox 1824 1397 1860 1454; x_wconf 86' lang='lat' dir='ltr'>bo</span> 
     </span>
     <span class='ocr_line' id='line_1_15' title="bbox 156 1488 1501 1563; baseline 0.001 -19"><span class='ocrx_word' id='word_1_165' title='bbox 156 1488 310 1544; x_wconf 86' lang='lat' dir='ltr'>ostendisti</span> <span class='ocrx_word' id='word_1_166' title='bbox 326 1488 499 1545; x_wconf 90' lang='lat' dir='ltr'>timentibus</span> <span class='ocrx_word' id='word_1_167' title='bbox 510 1490 550 1546; x_wconf 89' lang='lat' dir='ltr'>tei</span> <span class='ocrx_word' id='word_1_168' title='bbox 567 1491 651 1563; x_wconf 76' lang='lat' dir='ltr'>(Psoi.</span> <span class='ocrx_word' id='word_1_169' title='bbox 663 1495 742 1559; x_wconf 82' lang='lat' dir='ltr'>xxx.)</span> <span class='ocrx_word' id='word_1_170' title='bbox 753 1492 884 1547; x_wconf 83' lang='lat' dir='ltr'>&#39;fortium</span> <span class='ocrx_word' id='word_1_171' title='bbox 896 1492 983 1547; x_wconf 90' lang='lat' dir='ltr'>bene·</span> <span class='ocrx_word' id='word_1_172' title='bbox 1039 1499 1120 1549; x_wconf 88' lang='lat' dir='ltr'>nesle</span> <span class='ocrx_word' id='word_1_173' title='bbox 1136 1509 1302 1549; x_wconf 89' lang='lat' dir='ltr'>mereamur</span> <span class='ocrx_word' id='word_1_174' title='bbox 1316 1489 1501 1547; x_wconf 82' lang='lat' dir='ltr'>ministraret</span> 
     </span>
     <span class='ocr_line' id='line_1_16' title="bbox 156 1575 1860 1652; baseline 0.002 -21"><span class='ocrx_word' id='word_1_175' title='bbox 156 1575 256 1633; x_wconf 88' lang='lat' dir='ltr'>ficium</span> <span class='ocrx_word' id='word_1_176' title='bbox 271 1580 317 1634; x_wconf 91' lang='lat' dir='ltr'>est</span> <span class='ocrx_word' id='word_1_177' title='bbox 330 1579 408 1651; x_wconf 90' lang='lat' dir='ltr'>quod</span> <span class='ocrx_word' id='word_1_178' title='bbox 422 1580 561 1636; x_wconf 88' lang='lat' dir='ltr'>Dominus</span> <span class='ocrx_word' id='word_1_179' title='bbox 571 1580 644 1636; x_wconf 85' lang='lat' dir='ltr'>dedit</span> <span class='ocrx_word' id='word_1_180' title='bbox 657 1579 747 1637; x_wconf 82' lang='lat' dir='ltr'>Jacob</span> <span class='ocrx_word' id='word_1_181' title='bbox 761 1583 905 1637; x_wconf 81' lang='lat' dir='ltr'>scientiam</span> <span class='ocrx_word' id='word_1_182' title='bbox 918 1598 983 1637; x_wconf 81' lang='lat' dir='ltr'>aeo-</span> <span class='ocrx_word' id='word_1_183' title='bbox 1074 1582 1213 1638; x_wconf 86' lang='lat' dir='ltr'>Octavum</span> <span class='ocrx_word' id='word_1_184' title='bbox 1237 1580 1410 1637; x_wconf 79' lang='lat' dir='ltr'>beneficium</span> <span class='ocrx_word' id='word_1_185' title='bbox 1433 1584 1487 1646; x_wconf 90' lang='lat' dir='ltr'>est,</span> <span class='ocrx_word' id='word_1_186' title='bbox 1508 1578 1586 1652; x_wconf 88' lang='lat' dir='ltr'>quod</span> <span class='ocrx_word' id='word_1_187' title='bbox 1613 1577 1766 1635; x_wconf 87' lang='lat' dir='ltr'>Dominus</span> <span class='ocrx_word' id='word_1_188' title='bbox 1786 1585 1860 1634; x_wconf 75' lang='lat' dir='ltr'>emto</span> 
     </span>
     <span class='ocr_line' id='line_1_17' title="bbox 156 1667 1862 1772; baseline -0.001 -50"><span class='ocrx_word' id='word_1_189' title='bbox 156 1674 279 1722; x_wconf 73' lang='lat' dir='ltr'>morum:</span> <span class='ocrx_word' id='word_1_190' title='bbox 295 1683 383 1739; x_wconf 91' lang='lat' dir='ltr'>quam</span> <span class='ocrx_word' id='word_1_191' title='bbox 397 1668 501 1724; x_wconf 87' lang='lat' dir='ltr'>babuit</span> <span class='ocrx_word' id='word_1_192' title='bbox 516 1674 576 1725; x_wconf 91' lang='lat' dir='ltr'>tam</span> <span class='ocrx_word' id='word_1_193' title='bbox 588 1670 617 1725; x_wconf 92' lang='lat' dir='ltr'>in</span> <span class='ocrx_word' id='word_1_194' title='bbox 630 1669 841 1743; x_wconf 87' lang='lat' dir='ltr'>temporalibus</span> <span class='ocrx_word' id='word_1_195' title='bbox 852 1687 942 1743; x_wconf 90' lang='lat' dir='ltr'>quam</span> <span class='ocrx_word' id='word_1_196' title='bbox 954 1671 983 1725; x_wconf 92' lang='lat' dir='ltr'>in</span> <span class='ocrx_word' id='word_1_197' title='bbox 997 1707 1022 1772; x_wconf 78' lang='grc' dir='ltr'><strong>Β</strong></span> <span class='ocrx_word' id='word_1_198' title='bbox 1037 1672 1107 1728; x_wconf 83' lang='lat' dir='ltr'>divit</span> <span class='ocrx_word' id='word_1_199' title='bbox 1128 1671 1217 1727; x_wconf 85' lang='lat' dir='ltr'>Jacob</span> <span class='ocrx_word' id='word_1_200' title='bbox 1239 1672 1274 1727; x_wconf 82' lang='lat' dir='ltr'>nt</span> <span class='ocrx_word' id='word_1_201' title='bbox 1298 1672 1431 1736; x_wconf 84' lang='lat' dir='ltr'>inimicis,</span> <span class='ocrx_word' id='word_1_202' title='bbox 1447 1668 1614 1724; x_wconf 89' lang='lat' dir='ltr'>videlieeta</span> <span class='ocrx_word' id='word_1_203' title='bbox 1639 1667 1735 1723; x_wconf 80' lang='lat' dir='ltr'>fratre</span> <span class='ocrx_word' id='word_1_204' title='bbox 1749 1682 1804 1722; x_wconf 92' lang='lat' dir='ltr'>suo</span> <span class='ocrx_word' id='word_1_205' title='bbox 1817 1671 1862 1722; x_wconf 82' lang='lat' dir='ltr'>ets</span> 
     </span>
     <span class='ocr_line' id='line_1_18' title="bbox 132 1753 1862 1829; baseline 0 -19"><span class='ocrx_word' id='word_1_206' title='bbox 132 1753 263 1811; x_wconf 69' lang='lat' dir='ltr'>divinis</span> <span class='ocrx_word' id='word_1_207' title='bbox 287 1756 384 1814; x_wconf 86' lang='lat' dir='ltr'>rebus.</span> <span class='ocrx_word' id='word_1_208' title='bbox 410 1758 518 1815; x_wconf 80' lang='lat' dir='ltr'>lterum</span> <span class='ocrx_word' id='word_1_209' title='bbox 534 1759 613 1815; x_wconf 92' lang='lat' dir='ltr'>enim</span> <span class='ocrx_word' id='word_1_210' title='bbox 630 1763 751 1816; x_wconf 88' lang='lat' dir='ltr'>naturas</span> <span class='ocrx_word' id='word_1_211' title='bbox 766 1759 981 1826; x_wconf 85' lang='lat' dir='ltr'>animadvertit,</span> <span class='ocrx_word' id='word_1_212' title='bbox 1036 1760 1219 1829; x_wconf 85' lang='lat' dir='ltr'>Chananaeis,</span> <span class='ocrx_word' id='word_1_213' title='bbox 1246 1760 1365 1815; x_wconf 88' lang='lat' dir='ltr'>fratrem</span> <span class='ocrx_word' id='word_1_214' title='bbox 1389 1775 1476 1815; x_wconf 91' lang='lat' dir='ltr'>suum</span> <span class='ocrx_word' id='word_1_215' title='bbox 1501 1757 1526 1814; x_wconf 89' lang='lat' dir='ltr'>ei</span> <span class='ocrx_word' id='word_1_216' title='bbox 1550 1756 1730 1829; x_wconf 88' lang='lat' dir='ltr'>pacificans,</span> <span class='ocrx_word' id='word_1_217' title='bbox 1756 1759 1862 1812; x_wconf 76' lang='lat' dir='ltr'>ceteros</span> 
     </span>
     <span class='ocr_line' id='line_1_19' title="bbox 144 1845 1862 1921; baseline -0.001 -20"><span class='ocrx_word' id='word_1_218' title='bbox 144 1856 203 1901; x_wconf 72' lang='lat' dir='ltr'>‘res</span> <span class='ocrx_word' id='word_1_219' title='bbox 218 1845 394 1919; x_wconf 89' lang='lat' dir='ltr'>temporales</span> <span class='ocrx_word' id='word_1_220' title='bbox 409 1848 569 1920; x_wconf 90' lang='lat' dir='ltr'>prudenter</span> <span class='ocrx_word' id='word_1_221' title='bbox 592 1849 780 1917; x_wconf 89' lang='lat' dir='ltr'>ministravit,</span> <span class='ocrx_word' id='word_1_222' title='bbox 796 1849 922 1905; x_wconf 89' lang='lat' dir='ltr'>visiones</span> <span class='ocrx_word' id='word_1_223' title='bbox 937 1848 985 1904; x_wconf 90' lang='lat' dir='ltr'>in·</span> <span class='ocrx_word' id='word_1_224' title='bbox 1037 1866 1073 1906; x_wconf 90' lang='lat' dir='ltr'>ue</span> <span class='ocrx_word' id='word_1_225' title='bbox 1096 1849 1121 1905; x_wconf 94' lang='lat' dir='ltr'>ei</span> <span class='ocrx_word' id='word_1_226' title='bbox 1151 1865 1255 1905; x_wconf 89' lang='lat' dir='ltr'>nocere</span> <span class='ocrx_word' id='word_1_227' title='bbox 1284 1852 1405 1921; x_wconf 87' lang='lat' dir='ltr'>possent</span> <span class='ocrx_word' id='word_1_228' title='bbox 1433 1847 1592 1904; x_wconf 81' lang='lat' dir='ltr'>refrenans.</span> <span class='ocrx_word' id='word_1_229' title='bbox 1626 1846 1726 1902; x_wconf 89' lang='lat' dir='ltr'>Istum</span> <span class='ocrx_word' id='word_1_230' title='bbox 1757 1861 1862 1917; x_wconf 86' lang='lat' dir='ltr'>quoquc</span> 
     </span>
     <span class='ocr_line' id='line_1_20' title="bbox 153 1933 1861 2011; baseline -0.001 -21"><span class='ocrx_word' id='word_1_231' title='bbox 153 1933 275 2002; x_wconf 85' lang='lat' dir='ltr'>tellexit,</span> <span class='ocrx_word' id='word_1_232' title='bbox 292 1935 428 2008; x_wconf 91' lang='lat' dir='ltr'>spiritum</span> <span class='ocrx_word' id='word_1_233' title='bbox 439 1937 635 2010; x_wconf 82' lang='lat' dir='ltr'>prophetisin</span> <span class='ocrx_word' id='word_1_234' title='bbox 651 1938 708 1994; x_wconf 86' lang='lat' dir='ltr'>frne</span> <span class='ocrx_word' id='word_1_235' title='bbox 720 1938 832 1995; x_wconf 86' lang='lat' dir='ltr'>babuit..</span> <span class='ocrx_word' id='word_1_236' title='bbox 845 1938 983 2011; x_wconf 91' lang='lat' dir='ltr'>lstequo-</span> <span class='ocrx_word' id='word_1_237' title='bbox 1037 1938 1155 1994; x_wconf 86' lang='lat' dir='ltr'>beatum</span> <span class='ocrx_word' id='word_1_238' title='bbox 1181 1937 1377 1994; x_wconf 88' lang='lat' dir='ltr'>confessorem</span> <span class='ocrx_word' id='word_1_239' title='bbox 1402 1935 1561 1992; x_wconf 89' lang='lat' dir='ltr'>custodivit</span> <span class='ocrx_word' id='word_1_240' title='bbox 1583 1934 1735 1991; x_wconf 87' lang='lat' dir='ltr'>Dominus</span> <span class='ocrx_word' id='word_1_241' title='bbox 1758 1934 1795 1990; x_wconf 91' lang='lat' dir='ltr'>ab</span> <span class='ocrx_word' id='word_1_242' title='bbox 1815 1934 1861 1988; x_wconf 89' lang='lat' dir='ltr'>ini·</span> 
     </span>
     <span class='ocr_line' id='line_1_21' title="bbox 152 2023 1861 2098; baseline -0.001 -20"><span class='ocrx_word' id='word_1_243' title='bbox 152 2029 212 2096; x_wconf 86' lang='lat' dir='ltr'>&#39;que</span> <span class='ocrx_word' id='word_1_244' title='bbox 234 2028 356 2081; x_wconf 87' lang='lat' dir='ltr'>sanctus</span> <span class='ocrx_word' id='word_1_245' title='bbox 376 2026 525 2082; x_wconf 87' lang='lat' dir='ltr'>confessor</span> <span class='ocrx_word' id='word_1_246' title='bbox 549 2026 701 2084; x_wconf 88' lang='lat' dir='ltr'>scientiam</span> <span class='ocrx_word' id='word_1_247' title='bbox 726 2030 785 2082; x_wconf 91' lang='lat' dir='ltr'>tam</span> <span class='ocrx_word' id='word_1_248' title='bbox 799 2030 981 2094; x_wconf 75' lang='lat' dir='ltr'>terrenorum</span> <span class='ocrx_word' id='word_1_249' title='bbox 1037 2027 1121 2084; x_wconf 91' lang='lat' dir='ltr'>micis</span> <span class='ocrx_word' id='word_1_250' title='bbox 1136 2028 1208 2095; x_wconf 90' lang='lat' dir='ltr'>suis,</span> <span class='ocrx_word' id='word_1_251' title='bbox 1225 2044 1283 2083; x_wconf 92' lang='lat' dir='ltr'>uon</span> <span class='ocrx_word' id='word_1_252' title='bbox 1295 2026 1373 2098; x_wconf 90' lang='lat' dir='ltr'>quod</span> <span class='ocrx_word' id='word_1_253' title='bbox 1385 2024 1509 2097; x_wconf 86' lang='lat' dir='ltr'>iujurias</span> <span class='ocrx_word' id='word_1_254' title='bbox 1525 2041 1582 2080; x_wconf 91' lang='lat' dir='ltr'>non</span> <span class='ocrx_word' id='word_1_255' title='bbox 1597 2023 1758 2091; x_wconf 79' lang='lat' dir='ltr'>inferrent,</span> <span class='ocrx_word' id='word_1_256' title='bbox 1773 2023 1821 2080; x_wconf 85' lang='lat' dir='ltr'>sed</span> <span class='ocrx_word' id='word_1_257' title='bbox 1832 2038 1861 2078; x_wconf 87' lang='lat' dir='ltr'>ne</span> 
     </span>
     <span class='ocr_line' id='line_1_22' title="bbox 155 2110 1860 2189; baseline -0.001 -21"><span class='ocrx_word' id='word_1_258' title='bbox 155 2129 245 2185; x_wconf 88' lang='lat' dir='ltr'>quam</span> <span class='ocrx_word' id='word_1_259' title='bbox 254 2111 416 2170; x_wconf 89' lang='lat' dir='ltr'>coelestium</span> <span class='ocrx_word' id='word_1_260' title='bbox 425 2115 537 2186; x_wconf 92' lang='lat' dir='ltr'>babuit,</span> <span class='ocrx_word' id='word_1_261' title='bbox 547 2113 597 2188; x_wconf 92' lang='lat' dir='ltr'>qui</span> <span class='ocrx_word' id='word_1_262' title='bbox 605 2119 745 2188; x_wconf 89' lang='lat' dir='ltr'>tanquam</span> <span class='ocrx_word' id='word_1_263' title='bbox 756 2116 886 2187; x_wconf 89' lang='lat' dir='ltr'>prudens</span> <span class='ocrx_word' id='word_1_264' title='bbox 897 2132 983 2189; x_wconf 86' lang='lat' dir='ltr'>nego·</span> <span class='ocrx_word' id='word_1_265' title='bbox 1036 2116 1062 2173; x_wconf 92' lang='lat' dir='ltr'>ei</span> <span class='ocrx_word' id='word_1_266' title='bbox 1078 2117 1253 2189; x_wconf 85' lang='lat' dir='ltr'>injuriantes</span> <span class='ocrx_word' id='word_1_267' title='bbox 1269 2119 1415 2182; x_wconf 87' lang='lat' dir='ltr'>nocerent,</span> <span class='ocrx_word' id='word_1_268' title='bbox 1428 2114 1487 2170; x_wconf 90' lang='lat' dir='ltr'>imo</span> <span class='ocrx_word' id='word_1_269' title='bbox 1503 2113 1602 2186; x_wconf 90' lang='lat' dir='ltr'>potius</span> <span class='ocrx_word' id='word_1_270' title='bbox 1619 2113 1809 2186; x_wconf 85' lang='lat' dir='ltr'>prodessent.</span> <span class='ocrx_word' id='word_1_271' title='bbox 1823 2110 1860 2167; x_wconf 83' lang='lat' dir='ltr'>Sic</span> 
     </span>
     <span class='ocr_line' id='line_1_23' title="bbox 155 2202 1860 2279; baseline -0.002 -20"><span class='ocrx_word' id='word_1_272' title='bbox 155 2202 253 2269; x_wconf 89' lang='lat' dir='ltr'>tiator,</span> <span class='ocrx_word' id='word_1_273' title='bbox 263 2219 309 2259; x_wconf 90' lang='lat' dir='ltr'>res</span> <span class='ocrx_word' id='word_1_274' title='bbox 320 2219 378 2260; x_wconf 91' lang='lat' dir='ltr'>non</span> <span class='ocrx_word' id='word_1_275' title='bbox 387 2221 420 2260; x_wconf 84' lang='lat' dir='ltr'>ex</span> <span class='ocrx_word' id='word_1_276' title='bbox 428 2204 566 2276; x_wconf 89' lang='lat' dir='ltr'>opinione</span> <span class='ocrx_word' id='word_1_277' title='bbox 575 2205 738 2261; x_wconf 88' lang='lat' dir='ltr'>secundum</span> <span class='ocrx_word' id='word_1_278' title='bbox 750 2221 834 2260; x_wconf 87' lang='lat' dir='ltr'>suem</span> <span class='ocrx_word' id='word_1_279' title='bbox 846 2209 980 2260; x_wconf 86' lang='lat' dir='ltr'>naturam</span> <span class='ocrx_word' id='word_1_280' title='bbox 1036 2223 1140 2279; x_wconf 88' lang='lat' dir='ltr'>nempe</span> <span class='ocrx_word' id='word_1_281' title='bbox 1156 2206 1297 2261; x_wconf 89' lang='lat' dir='ltr'>Dominus</span> <span class='ocrx_word' id='word_1_282' title='bbox 1308 2203 1413 2260; x_wconf 92' lang='lat' dir='ltr'>melius</span> <span class='ocrx_word' id='word_1_283' title='bbox 1427 2202 1575 2276; x_wconf 87' lang='lat' dir='ltr'>apostolos</span> <span class='ocrx_word' id='word_1_284' title='bbox 1590 2206 1620 2258; x_wconf 88' lang='lat' dir='ltr'>et</span> <span class='ocrx_word' id='word_1_285' title='bbox 1636 2206 1789 2276; x_wconf 79' lang='lat' dir='ltr'>martyres</span> <span class='ocrx_word' id='word_1_286' title='bbox 1802 2217 1860 2257; x_wconf 85' lang='lat' dir='ltr'>suos</span> 
     </span>
     <span class='ocr_line' id='line_1_24' title="bbox 155 2279 1858 2373; baseline -0.001 -27"><span class='ocrx_word' id='word_1_287' title='bbox 155 2279 293 2373; x_wconf 71' lang='lat' dir='ltr'>pensans,</span> <span class='ocrx_word' id='word_1_288' title='bbox 310 2292 427 2349; x_wconf 90' lang='lat' dir='ltr'>inventa</span> <span class='ocrx_word' id='word_1_289' title='bbox 442 2311 500 2349; x_wconf 91' lang='lat' dir='ltr'>una</span> <span class='ocrx_word' id='word_1_290' title='bbox 519 2293 644 2365; x_wconf 91' lang='lat' dir='ltr'>pretiosa</span> <span class='ocrx_word' id='word_1_291' title='bbox 659 2295 827 2367; x_wconf 85' lang='lat' dir='ltr'>margarita,</span> <span class='ocrx_word' id='word_1_292' title='bbox 851 2294 982 2351; x_wconf 88' lang='lat' dir='ltr'>vendidit</span> <span class='ocrx_word' id='word_1_293' title='bbox 1035 2295 1186 2352; x_wconf 90' lang='lat' dir='ltr'>consuevit</span> <span class='ocrx_word' id='word_1_294' title='bbox 1210 2294 1344 2350; x_wconf 88' lang='lat' dir='ltr'>liberere.</span> <span class='ocrx_word' id='word_1_295' title='bbox 1372 2293 1462 2358; x_wconf 89' lang='lat' dir='ltr'>Unde,</span> <span class='ocrx_word' id='word_1_296' title='bbox 1490 2292 1595 2349; x_wconf 91' lang='lat' dir='ltr'>fratres</span> <span class='ocrx_word' id='word_1_297' title='bbox 1608 2291 1679 2359; x_wconf 90' lang='lat' dir='ltr'>mei,</span> <span class='ocrx_word' id='word_1_298' title='bbox 1697 2289 1858 2356; x_wconf 70' lang='lat' dir='ltr'>orantesei</span> 
     </span>
     <span class='ocr_line' id='line_1_25' title="bbox 154 2378 1859 2454; baseline -0.002 -18"><span class='ocrx_word' id='word_1_299' title='bbox 154 2378 333 2452; x_wconf 80' lang='lat' dir='ltr'>omniaque</span> <span class='ocrx_word' id='word_1_300' title='bbox 348 2380 578 2438; x_wconf 88' lang='lat' dir='ltr'>habuitetemit</span> <span class='ocrx_word' id='word_1_301' title='bbox 599 2399 664 2438; x_wconf 91' lang='lat' dir='ltr'>eam</span> <span class='ocrx_word' id='word_1_302' title='bbox 681 2383 782 2454; x_wconf 82' lang='lat' dir='ltr'>(Maub.</span> <span class='ocrx_word' id='word_1_303' title='bbox 798 2388 872 2451; x_wconf 84' lang='lat' dir='ltr'>xu1.)</span> <span class='ocrx_word' id='word_1_304' title='bbox 888 2384 980 2447; x_wconf 90' lang='lat' dir='ltr'>Quam</span> <span class='ocrx_word' id='word_1_305' title='bbox 1036 2385 1130 2441; x_wconf 90' lang='lat' dir='ltr'>dicere</span> <span class='ocrx_word' id='word_1_306' title='bbox 1139 2385 1294 2440; x_wconf 90' lang='lat' dir='ltr'>debemus:</span> <span class='ocrx_word' id='word_1_307' title='bbox 1311 2387 1375 2438; x_wconf 86' lang='lat' dir='ltr'>«Da</span> <span class='ocrx_word' id='word_1_308' title='bbox 1388 2380 1623 2439; x_wconf 80' lang='lat' dir='ltr'>nobisaunilium</span> <span class='ocrx_word' id='word_1_309' title='bbox 1635 2379 1859 2437; x_wconf 83' lang='lat' dir='ltr'>detribulaliona</span> 
     </span>
     <span class='ocr_line' id='line_1_26' title="bbox 154 2460 1858 2550; baseline -0.001 -24"><span class='ocrx_word' id='word_1_310' title='bbox 154 2466 307 2550; x_wconf 85' lang='lat' dir='ltr'>&#39;scientiam</span> <span class='ocrx_word' id='word_1_311' title='bbox 320 2460 348 2526; x_wconf 87' lang='lat' dir='ltr'>et</span> <span class='ocrx_word' id='word_1_312' title='bbox 362 2464 457 2540; x_wconf 90' lang='lat' dir='ltr'>nobis,</span> <span class='ocrx_word' id='word_1_313' title='bbox 470 2471 574 2527; x_wconf 88' lang='lat' dir='ltr'>fratres</span> <span class='ocrx_word' id='word_1_314' title='bbox 589 2472 657 2538; x_wconf 87' lang='lat' dir='ltr'>mei,</span> <span class='ocrx_word' id='word_1_315' title='bbox 673 2471 814 2528; x_wconf 89' lang='lat' dir='ltr'>Dominus</span> <span class='ocrx_word' id='word_1_316' title='bbox 829 2469 979 2545; x_wconf 81' lang='lat' dir='ltr'>largiatur,</span> <span class='ocrx_word' id='word_1_317' title='bbox 1035 2475 1119 2547; x_wconf 85' lang='lat' dir='ltr'>(Psoi.</span> <span class='ocrx_word' id='word_1_318' title='bbox 1138 2476 1231 2541; x_wconf 57' lang='lat' dir='ltr'>uixi»</span> <span class='ocrx_word' id='word_1_319' title='bbox 1250 2489 1308 2528; x_wconf 92' lang='lat' dir='ltr'>non</span> <span class='ocrx_word' id='word_1_320' title='bbox 1324 2470 1551 2537; x_wconf 88' lang='lat' dir='ltr'>atribulations,</span> <span class='ocrx_word' id='word_1_321' title='bbox 1564 2468 1650 2542; x_wconf 90' lang='lat' dir='ltr'>quasi</span> <span class='ocrx_word' id='word_1_322' title='bbox 1663 2469 1763 2525; x_wconf 92' lang='lat' dir='ltr'>dicat:</span> <span class='ocrx_word' id='word_1_323' title='bbox 1775 2469 1858 2541; x_wconf 84' lang='lat' dir='ltr'>ipsam</span> 
     </span>
     <span class='ocr_line' id='line_1_27' title="bbox 139 2556 1858 2641; baseline -0.001 -27"><span class='ocrx_word' id='word_1_324' title='bbox 139 2559 409 2641; x_wconf 24' lang='lat' dir='ltr'>&#39;&#39;quatenusomnia</span> <span class='ocrx_word' id='word_1_325' title='bbox 418 2564 542 2627; x_wconf 88' lang='lat' dir='ltr'>terrena,</span> <span class='ocrx_word' id='word_1_326' title='bbox 555 2564 698 2634; x_wconf 88' lang='lat' dir='ltr'>tanquam</span> <span class='ocrx_word' id='word_1_327' title='bbox 710 2565 847 2629; x_wconf 86' lang='lat' dir='ltr'>stercora,</span> <span class='ocrx_word' id='word_1_328' title='bbox 860 2561 890 2617; x_wconf 91' lang='lat' dir='ltr'>in</span> <span class='ocrx_word' id='word_1_329' title='bbox 902 2577 980 2617; x_wconf 90' lang='lat' dir='ltr'>com-</span> <span class='ocrx_word' id='word_1_330' title='bbox 1034 2562 1254 2619; x_wconf 86' lang='lat' dir='ltr'>tribulationem</span> <span class='ocrx_word' id='word_1_331' title='bbox 1280 2561 1325 2617; x_wconf 88' lang='lat' dir='ltr'>fac</span> <span class='ocrx_word' id='word_1_332' title='bbox 1349 2559 1434 2617; x_wconf 89' lang='lat' dir='ltr'>nobis</span> <span class='ocrx_word' id='word_1_333' title='bbox 1457 2559 1487 2614; x_wconf 91' lang='lat' dir='ltr'>in</span> <span class='ocrx_word' id='word_1_334' title='bbox 1512 2558 1677 2632; x_wconf 91' lang='lat' dir='ltr'>profectum</span> <span class='ocrx_word' id='word_1_335' title='bbox 1706 2556 1858 2631; x_wconf 84' lang='lat' dir='ltr'>provenire</span> 
     </span>
     <span class='ocr_line' id='line_1_28' title="bbox 154 2646 1859 2724; baseline -0.002 -21"><span class='ocrx_word' id='word_1_336' title='bbox 154 2647 306 2721; x_wconf 87' lang='lat' dir='ltr'>paratione</span> <span class='ocrx_word' id='word_1_337' title='bbox 321 2648 481 2706; x_wconf 81' lang='lat' dir='ltr'>caelestium</span> <span class='ocrx_word' id='word_1_338' title='bbox 496 2654 676 2723; x_wconf 84' lang='lat' dir='ltr'>reputantes,</span> <span class='ocrx_word' id='word_1_339' title='bbox 693 2649 754 2706; x_wconf 80' lang='lat' dir='ltr'>bac</span> <span class='ocrx_word' id='word_1_340' title='bbox 771 2668 823 2724; x_wconf 92' lang='lat' dir='ltr'>pro</span> <span class='ocrx_word' id='word_1_341' title='bbox 839 2650 897 2706; x_wconf 89' lang='lat' dir='ltr'>illis</span> <span class='ocrx_word' id='word_1_342' title='bbox 911 2651 981 2707; x_wconf 90' lang='lat' dir='ltr'>dare</span> <span class='ocrx_word' id='word_1_343' title='bbox 1034 2652 1150 2708; x_wconf 93' lang='lat' dir='ltr'>Nonum</span> <span class='ocrx_word' id='word_1_344' title='bbox 1162 2650 1335 2708; x_wconf 86' lang='lat' dir='ltr'>beneficium</span> <span class='ocrx_word' id='word_1_345' title='bbox 1347 2653 1403 2719; x_wconf 90' lang='lat' dir='ltr'>est,</span> <span class='ocrx_word' id='word_1_346' title='bbox 1419 2649 1498 2722; x_wconf 93' lang='lat' dir='ltr'>quod</span> <span class='ocrx_word' id='word_1_347' title='bbox 1511 2646 1656 2704; x_wconf 89' lang='lat' dir='ltr'>Dominus</span> <span class='ocrx_word' id='word_1_348' title='bbox 1666 2646 1859 2703; x_wconf 64' lang='lat' dir='ltr'>remanserat</span> 
     </span>
     <span class='ocr_line' id='line_1_29' title="bbox 148 2733 1861 2808; baseline -0.002 -15"><span class='ocrx_word' id='word_1_349' title='bbox 148 2740 184 2794; x_wconf 75' lang='lat' dir='ltr'>&#39;et</span> <span class='ocrx_word' id='word_1_350' title='bbox 198 2742 379 2794; x_wconf 88' lang='lat' dir='ltr'>commutare</span> <span class='ocrx_word' id='word_1_351' title='bbox 391 2737 573 2796; x_wconf 84' lang='lat' dir='ltr'>festinemus.</span> <span class='ocrx_word' id='word_1_352' title='bbox 588 2742 729 2806; x_wconf 83' lang='lat' dir='ltr'>Quartum</span> <span class='ocrx_word' id='word_1_353' title='bbox 741 2740 914 2796; x_wconf 85' lang='lat' dir='ltr'>beneficium</span> <span class='ocrx_word' id='word_1_354' title='bbox 926 2742 979 2808; x_wconf 89' lang='lat' dir='ltr'>est,</span> <span class='ocrx_word' id='word_1_355' title='bbox 1034 2741 1227 2807; x_wconf 74' lang='lat' dir='ltr'>redemtoribus,</span> <span class='ocrx_word' id='word_1_356' title='bbox 1244 2739 1379 2796; x_wconf 89' lang='lat' dir='ltr'>videlieet</span> <span class='ocrx_word' id='word_1_357' title='bbox 1394 2756 1411 2794; x_wconf 87' lang='lat' dir='ltr'>a</span> <span class='ocrx_word' id='word_1_358' title='bbox 1425 2738 1548 2794; x_wconf 89' lang='lat' dir='ltr'>erimine</span> <span class='ocrx_word' id='word_1_359' title='bbox 1562 2736 1666 2794; x_wconf 84' lang='lat' dir='ltr'>Simon</span> <span class='ocrx_word' id='word_1_360' title='bbox 1681 2741 1711 2794; x_wconf 88' lang='lat' dir='ltr'>et</span> <span class='ocrx_word' id='word_1_361' title='bbox 1729 2736 1809 2803; x_wconf 73' lang='lat' dir='ltr'>Leti,</span> <span class='ocrx_word' id='word_1_362' title='bbox 1820 2733 1861 2808; x_wconf 90' lang='lat' dir='ltr'>qui</span> 
     </span>
     <span class='ocr_line' id='line_1_30' title="bbox 155 2824 1859 2902; baseline -0.004 -18"><span class='ocrx_word' id='word_1_363' title='bbox 155 2828 233 2902; x_wconf 89' lang='lat' dir='ltr'>quod</span> <span class='ocrx_word' id='word_1_364' title='bbox 255 2829 397 2885; x_wconf 87' lang='lat' dir='ltr'>Dominus</span> <span class='ocrx_word' id='word_1_365' title='bbox 421 2831 571 2886; x_wconf 79' lang='lat' dir='ltr'>honestavit</span> <span class='ocrx_word' id='word_1_366' title='bbox 592 2830 683 2887; x_wconf 83' lang='lat' dir='ltr'>tarot</span> <span class='ocrx_word' id='word_1_367' title='bbox 698 2833 727 2886; x_wconf 85' lang='lat' dir='ltr'>in</span> <span class='ocrx_word' id='word_1_368' title='bbox 753 2831 890 2887; x_wconf 77' lang='lat' dir='ltr'>laboribus</span> <span class='ocrx_word' id='word_1_369' title='bbox 906 2829 978 2898; x_wconf 89' lang='lat' dir='ltr'>suis,</span> <span class='ocrx_word' id='word_1_370' title='bbox 1035 2830 1065 2885; x_wconf 91' lang='lat' dir='ltr'>in</span> <span class='ocrx_word' id='word_1_371' title='bbox 1081 2830 1146 2886; x_wconf 92' lang='lat' dir='ltr'>dolo</span> <span class='ocrx_word' id='word_1_372' title='bbox 1169 2829 1340 2886; x_wconf 89' lang='lat' dir='ltr'>occiderunt</span> <span class='ocrx_word' id='word_1_373' title='bbox 1361 2844 1458 2901; x_wconf 80' lang='lat' dir='ltr'>regem</span> <span class='ocrx_word' id='word_1_374' title='bbox 1481 2830 1510 2883; x_wconf 89' lang='lat' dir='ltr'>et</span> <span class='ocrx_word' id='word_1_375' title='bbox 1524 2824 1668 2900; x_wconf 90' lang='lat' dir='ltr'>populum</span> <span class='ocrx_word' id='word_1_376' title='bbox 1695 2826 1736 2882; x_wconf 86' lang='lat' dir='ltr'>de</span> <span class='ocrx_word' id='word_1_377' title='bbox 1751 2825 1859 2890; x_wconf 88' lang='lat' dir='ltr'>Sichen,</span> 
     </span>
     <span class='ocr_line' id='line_1_31' title="bbox 154 2912 1861 2993; baseline -0.005 -19"><span class='ocrx_word' id='word_1_378' title='bbox 154 2916 266 2975; x_wconf 84' lang='lat' dir='ltr'>seilicet</span> <span class='ocrx_word' id='word_1_379' title='bbox 288 2917 403 2976; x_wconf 85' lang='lat' dir='ltr'>labores</span> <span class='ocrx_word' id='word_1_380' title='bbox 418 2919 482 2991; x_wconf 87' lang='lat' dir='ltr'>ejus</span> <span class='ocrx_word' id='word_1_381' title='bbox 505 2919 668 2993; x_wconf 83' lang='lat' dir='ltr'>dirigendo,</span> <span class='ocrx_word' id='word_1_382' title='bbox 692 2925 720 2977; x_wconf 91' lang='lat' dir='ltr'>et</span> <span class='ocrx_word' id='word_1_383' title='bbox 734 2921 763 2976; x_wconf 93' lang='lat' dir='ltr'>in</span> <span class='ocrx_word' id='word_1_384' title='bbox 780 2921 888 2976; x_wconf 92' lang='lat' dir='ltr'>bonum</span> <span class='ocrx_word' id='word_1_385' title='bbox 914 2936 979 2992; x_wconf 88' lang='lat' dir='ltr'>pro·</span> <span class='ocrx_word' id='word_1_386' title='bbox 1035 2919 1143 2991; x_wconf 92' lang='lat' dir='ltr'>quibus</span> <span class='ocrx_word' id='word_1_387' title='bbox 1166 2923 1267 2992; x_wconf 84' lang='lat' dir='ltr'>postea</span> <span class='ocrx_word' id='word_1_388' title='bbox 1289 2916 1509 2990; x_wconf 83' lang='lat' dir='ltr'>improperavit.</span> <span class='ocrx_word' id='word_1_389' title='bbox 1526 2915 1646 2971; x_wconf 90' lang='lat' dir='ltr'>dicens:</span> <span class='ocrx_word' id='word_1_390' title='bbox 1666 2937 1680 2964; x_wconf 80' lang='lat' dir='ltr'>a</span> <span class='ocrx_word' id='word_1_391' title='bbox 1697 2914 1732 2970; x_wconf 92' lang='lat' dir='ltr'>ln</span> <span class='ocrx_word' id='word_1_392' title='bbox 1749 2912 1861 2971; x_wconf 87' lang='lat' dir='ltr'>consilio</span> 
     </span>
     <span class='ocr_line' id='line_1_32' title="bbox 154 3003 1860 3082; baseline -0.004 -19"><span class='ocrx_word' id='word_1_393' title='bbox 154 3007 252 3065; x_wconf 90' lang='lat' dir='ltr'>venire</span> <span class='ocrx_word' id='word_1_394' title='bbox 268 3007 400 3064; x_wconf 90' lang='lat' dir='ltr'>faciendo</span> <span class='ocrx_word' id='word_1_395' title='bbox 416 3013 444 3064; x_wconf 91' lang='lat' dir='ltr'>et</span> <span class='ocrx_word' id='word_1_396' title='bbox 459 3024 510 3082; x_wconf 88' lang='lat' dir='ltr'>per</span> <span class='ocrx_word' id='word_1_397' title='bbox 531 3009 681 3066; x_wconf 91' lang='lat' dir='ltr'>servitium</span> <span class='ocrx_word' id='word_1_398' title='bbox 698 3010 762 3080; x_wconf 90' lang='lat' dir='ltr'>ejus</span> <span class='ocrx_word' id='word_1_399' title='bbox 776 3010 864 3066; x_wconf 90' lang='lat' dir='ltr'>etiam</span> <span class='ocrx_word' id='word_1_400' title='bbox 881 3008 979 3065; x_wconf 86' lang='lat' dir='ltr'>Laban</span> <span class='ocrx_word' id='word_1_401' title='bbox 1035 3025 1135 3066; x_wconf 89' lang='lat' dir='ltr'>eorum</span> <span class='ocrx_word' id='word_1_402' title='bbox 1152 3025 1209 3064; x_wconf 92' lang='lat' dir='ltr'>non</span> <span class='ocrx_word' id='word_1_403' title='bbox 1223 3006 1321 3063; x_wconf 88' lang='lat' dir='ltr'>veniat</span> <span class='ocrx_word' id='word_1_404' title='bbox 1335 3005 1434 3062; x_wconf 90' lang='lat' dir='ltr'>anima</span> <span class='ocrx_word' id='word_1_405' title='bbox 1450 3022 1515 3061; x_wconf 90' lang='lat' dir='ltr'>mea</span> <span class='ocrx_word' id='word_1_406' title='bbox 1539 3005 1614 3077; x_wconf 84' lang='lat' dir='ltr'>(deo.</span> <span class='ocrx_word' id='word_1_407' title='bbox 1631 3003 1723 3076; x_wconf 75' lang='lat' dir='ltr'>sarx.)</span> <span class='ocrx_word' id='word_1_408' title='bbox 1740 3026 1756 3055; x_wconf 81' lang='lat' dir='ltr'>o</span> <span class='ocrx_word' id='word_1_409' title='bbox 1777 3003 1860 3059; x_wconf 83' lang='lat' dir='ltr'>letum</span> 
     </span>
     <span class='ocr_line' id='line_1_33' title="bbox 140 3072 1860 3172; baseline -0.002 -20"><span class='ocrx_word' id='word_1_410' title='bbox 140 3095 386 3170; x_wconf 66' lang='lat' dir='ltr'>“multiplicanda</span> <span class='ocrx_word' id='word_1_411' title='bbox 396 3097 979 3172; x_wconf 82' lang='lat' dir='ltr'>Istumquoquegloriosumconfcssorem</span> <span class='ocrx_word' id='word_1_412' title='bbox 995 3072 1017 3139; x_wconf 75' lang='lat' dir='ltr'>C</span> <span class='ocrx_word' id='word_1_413' title='bbox 1036 3115 1153 3171; x_wconf 91' lang='lat' dir='ltr'>quoque</span> <span class='ocrx_word' id='word_1_414' title='bbox 1167 3098 1285 3154; x_wconf 91' lang='lat' dir='ltr'>beatum</span> <span class='ocrx_word' id='word_1_415' title='bbox 1301 3096 1498 3152; x_wconf 87' lang='lat' dir='ltr'>confessorem</span> <span class='ocrx_word' id='word_1_416' title='bbox 1510 3093 1617 3150; x_wconf 82' lang='lat' dir='ltr'>tutavit</span> <span class='ocrx_word' id='word_1_417' title='bbox 1630 3091 1780 3149; x_wconf 89' lang='lat' dir='ltr'>Dominus</span> <span class='ocrx_word' id='word_1_418' title='bbox 1793 3110 1811 3149; x_wconf 87' lang='lat' dir='ltr'>a</span> <span class='ocrx_word' id='word_1_419' title='bbox 1823 3107 1860 3148; x_wconf 86' lang='lat' dir='ltr'>se·</span> 
     </span>
     <span class='ocr_line' id='line_1_34' title="bbox 152 3178 1860 3261; baseline -0.003 -19"><span class='ocrx_word' id='word_1_420' title='bbox 152 3184 319 3243; x_wconf 84' lang='lat' dir='ltr'>honestavit</span> <span class='ocrx_word' id='word_1_421' title='bbox 333 3186 363 3242; x_wconf 90' lang='lat' dir='ltr'>in</span> <span class='ocrx_word' id='word_1_422' title='bbox 388 3186 539 3243; x_wconf 91' lang='lat' dir='ltr'>laboribus</span> <span class='ocrx_word' id='word_1_423' title='bbox 562 3187 635 3256; x_wconf 89' lang='lat' dir='ltr'>suis,</span> <span class='ocrx_word' id='word_1_424' title='bbox 652 3187 722 3261; x_wconf 87' lang='lat' dir='ltr'>quia</span> <span class='ocrx_word' id='word_1_425' title='bbox 737 3187 762 3243; x_wconf 91' lang='lat' dir='ltr'>ei</span> <span class='ocrx_word' id='word_1_426' title='bbox 779 3187 807 3242; x_wconf 91' lang='lat' dir='ltr'>in</span> <span class='ocrx_word' id='word_1_427' title='bbox 830 3187 981 3244; x_wconf 89' lang='lat' dir='ltr'>laboribus</span> <span class='ocrx_word' id='word_1_428' title='bbox 1035 3187 1206 3244; x_wconf 86' lang='lat' dir='ltr'>ductoribus</span> <span class='ocrx_word' id='word_1_429' title='bbox 1220 3184 1391 3257; x_wconf 83' lang='lat' dir='ltr'>eaeterisque</span> <span class='ocrx_word' id='word_1_430' title='bbox 1412 3182 1625 3257; x_wconf 87' lang='lat' dir='ltr'>peecatoribus,</span> <span class='ocrx_word' id='word_1_431' title='bbox 1643 3198 1681 3238; x_wconf 89' lang='lat' dir='ltr'>ne</span> <span class='ocrx_word' id='word_1_432' title='bbox 1703 3198 1810 3238; x_wconf 88' lang='lat' dir='ltr'>corum</span> <span class='ocrx_word' id='word_1_433' title='bbox 1823 3178 1860 3237; x_wconf 80' lang='lat' dir='ltr'>sel</span> 
     </span>
     <span class='ocr_line' id='line_1_35' title="bbox 154 3270 1860 3349; baseline -0.004 -18"><span class='ocrx_word' id='word_1_434' title='bbox 154 3275 217 3332; x_wconf 90' lang='lat' dir='ltr'>suis</span> <span class='ocrx_word' id='word_1_435' title='bbox 232 3279 261 3332; x_wconf 92' lang='lat' dir='ltr'>et</span> <span class='ocrx_word' id='word_1_436' title='bbox 274 3275 380 3331; x_wconf 90' lang='lat' dir='ltr'>studiis</span> <span class='ocrx_word' id='word_1_437' title='bbox 405 3275 536 3331; x_wconf 85' lang='lat' dir='ltr'>honestis</span> <span class='ocrx_word' id='word_1_438' title='bbox 561 3275 742 3346; x_wconf 86' lang='lat' dir='ltr'>exercitium,</span> <span class='ocrx_word' id='word_1_439' title='bbox 758 3277 829 3332; x_wconf 89' lang='lat' dir='ltr'>etin</span> <span class='ocrx_word' id='word_1_440' title='bbox 845 3276 980 3332; x_wconf 83' lang='lat' dir='ltr'>exercitio</span> <span class='ocrx_word' id='word_1_441' title='bbox 1035 3275 1192 3349; x_wconf 90' lang='lat' dir='ltr'>palpando,</span> <span class='ocrx_word' id='word_1_442' title='bbox 1208 3274 1253 3330; x_wconf 89' lang='lat' dir='ltr'>vel</span> <span class='ocrx_word' id='word_1_443' title='bbox 1272 3273 1492 3341; x_wconf 89' lang='lat' dir='ltr'>consentiendo,</span> <span class='ocrx_word' id='word_1_444' title='bbox 1508 3270 1553 3327; x_wconf 92' lang='lat' dir='ltr'>vel</span> <span class='ocrx_word' id='word_1_445' title='bbox 1566 3271 1702 3338; x_wconf 85' lang='lat' dir='ltr'>tacendo,</span> <span class='ocrx_word' id='word_1_446' title='bbox 1721 3271 1860 3344; x_wconf 87' lang='lat' dir='ltr'>particeps</span> 
     </span>
     <span class='ocr_line' id='line_1_36' title="bbox 154 3360 1859 3437; baseline -0.004 -17"><span class='ocrx_word' id='word_1_447' title='bbox 154 3363 287 3432; x_wconf 90' lang='lat' dir='ltr'>honesto,</span> <span class='ocrx_word' id='word_1_448' title='bbox 304 3364 456 3421; x_wconf 90' lang='lat' dir='ltr'>honestam</span> <span class='ocrx_word' id='word_1_449' title='bbox 468 3364 682 3420; x_wconf 87' lang='lat' dir='ltr'>exsecutionem</span> <span class='ocrx_word' id='word_1_450' title='bbox 698 3365 788 3421; x_wconf 90' lang='lat' dir='ltr'>dedit.</span> <span class='ocrx_word' id='word_1_451' title='bbox 806 3366 888 3421; x_wconf 86' lang='lat' dir='ltr'>Sicut</span> <span class='ocrx_word' id='word_1_452' title='bbox 902 3365 980 3421; x_wconf 86' lang='lat' dir='ltr'>enim</span> <span class='ocrx_word' id='word_1_453' title='bbox 1035 3366 1124 3422; x_wconf 80' lang='lat' dir='ltr'>fleret.</span> <span class='ocrx_word' id='word_1_454' title='bbox 1139 3367 1171 3420; x_wconf 90' lang='lat' dir='ltr'>ln</span> <span class='ocrx_word' id='word_1_455' title='bbox 1181 3381 1238 3437; x_wconf 92' lang='lat' dir='ltr'>quo</span> <span class='ocrx_word' id='word_1_456' title='bbox 1246 3363 1378 3437; x_wconf 92' lang='lat' dir='ltr'>plerique</span> <span class='ocrx_word' id='word_1_457' title='bbox 1389 3367 1523 3418; x_wconf 90' lang='lat' dir='ltr'>nostrum</span> <span class='ocrx_word' id='word_1_458' title='bbox 1535 3364 1665 3434; x_wconf 83' lang='lat' dir='ltr'>peccaut,</span> <span class='ocrx_word' id='word_1_459' title='bbox 1677 3360 1729 3433; x_wconf 91' lang='lat' dir='ltr'>qui</span> <span class='ocrx_word' id='word_1_460' title='bbox 1742 3360 1859 3417; x_wconf 88' lang='lat' dir='ltr'>aliorum</span> 
     </span>
     <span class='ocr_line' id='line_1_37' title="bbox 151 3445 1860 3528; baseline -0.004 -20"><span class='ocrx_word' id='word_1_461' title='bbox 151 3453 304 3525; x_wconf 90' lang='lat' dir='ltr'>turpitudo</span> <span class='ocrx_word' id='word_1_462' title='bbox 321 3451 454 3509; x_wconf 90' lang='lat' dir='ltr'>laborum</span> <span class='ocrx_word' id='word_1_463' title='bbox 470 3452 652 3510; x_wconf 88' lang='lat' dir='ltr'>laborantem</span> <span class='ocrx_word' id='word_1_464' title='bbox 667 3454 813 3526; x_wconf 89' lang='lat' dir='ltr'>deturpat,</span> <span class='ocrx_word' id='word_1_465' title='bbox 831 3454 871 3508; x_wconf 86' lang='lat' dir='ltr'>ita</span> <span class='ocrx_word' id='word_1_466' title='bbox 887 3458 914 3509; x_wconf 90' lang='lat' dir='ltr'>et</span> <span class='ocrx_word' id='word_1_467' title='bbox 929 3454 980 3511; x_wconf 90' lang='lat' dir='ltr'>ho·</span> <span class='ocrx_word' id='word_1_468' title='bbox 1034 3453 1284 3528; x_wconf 88' lang='lat' dir='ltr'>peecatatacendo</span> <span class='ocrx_word' id='word_1_469' title='bbox 1296 3452 1403 3518; x_wconf 85' lang='lat' dir='ltr'>fovent,</span> <span class='ocrx_word' id='word_1_470' title='bbox 1419 3451 1495 3506; x_wconf 89' lang='lat' dir='ltr'>uude</span> <span class='ocrx_word' id='word_1_471' title='bbox 1507 3448 1655 3506; x_wconf 91' lang='lat' dir='ltr'>aDomino</span> <span class='ocrx_word' id='word_1_472' title='bbox 1669 3472 1683 3498; x_wconf 78' lang='lat' dir='ltr'>n</span> <span class='ocrx_word' id='word_1_473' title='bbox 1693 3445 1860 3504; x_wconf 86' lang='lat' dir='ltr'>eanesmuti</span> 
     </span>
     <span class='ocr_line' id='line_1_38' title="bbox 152 3537 1860 3612; baseline -0.002 -16"><span class='ocrx_word' id='word_1_474' title='bbox 152 3545 252 3597; x_wconf 90' lang='lat' dir='ltr'>nestas</span> <span class='ocrx_word' id='word_1_475' title='bbox 266 3539 401 3596; x_wconf 90' lang='lat' dir='ltr'>laborum</span> <span class='ocrx_word' id='word_1_476' title='bbox 416 3540 598 3598; x_wconf 88' lang='lat' dir='ltr'>laborantem</span> <span class='ocrx_word' id='word_1_477' title='bbox 612 3542 756 3599; x_wconf 86' lang='lat' dir='ltr'>honestat.</span> <span class='ocrx_word' id='word_1_478' title='bbox 774 3544 856 3608; x_wconf 85' lang='lat' dir='ltr'>ltine,</span> <span class='ocrx_word' id='word_1_479' title='bbox 877 3543 980 3600; x_wconf 88' lang='lat' dir='ltr'>fratres</span> <span class='ocrx_word' id='word_1_480' title='bbox 1035 3561 1093 3600; x_wconf 92' lang='lat' dir='ltr'>nou</span> <span class='ocrx_word' id='word_1_481' title='bbox 1107 3542 1237 3599; x_wconf 87' lang='lat' dir='ltr'>valentes</span> <span class='ocrx_word' id='word_1_482' title='bbox 1247 3541 1355 3597; x_wconf 88' lang='lat' dir='ltr'>latrare</span> <span class='ocrx_word' id='word_1_483' title='bbox 1366 3540 1431 3612; x_wconf 82' lang='lat' dir='ltr'>(isa.</span> <span class='ocrx_word' id='word_1_484' title='bbox 1448 3542 1528 3608; x_wconf 79' lang='lat' dir='ltr'>uv1)·</span> <span class='ocrx_word' id='word_1_485' title='bbox 1543 3541 1696 3595; x_wconf 87' lang='lat' dir='ltr'>vocantur.</span> <span class='ocrx_word' id='word_1_486' title='bbox 1713 3537 1860 3594; x_wconf 83' lang='lat' dir='ltr'>Decimam</span> 
     </span>
     <span class='ocr_line' id='line_1_39' title="bbox 115 3626 1862 3705; baseline -0.002 -19"><span class='ocrx_word' id='word_1_487' title='bbox 115 3636 141 3669; x_wconf 86' lang='lat'>·&#39;</span> <span class='ocrx_word' id='word_1_488' title='bbox 152 3630 222 3697; x_wconf 89' lang='lat' dir='ltr'>mei,</span> <span class='ocrx_word' id='word_1_489' title='bbox 236 3628 393 3686; x_wconf 88' lang='lat' dir='ltr'>inhonesta</span> <span class='ocrx_word' id='word_1_490' title='bbox 405 3630 521 3702; x_wconf 85' lang='lat' dir='ltr'>negotia</span> <span class='ocrx_word' id='word_1_491' title='bbox 534 3630 642 3705; x_wconf 80' lang='lat' dir='ltr'>fugem,</span> <span class='ocrx_word' id='word_1_492' title='bbox 654 3630 836 3704; x_wconf 88' lang='lat' dir='ltr'>honestaque</span> <span class='ocrx_word' id='word_1_493' title='bbox 847 3631 981 3704; x_wconf 89' lang='lat' dir='ltr'>frequen·</span> <span class='ocrx_word' id='word_1_494' title='bbox 1035 3632 1209 3689; x_wconf 81' lang='lat' dir='ltr'>beneficium</span> <span class='ocrx_word' id='word_1_495' title='bbox 1225 3635 1280 3698; x_wconf 86' lang='lat' dir='ltr'>est,</span> <span class='ocrx_word' id='word_1_496' title='bbox 1297 3630 1374 3702; x_wconf 91' lang='lat' dir='ltr'>quod</span> <span class='ocrx_word' id='word_1_497' title='bbox 1389 3627 1530 3685; x_wconf 90' lang='lat' dir='ltr'>Dominus</span> <span class='ocrx_word' id='word_1_498' title='bbox 1544 3627 1617 3684; x_wconf 81' lang='lat' dir='ltr'>dedit</span> <span class='ocrx_word' id='word_1_499' title='bbox 1627 3626 1721 3683; x_wconf 83' lang='lat' dir='ltr'>Jacob</span> <span class='ocrx_word' id='word_1_500' title='bbox 1732 3634 1862 3683; x_wconf 67' lang='lat' dir='ltr'>ceumaco</span> 
     </span>
     <span class='ocr_line' id='line_1_40' title="bbox 137 3715 1861 3794; baseline -0.003 -20"><span class='ocrx_word' id='word_1_501' title='bbox 137 3721 216 3774; x_wconf 78' lang='lat' dir='ltr'>&#39;tare</span> <span class='ocrx_word' id='word_1_502' title='bbox 240 3717 422 3774; x_wconf 88' lang='lat' dir='ltr'>studeamus.</span> <span class='ocrx_word' id='word_1_503' title='bbox 450 3718 590 3783; x_wconf 87' lang='lat' dir='ltr'>Quintum</span> <span class='ocrx_word' id='word_1_504' title='bbox 617 3720 790 3776; x_wconf 86' lang='lat' dir='ltr'>beneficium</span> <span class='ocrx_word' id='word_1_505' title='bbox 820 3724 874 3786; x_wconf 88' lang='lat' dir='ltr'>est,</span> <span class='ocrx_word' id='word_1_506' title='bbox 901 3722 977 3793; x_wconf 90' lang='lat' dir='ltr'>quod</span> <span class='ocrx_word' id='word_1_507' title='bbox 1033 3724 1112 3794; x_wconf 69' lang='lat' dir='ltr'>forte,</span> <span class='ocrx_word' id='word_1_508' title='bbox 1128 3729 1160 3776; x_wconf 81' lang='lat' dir='ltr'>ut</span> <span class='ocrx_word' id='word_1_509' title='bbox 1172 3722 1313 3786; x_wconf 75' lang='lat' dir='ltr'>vinceret„</span> <span class='ocrx_word' id='word_1_510' title='bbox 1331 3718 1448 3791; x_wconf 89' lang='lat' dir='ltr'>quando</span> <span class='ocrx_word' id='word_1_511' title='bbox 1465 3715 1576 3774; x_wconf 90' lang='lat' dir='ltr'>scilicet</span> <span class='ocrx_word' id='word_1_512' title='bbox 1591 3715 1725 3772; x_wconf 92' lang='lat' dir='ltr'>luctatus</span> <span class='ocrx_word' id='word_1_513' title='bbox 1741 3717 1788 3771; x_wconf 90' lang='lat' dir='ltr'>est</span> <span class='ocrx_word' id='word_1_514' title='bbox 1801 3729 1861 3769; x_wconf 89' lang='lat' dir='ltr'>cum</span> 
     </span>
     <span class='ocr_line' id='line_1_41' title="bbox 152 3803 1861 3883; baseline -0.004 -20"><span class='ocrx_word' id='word_1_515' title='bbox 152 3808 230 3863; x_wconf 90' lang='lat' dir='ltr'>Deus</span> <span class='ocrx_word' id='word_1_516' title='bbox 244 3808 388 3879; x_wconf 84' lang='lat' dir='ltr'>compleuit</span> <span class='ocrx_word' id='word_1_517' title='bbox 410 3809 515 3864; x_wconf 84' lang='lat' dir='ltr'>labores</span> <span class='ocrx_word' id='word_1_518' title='bbox 539 3810 636 3880; x_wconf 77' lang='lat' dir='ltr'>ipsim,</span> <span class='ocrx_word' id='word_1_519' title='bbox 654 3808 724 3881; x_wconf 89' lang='lat' dir='ltr'>quia</span> <span class='ocrx_word' id='word_1_520' title='bbox 738 3809 828 3865; x_wconf 85' lang='lat' dir='ltr'>Jacob</span> <span class='ocrx_word' id='word_1_521' title='bbox 844 3826 979 3878; x_wconf 84' lang='lat' dir='ltr'>uxorum,</span> <span class='ocrx_word' id='word_1_522' title='bbox 1035 3810 1148 3883; x_wconf 85' lang='lat' dir='ltr'>angelo,</span> <span class='ocrx_word' id='word_1_523' title='bbox 1165 3810 1195 3864; x_wconf 92' lang='lat' dir='ltr'>id</span> <span class='ocrx_word' id='word_1_524' title='bbox 1210 3812 1254 3865; x_wconf 90' lang='lat' dir='ltr'>est</span> <span class='ocrx_word' id='word_1_525' title='bbox 1275 3824 1342 3864; x_wconf 92' lang='lat' dir='ltr'>cum</span> <span class='ocrx_word' id='word_1_526' title='bbox 1364 3806 1557 3863; x_wconf 79' lang='lat' dir='ltr'>Dominosub</span> <span class='ocrx_word' id='word_1_527' title='bbox 1573 3803 1671 3877; x_wconf 89' lang='lat' dir='ltr'>specie</span> <span class='ocrx_word' id='word_1_528' title='bbox 1687 3803 1798 3877; x_wconf 80' lang='lat' dir='ltr'>angeli,</span> <span class='ocrx_word' id='word_1_529' title='bbox 1815 3816 1861 3858; x_wconf 85' lang='lat' dir='ltr'>nec</span> 
     </span>
     <span class='ocr_line' id='line_1_42' title="bbox 137 3893 1862 3972; baseline -0.005 -20"><span class='ocrx_word' id='word_1_530' title='bbox 137 3894 427 3963; x_wconf 67' lang='lat' dir='ltr'>&#39;dtiornmtomitim</span> <span class='ocrx_word' id='word_1_531' title='bbox 439 3897 882 3970; x_wconf 89' lang='lat' dir='ltr'>annorumrerumqueomnium</span> <span class='ocrx_word' id='word_1_532' title='bbox 894 3898 981 3970; x_wconf 90' lang='lat' dir='ltr'>plena</span> <span class='ocrx_word' id='word_1_533' title='bbox 1035 3899 1170 3972; x_wconf 90' lang='lat' dir='ltr'>quamvis</span> <span class='ocrx_word' id='word_1_534' title='bbox 1186 3897 1283 3963; x_wconf 77' lang='lat' dir='ltr'>lasus,</span> <span class='ocrx_word' id='word_1_535' title='bbox 1300 3913 1368 3953; x_wconf 90' lang='lat' dir='ltr'>eum</span> <span class='ocrx_word' id='word_1_536' title='bbox 1390 3894 1514 3962; x_wconf 90' lang='lat' dir='ltr'>dimisit,</span> <span class='ocrx_word' id='word_1_537' title='bbox 1531 3894 1623 3950; x_wconf 87' lang='lat' dir='ltr'>donec</span> <span class='ocrx_word' id='word_1_538' title='bbox 1638 3893 1665 3949; x_wconf 88' lang='lat' dir='ltr'>ei</span> <span class='ocrx_word' id='word_1_539' title='bbox 1680 3893 1862 3949; x_wconf 89' lang='lat' dir='ltr'>benediceret</span> 
     </span>
     <span class='ocr_line' id='line_1_43' title="bbox 143 3979 1862 4059; baseline -0.004 -19"><span class='ocrx_word' id='word_1_540' title='bbox 143 3983 290 4042; x_wconf 76' lang='lat' dir='ltr'>&#39;felicitate</span> <span class='ocrx_word' id='word_1_541' title='bbox 303 3986 527 4043; x_wconf 88' lang='lat' dir='ltr'>consummavit.</span> <span class='ocrx_word' id='word_1_542' title='bbox 538 3985 626 4043; x_wconf 91' lang='lat' dir='ltr'>Istius</span> <span class='ocrx_word' id='word_1_543' title='bbox 634 4003 751 4059; x_wconf 91' lang='lat' dir='ltr'>quoque</span> <span class='ocrx_word' id='word_1_544' title='bbox 762 3986 853 4043; x_wconf 90' lang='lat' dir='ltr'>sancti</span> <span class='ocrx_word' id='word_1_545' title='bbox 867 3987 979 4043; x_wconf 89' lang='lat' dir='ltr'>confes·</span> <span class='ocrx_word' id='word_1_546' title='bbox 1034 3990 1111 4059; x_wconf 73' lang='lat' dir='ltr'>(tien.</span> <span class='ocrx_word' id='word_1_547' title='bbox 1126 3987 1228 4059; x_wconf 84' lang='lat' dir='ltr'>xxxrr.)</span> <span class='ocrx_word' id='word_1_548' title='bbox 1256 3985 1307 4042; x_wconf 92' lang='lat' dir='ltr'>lsti</span> <span class='ocrx_word' id='word_1_549' title='bbox 1323 4000 1439 4058; x_wconf 91' lang='lat' dir='ltr'>quoque</span> <span class='ocrx_word' id='word_1_550' title='bbox 1463 3982 1590 4057; x_wconf 86' lang='lat' dir='ltr'>glorioso</span> <span class='ocrx_word' id='word_1_551' title='bbox 1605 3981 1772 4038; x_wconf 81' lang='lat' dir='ltr'>confessori</span> <span class='ocrx_word' id='word_1_552' title='bbox 1787 3979 1862 4036; x_wconf 88' lang='lat' dir='ltr'>dedit</span> 
     </span>
     <span class='ocr_line' id='line_1_44' title="bbox 142 4070 1862 4149; baseline -0.004 -18"><span class='ocrx_word' id='word_1_553' title='bbox 142 4073 229 4131; x_wconf 84' lang='lat' dir='ltr'>&#39;soris</span> <span class='ocrx_word' id='word_1_554' title='bbox 244 4073 357 4130; x_wconf 91' lang='lat' dir='ltr'>labores</span> <span class='ocrx_word' id='word_1_555' title='bbox 366 4074 529 4148; x_wconf 89' lang='lat' dir='ltr'>complevit,</span> <span class='ocrx_word' id='word_1_556' title='bbox 544 4075 694 4149; x_wconf 89' lang='lat' dir='ltr'>quoniam,</span> <span class='ocrx_word' id='word_1_557' title='bbox 704 4076 865 4132; x_wconf 88' lang='lat' dir='ltr'>seeundum</span> <span class='ocrx_word' id='word_1_558' title='bbox 875 4092 979 4149; x_wconf 90' lang='lat' dir='ltr'>propo·</span> <span class='ocrx_word' id='word_1_559' title='bbox 1034 4076 1175 4132; x_wconf 92' lang='lat' dir='ltr'>Dominus</span> <span class='ocrx_word' id='word_1_560' title='bbox 1191 4074 1392 4131; x_wconf 90' lang='lat' dir='ltr'>fortitudinem</span> <span class='ocrx_word' id='word_1_561' title='bbox 1408 4072 1536 4128; x_wconf 89' lang='lat' dir='ltr'>certandi</span> <span class='ocrx_word' id='word_1_562' title='bbox 1552 4075 1580 4127; x_wconf 90' lang='lat' dir='ltr'>et</span> <span class='ocrx_word' id='word_1_563' title='bbox 1599 4070 1818 4144; x_wconf 84' lang='lat' dir='ltr'>perseverandi,</span> <span class='ocrx_word' id='word_1_564' title='bbox 1833 4071 1862 4124; x_wconf 91' lang='lat' dir='ltr'>ut</span> 
     </span>
     <span class='ocr_line' id='line_1_45' title="bbox 153 4156 1862 4237; baseline -0.004 -18"><span class='ocrx_word' id='word_1_565' title='bbox 153 4163 244 4220; x_wconf 90' lang='lat' dir='ltr'>situm</span> <span class='ocrx_word' id='word_1_566' title='bbox 256 4180 315 4219; x_wconf 81' lang='lat' dir='ltr'>sus</span> <span class='ocrx_word' id='word_1_567' title='bbox 323 4163 494 4232; x_wconf 88' lang='lat' dir='ltr'>vocationis,</span> <span class='ocrx_word' id='word_1_568' title='bbox 507 4165 607 4220; x_wconf 90' lang='lat' dir='ltr'>omnia</span> <span class='ocrx_word' id='word_1_569' title='bbox 615 4181 773 4237; x_wconf 90' lang='lat' dir='ltr'>cooperans</span> <span class='ocrx_word' id='word_1_570' title='bbox 786 4165 848 4221; x_wconf 91' lang='lat' dir='ltr'>eiin</span> <span class='ocrx_word' id='word_1_571' title='bbox 857 4165 977 4232; x_wconf 91' lang='lat' dir='ltr'>bonum,</span> <span class='ocrx_word' id='word_1_572' title='bbox 1034 4165 1145 4223; x_wconf 89' lang='lat' dir='ltr'>scilicet</span> <span class='ocrx_word' id='word_1_573' title='bbox 1160 4163 1296 4237; x_wconf 90' lang='lat' dir='ltr'>quamvis</span> <span class='ocrx_word' id='word_1_574' title='bbox 1310 4163 1457 4228; x_wconf 81' lang='lat' dir='ltr'>infirmus,</span> <span class='ocrx_word' id='word_1_575' title='bbox 1472 4165 1579 4233; x_wconf 88' lang='lat' dir='ltr'>petere,</span> <span class='ocrx_word' id='word_1_576' title='bbox 1589 4159 1710 4233; x_wconf 85' lang='lat' dir='ltr'>pulsare</span> <span class='ocrx_word' id='word_1_577' title='bbox 1719 4176 1781 4216; x_wconf 86' lang='lat' dir='ltr'>nou</span> <span class='ocrx_word' id='word_1_578' title='bbox 1792 4156 1862 4214; x_wconf 88' lang='lat' dir='ltr'>desi·</span> 
     </span>
     <span class='ocr_line' id='line_1_46' title="bbox 152 4249 1858 4328; baseline -0.004 -20"><span class='ocrx_word' id='word_1_579' title='bbox 152 4251 304 4318; x_wconf 90' lang='lat' dir='ltr'>virtutum,</span> <span class='ocrx_word' id='word_1_580' title='bbox 322 4269 436 4309; x_wconf 90' lang='lat' dir='ltr'>morum</span> <span class='ocrx_word' id='word_1_581' title='bbox 464 4253 694 4327; x_wconf 88' lang='lat' dir='ltr'>meritorumque</span> <span class='ocrx_word' id='word_1_582' title='bbox 717 4253 897 4328; x_wconf 88' lang='lat' dir='ltr'>plenitudine</span> <span class='ocrx_word' id='word_1_583' title='bbox 911 4271 978 4310; x_wconf 90' lang='lat' dir='ltr'>eum</span> <span class='ocrx_word' id='word_1_584' title='bbox 1033 4259 1130 4321; x_wconf 90' lang='lat' dir='ltr'>steret,</span> <span class='ocrx_word' id='word_1_585' title='bbox 1148 4254 1240 4310; x_wconf 87' lang='lat' dir='ltr'>donec</span> <span class='ocrx_word' id='word_1_586' title='bbox 1256 4250 1341 4325; x_wconf 86' lang='lat' dir='ltr'>quasi</span> <span class='ocrx_word' id='word_1_587' title='bbox 1357 4251 1471 4306; x_wconf 92' lang='lat' dir='ltr'>Domini</span> <span class='ocrx_word' id='word_1_588' title='bbox 1487 4249 1671 4306; x_wconf 85' lang='lat' dir='ltr'>severitatem</span> <span class='ocrx_word' id='word_1_589' title='bbox 1697 4251 1858 4321; x_wconf 84' lang='lat' dir='ltr'>superarat,</span> 
     </span>
     <span class='ocr_line' id='line_1_47' title="bbox 142 4335 1860 4414; baseline -0.003 -17"><span class='ocrx_word' id='word_1_590' title='bbox 142 4340 323 4397; x_wconf 85' lang='lat' dir='ltr'>cumulavit.</span> <span class='ocrx_word' id='word_1_591' title='bbox 353 4341 443 4412; x_wconf 87' lang='lat' dir='ltr'>Cujus</span> <span class='ocrx_word' id='word_1_592' title='bbox 471 4335 606 4414; x_wconf 81' lang='lat' dir='ltr'>gloriosis</span> <span class='ocrx_word' id='word_1_593' title='bbox 636 4343 781 4414; x_wconf 92' lang='lat' dir='ltr'>precibus,</span> <span class='ocrx_word' id='word_1_594' title='bbox 807 4349 835 4398; x_wconf 91' lang='lat' dir='ltr'>et</span> <span class='ocrx_word' id='word_1_595' title='bbox 863 4349 979 4399; x_wconf 91' lang='lat' dir='ltr'>nostros</span> <span class='ocrx_word' id='word_1_596' title='bbox 1033 4336 1860 4409; x_wconf 81' lang='lat' dir='ltr'>eleumadeibeuedicenduminclinaret.Carjusexem·</span> 
     </span>
     <span class='ocr_line' id='line_1_48' title="bbox 154 4427 1858 4510; baseline -0.001 -25"><span class='ocrx_word' id='word_1_597' title='bbox 154 4430 267 4486; x_wconf 84' lang='lat' dir='ltr'>utinam</span> <span class='ocrx_word' id='word_1_598' title='bbox 291 4429 406 4486; x_wconf 85' lang='lat' dir='ltr'>labores</span> <span class='ocrx_word' id='word_1_599' title='bbox 428 4430 565 4504; x_wconf 84' lang='lat' dir='ltr'>dignetur</span> <span class='ocrx_word' id='word_1_600' title='bbox 583 4432 724 4488; x_wconf 91' lang='lat' dir='ltr'>Dominus</span> <span class='ocrx_word' id='word_1_601' title='bbox 741 4432 770 4487; x_wconf 92' lang='lat' dir='ltr'>in</span> <span class='ocrx_word' id='word_1_602' title='bbox 787 4427 1858 4510; x_wconf 79' lang='lat' dir='ltr'>bonumcon-1)pto,fratresmei,instructi,inorationeperseveremus.</span> 
     </span>
     <span class='ocr_line' id='line_1_49' title="bbox 154 4513 1859 4592; baseline -0.004 -18"><span class='ocrx_word' id='word_1_603' title='bbox 154 4519 243 4592; x_wconf 88' lang='lat' dir='ltr'>plere,</span> <span class='ocrx_word' id='word_1_604' title='bbox 272 4523 300 4575; x_wconf 90' lang='lat' dir='ltr'>et</span> <span class='ocrx_word' id='word_1_605' title='bbox 315 4535 434 4576; x_wconf 78' lang='lat' dir='ltr'>camum</span> <span class='ocrx_word' id='word_1_606' title='bbox 450 4519 514 4575; x_wconf 81' lang='lat' dir='ltr'>vitm</span> <span class='ocrx_word' id='word_1_607' title='bbox 541 4524 645 4575; x_wconf 78' lang='lat' dir='ltr'>nostre</span> <span class='ocrx_word' id='word_1_608' title='bbox 660 4519 696 4576; x_wconf 91' lang='lat' dir='ltr'>de</span> <span class='ocrx_word' id='word_1_609' title='bbox 718 4521 793 4577; x_wconf 92' lang='lat' dir='ltr'>bono</span> <span class='ocrx_word' id='word_1_610' title='bbox 819 4521 849 4576; x_wconf 91' lang='lat' dir='ltr'>in</span> <span class='ocrx_word' id='word_1_611' title='bbox 873 4520 979 4577; x_wconf 88' lang='lat' dir='ltr'>melius</span> <span class='ocrx_word' id='word_1_612' title='bbox 1034 4519 1385 4578; x_wconf 88' lang='lat' dir='ltr'>necdesistamusdonee</span> <span class='ocrx_word' id='word_1_613' title='bbox 1400 4517 1437 4573; x_wconf 90' lang='lat' dir='ltr'>ab</span> <span class='ocrx_word' id='word_1_614' title='bbox 1452 4533 1485 4573; x_wconf 93' lang='lat' dir='ltr'>eo</span> <span class='ocrx_word' id='word_1_615' title='bbox 1500 4514 1720 4572; x_wconf 88' lang='lat' dir='ltr'>benedicamur.</span> <span class='ocrx_word' id='word_1_616' title='bbox 1738 4513 1859 4570; x_wconf 88' lang='lat' dir='ltr'>Undeci-</span> 
     </span>
     <span class='ocr_line' id='line_1_50' title="bbox 154 4602 1859 4682; baseline -0.005 -18"><span class='ocrx_word' id='word_1_617' title='bbox 154 4607 681 4666; x_wconf 81' lang='lat' dir='ltr'>oonsummarelSextumbeueflcium</span> <span class='ocrx_word' id='word_1_618' title='bbox 691 4614 743 4678; x_wconf 89' lang='lat' dir='ltr'>est,</span> <span class='ocrx_word' id='word_1_619' title='bbox 754 4609 979 4682; x_wconf 90' lang='lat' dir='ltr'>quodDominus</span> <span class='ocrx_word' id='word_1_620' title='bbox 1034 4627 1116 4666; x_wconf 90' lang='lat' dir='ltr'>mum</span> <span class='ocrx_word' id='word_1_621' title='bbox 1132 4606 1305 4664; x_wconf 88' lang='lat' dir='ltr'>heneficium</span> <span class='ocrx_word' id='word_1_622' title='bbox 1321 4609 1375 4675; x_wconf 89' lang='lat' dir='ltr'>est,</span> <span class='ocrx_word' id='word_1_623' title='bbox 1388 4606 1465 4678; x_wconf 91' lang='lat' dir='ltr'>quod</span> <span class='ocrx_word' id='word_1_624' title='bbox 1477 4605 1526 4661; x_wconf 92' lang='lat' dir='ltr'>Dei</span> <span class='ocrx_word' id='word_1_625' title='bbox 1542 4602 1686 4676; x_wconf 88' lang='lat' dir='ltr'>sapientia</span> <span class='ocrx_word' id='word_1_626' title='bbox 1696 4619 1754 4658; x_wconf 81' lang='lat' dir='ltr'>nora</span> <span class='ocrx_word' id='word_1_627' title='bbox 1764 4603 1859 4659; x_wconf 77' lang='lat' dir='ltr'>dmit-</span> 
     </span>
     <span class='ocr_line' id='line_1_51' title="bbox 154 4690 1862 4771; baseline -0.006 -17"><span class='ocrx_word' id='word_1_628' title='bbox 154 4697 246 4770; x_wconf 80' lang='lat' dir='ltr'>cdsoit</span> <span class='ocrx_word' id='word_1_629' title='bbox 267 4697 357 4754; x_wconf 82' lang='lat' dir='ltr'>Jacob</span> <span class='ocrx_word' id='word_1_630' title='bbox 380 4697 479 4770; x_wconf 78' lang='lat' dir='ltr'>froude</span> <span class='ocrx_word' id='word_1_631' title='bbox 503 4700 785 4755; x_wconf 78' lang='lat' dir='ltr'>circumvenientium.</span> <span class='ocrx_word' id='word_1_632' title='bbox 810 4699 882 4754; x_wconf 83' lang='lat' dir='ltr'>Cum</span> <span class='ocrx_word' id='word_1_633' title='bbox 902 4699 980 4755; x_wconf 91' lang='lat' dir='ltr'>enim</span> <span class='ocrx_word' id='word_1_634' title='bbox 1034 4696 1225 4771; x_wconf 70' lang='lat' dir='ltr'>erectorem</span> <span class='ocrx_word' id='word_1_635' title='bbox 1246 4695 1353 4768; x_wconf 61' lang='lat' dir='ltr'>dutum</span> <span class='ocrx_word' id='word_1_636' title='bbox 1374 4694 1523 4762; x_wconf 77' lang='lat' dir='ltr'>cersditum,</span> <span class='ocrx_word' id='word_1_637' title='bbox 1547 4691 1592 4748; x_wconf 83' lang='lat' dir='ltr'>sed</span> <span class='ocrx_word' id='word_1_638' title='bbox 1617 4690 1749 4747; x_wconf 80' lang='lat' dir='ltr'>liberavit</span> <span class='ocrx_word' id='word_1_639' title='bbox 1768 4705 1862 4747; x_wconf 75' lang='lat' dir='ltr'>essm</span> 
     </span>
     <span class='ocr_line' id='line_1_52' title="bbox 156 4780 1862 4860; baseline -0.005 -18"><span class='ocrx_word' id='word_1_640' title='bbox 156 4786 255 4843; x_wconf 90' lang='lat' dir='ltr'>Laban</span> <span class='ocrx_word' id='word_1_641' title='bbox 271 4786 413 4860; x_wconf 81' lang='lat' dir='ltr'>cogitaret</span> <span class='ocrx_word' id='word_1_642' title='bbox 425 4786 515 4842; x_wconf 88' lang='lat' dir='ltr'>lacob</span> <span class='ocrx_word' id='word_1_643' title='bbox 531 4786 751 4853; x_wconf 88' lang='lat' dir='ltr'>circumvenire,</span> <span class='ocrx_word' id='word_1_644' title='bbox 768 4791 796 4843; x_wconf 90' lang='lat' dir='ltr'>et</span> <span class='ocrx_word' id='word_1_645' title='bbox 817 4788 980 4844; x_wconf 87' lang='lat' dir='ltr'>mercedem</span> <span class='ocrx_word' id='word_1_646' title='bbox 1035 4786 1186 4859; x_wconf 89' lang='lat' dir='ltr'>Putiphar,</span> <span class='ocrx_word' id='word_1_647' title='bbox 1202 4784 1251 4856; x_wconf 93' lang='lat' dir='ltr'>qui</span> <span class='ocrx_word' id='word_1_648' title='bbox 1267 4800 1335 4840; x_wconf 89' lang='lat' dir='ltr'>eum</span> <span class='ocrx_word' id='word_1_649' title='bbox 1350 4783 1422 4840; x_wconf 90' lang='lat' dir='ltr'>emit</span> <span class='ocrx_word' id='word_1_650' title='bbox 1437 4788 1470 4838; x_wconf 93' lang='lat' dir='ltr'>ut</span> <span class='ocrx_word' id='word_1_651' title='bbox 1483 4782 1610 4838; x_wconf 89' lang='lat' dir='ltr'>traderet</span> <span class='ocrx_word' id='word_1_652' title='bbox 1624 4780 1655 4835; x_wconf 92' lang='lat' dir='ltr'>in</span> <span class='ocrx_word' id='word_1_653' title='bbox 1671 4795 1748 4836; x_wconf 91' lang='lat' dir='ltr'>usus</span> <span class='ocrx_word' id='word_1_654' title='bbox 1764 4784 1862 4852; x_wconf 91' lang='lat' dir='ltr'>turpes</span> 
     </span>
     <span class='ocr_line' id='line_1_53' title="bbox 155 4868 1862 4947; baseline -0.005 -16"><span class='ocrx_word' id='word_1_655' title='bbox 155 4876 221 4947; x_wconf 89' lang='lat' dir='ltr'>ejus</span> <span class='ocrx_word' id='word_1_656' title='bbox 230 4877 371 4932; x_wconf 91' lang='lat' dir='ltr'>mutando</span> <span class='ocrx_word' id='word_1_657' title='bbox 384 4874 526 4943; x_wconf 88' lang='lat' dir='ltr'>minuere,</span> <span class='ocrx_word' id='word_1_658' title='bbox 537 4875 678 4931; x_wconf 89' lang='lat' dir='ltr'>Dominus</span> <span class='ocrx_word' id='word_1_659' title='bbox 688 4876 846 4932; x_wconf 90' lang='lat' dir='ltr'>consilium</span> <span class='ocrx_word' id='word_1_660' title='bbox 856 4877 881 4932; x_wconf 89' lang='lat' dir='ltr'>ci</span> <span class='ocrx_word' id='word_1_661' title='bbox 891 4877 979 4944; x_wconf 91' lang='lat' dir='ltr'>dedit,</span> <span class='ocrx_word' id='word_1_662' title='bbox 1035 4882 1064 4932; x_wconf 90' lang='lat' dir='ltr'>et</span> <span class='ocrx_word' id='word_1_663' title='bbox 1078 4876 1166 4932; x_wconf 88' lang='lat' dir='ltr'>etiarn</span> <span class='ocrx_word' id='word_1_664' title='bbox 1175 4875 1308 4930; x_wconf 85' lang='lat' dir='ltr'>abuxore</span> <span class='ocrx_word' id='word_1_665' title='bbox 1316 4873 1380 4944; x_wconf 88' lang='lat' dir='ltr'>ejus</span> <span class='ocrx_word' id='word_1_666' title='bbox 1395 4871 1629 4944; x_wconf 83' lang='lat' dir='ltr'>concupiscente.</span> <span class='ocrx_word' id='word_1_667' title='bbox 1640 4868 1736 4925; x_wconf 89' lang='lat' dir='ltr'>istum</span> <span class='ocrx_word' id='word_1_668' title='bbox 1745 4883 1862 4942; x_wconf 86' lang='lat' dir='ltr'>quoquc</span> 
     </span>
     <span class='ocr_line' id='line_1_54' title="bbox 156 4959 1862 5038; baseline -0.004 -19"><span class='ocrx_word' id='word_1_669' title='bbox 156 4981 192 5019; x_wconf 92' lang='lat' dir='ltr'>ne</span> <span class='ocrx_word' id='word_1_670' title='bbox 208 4963 287 5021; x_wconf 86' lang='lat' dir='ltr'>fraus</span> <span class='ocrx_word' id='word_1_671' title='bbox 302 4965 328 5021; x_wconf 91' lang='lat' dir='ltr'>ei</span> <span class='ocrx_word' id='word_1_672' title='bbox 343 4965 469 5033; x_wconf 88' lang='lat' dir='ltr'>obesset,</span> <span class='ocrx_word' id='word_1_673' title='bbox 488 4964 538 5021; x_wconf 86' lang='lat' dir='ltr'>sed</span> <span class='ocrx_word' id='word_1_674' title='bbox 553 4963 651 5036; x_wconf 91' lang='lat' dir='ltr'>potius</span> <span class='ocrx_word' id='word_1_675' title='bbox 665 4964 763 5021; x_wconf 90' lang='lat' dir='ltr'>Lahan</span> <span class='ocrx_word' id='word_1_676' title='bbox 780 4965 909 5038; x_wconf 91' lang='lat' dir='ltr'>seipsum</span> <span class='ocrx_word' id='word_1_677' title='bbox 926 4967 982 5022; x_wconf 90' lang='lat' dir='ltr'>cir·</span> <span class='ocrx_word' id='word_1_678' title='bbox 1036 4968 1170 5022; x_wconf 87' lang='lat' dir='ltr'>sanctum</span> <span class='ocrx_word' id='word_1_679' title='bbox 1199 4962 1407 5028; x_wconf 90' lang='lat' dir='ltr'>confessorem,</span> <span class='ocrx_word' id='word_1_680' title='bbox 1437 4959 1636 5016; x_wconf 87' lang='lat' dir='ltr'>venundatum</span> <span class='ocrx_word' id='word_1_681' title='bbox 1662 4959 1720 5014; x_wconf 92' lang='lat' dir='ltr'>sud</span> <span class='ocrx_word' id='word_1_682' title='bbox 1745 4962 1862 5031; x_wconf 81' lang='lat' dir='ltr'>peccato</span> 
     </span>
     <span class='ocr_line' id='line_1_55' title="bbox 157 5045 1864 5127; baseline -0.003 -21"><span class='ocrx_word' id='word_1_683' title='bbox 157 5052 346 5108; x_wconf 89' lang='lat' dir='ltr'>cumveniret.</span> <span class='ocrx_word' id='word_1_684' title='bbox 363 5053 437 5109; x_wconf 87' lang='lat' dir='ltr'>Huic</span> <span class='ocrx_word' id='word_1_685' title='bbox 452 5069 569 5126; x_wconf 92' lang='lat' dir='ltr'>quoque</span> <span class='ocrx_word' id='word_1_686' title='bbox 578 5052 704 5126; x_wconf 81' lang='lat' dir='ltr'>glorioso</span> <span class='ocrx_word' id='word_1_687' title='bbox 715 5055 872 5111; x_wconf 88' lang='lat' dir='ltr'>confessori</span> <span class='ocrx_word' id='word_1_688' title='bbox 887 5055 982 5111; x_wconf 91' lang='lat' dir='ltr'>adfuit</span> <span class='ocrx_word' id='word_1_689' title='bbox 1035 5053 1122 5127; x_wconf 91' lang='lat' dir='ltr'>primi</span> <span class='ocrx_word' id='word_1_690' title='bbox 1139 5050 1278 5124; x_wconf 85' lang='lat' dir='ltr'>parentis,</span> <span class='ocrx_word' id='word_1_691' title='bbox 1290 5051 1333 5108; x_wconf 90' lang='lat' dir='ltr'>vel</span> <span class='ocrx_word' id='word_1_692' title='bbox 1345 5055 1421 5107; x_wconf 87' lang='lat' dir='ltr'>certe</span> <span class='ocrx_word' id='word_1_693' title='bbox 1429 5048 1580 5106; x_wconf 90' lang='lat' dir='ltr'>venditum</span> <span class='ocrx_word' id='word_1_694' title='bbox 1590 5051 1620 5104; x_wconf 89' lang='lat' dir='ltr'>et</span> <span class='ocrx_word' id='word_1_695' title='bbox 1631 5045 1812 5104; x_wconf 88' lang='lat' dir='ltr'>distractum</span> <span class='ocrx_word' id='word_1_696' title='bbox 1821 5046 1864 5101; x_wconf 83' lang='lat' dir='ltr'>de</span> 
     </span>
     <span class='ocr_line' id='line_1_56' title="bbox 157 5136 1863 5216; baseline -0.002 -23"><span class='ocrx_word' id='word_1_697' title='bbox 157 5139 299 5194; x_wconf 92' lang='lat' dir='ltr'>Dominus</span> <span class='ocrx_word' id='word_1_698' title='bbox 324 5141 354 5195; x_wconf 91' lang='lat' dir='ltr'>in</span> <span class='ocrx_word' id='word_1_699' title='bbox 379 5141 480 5196; x_wconf 87' lang='lat' dir='ltr'>frauda</span> <span class='ocrx_word' id='word_1_700' title='bbox 504 5141 804 5209; x_wconf 89' lang='lat' dir='ltr'>circumvenientium,</span> <span class='ocrx_word' id='word_1_701' title='bbox 830 5144 980 5216; x_wconf 92' lang='lat' dir='ltr'>quoniam,</span> <span class='ocrx_word' id='word_1_702' title='bbox 1035 5141 1227 5198; x_wconf 86' lang='lat' dir='ltr'>tractionibus</span> <span class='ocrx_word' id='word_1_703' title='bbox 1253 5139 1393 5197; x_wconf 88' lang='lat' dir='ltr'>falsorum</span> <span class='ocrx_word' id='word_1_704' title='bbox 1418 5139 1541 5194; x_wconf 88' lang='lat' dir='ltr'>fratrum</span> <span class='ocrx_word' id='word_1_705' title='bbox 1556 5136 1617 5202; x_wconf 89' lang='lat' dir='ltr'>Dei,</span> <span class='ocrx_word' id='word_1_706' title='bbox 1633 5136 1863 5208; x_wconf 86' lang='lat' dir='ltr'>sapientiseum</span> 
     </span>
     <span class='ocr_line' id='line_1_57' title="bbox 157 5223 1864 5303; baseline -0.004 -18"><span class='ocrx_word' id='word_1_707' title='bbox 157 5242 226 5285; x_wconf 87' lang='lat' dir='ltr'>cum</span> <span class='ocrx_word' id='word_1_708' title='bbox 241 5227 377 5284; x_wconf 86' lang='lat' dir='ltr'>diabolus</span> <span class='ocrx_word' id='word_1_709' title='bbox 393 5228 589 5303; x_wconf 88' lang='lat' dir='ltr'>diabolicique</span> <span class='ocrx_word' id='word_1_710' title='bbox 603 5230 738 5287; x_wconf 91' lang='lat' dir='ltr'>homines</span> <span class='ocrx_word' id='word_1_711' title='bbox 752 5248 819 5287; x_wconf 89' lang='lat' dir='ltr'>eum</span> <span class='ocrx_word' id='word_1_712' title='bbox 844 5232 979 5289; x_wconf 86' lang='lat' dir='ltr'>tentatio·</span> <span class='ocrx_word' id='word_1_713' title='bbox 1036 5249 1095 5288; x_wconf 91' lang='lat' dir='ltr'>uon</span> <span class='ocrx_word' id='word_1_714' title='bbox 1110 5229 1278 5302; x_wconf 87' lang='lat' dir='ltr'>dereliquit,</span> <span class='ocrx_word' id='word_1_715' title='bbox 1291 5230 1341 5286; x_wconf 91' lang='lat' dir='ltr'>sed</span> <span class='ocrx_word' id='word_1_716' title='bbox 1354 5226 1489 5284; x_wconf 89' lang='lat' dir='ltr'>liberavit</span> <span class='ocrx_word' id='word_1_717' title='bbox 1497 5223 1816 5298; x_wconf 86' lang='lat' dir='ltr'>eumapsccatoribus,</span> <span class='ocrx_word' id='word_1_718' title='bbox 1830 5237 1864 5278; x_wconf 82' lang='lat' dir='ltr'>ns</span> 
     </span>
     <span class='ocr_line' id='line_1_58' title="bbox 140 5314 1864 5393; baseline -0.003 -21"><span class='ocrx_word' id='word_1_719' title='bbox 140 5314 143 5325; x_wconf 86' lang='lat'>&#39;</span> <span class='ocrx_word' id='word_1_720' title='bbox 159 5317 247 5372; x_wconf 90' lang='lat' dir='ltr'>nibus</span> <span class='ocrx_word' id='word_1_721' title='bbox 263 5317 406 5390; x_wconf 87' lang='lat' dir='ltr'>parabant</span> <span class='ocrx_word' id='word_1_722' title='bbox 420 5318 641 5387; x_wconf 90' lang='lat' dir='ltr'>circumvenire,</span> <span class='ocrx_word' id='word_1_723' title='bbox 660 5319 782 5376; x_wconf 90' lang='lat' dir='ltr'>Domino</span> <span class='ocrx_word' id='word_1_724' title='bbox 797 5326 982 5393; x_wconf 87' lang='lat' dir='ltr'>procurante,</span> <span class='ocrx_word' id='word_1_725' title='bbox 1036 5320 1063 5377; x_wconf 92' lang='lat' dir='ltr'>ei</span> <span class='ocrx_word' id='word_1_726' title='bbox 1079 5319 1122 5375; x_wconf 91' lang='lat' dir='ltr'>vel</span> <span class='ocrx_word' id='word_1_727' title='bbox 1138 5336 1192 5375; x_wconf 92' lang='lat' dir='ltr'>sua</span> <span class='ocrx_word' id='word_1_728' title='bbox 1205 5317 1414 5391; x_wconf 88' lang='lat' dir='ltr'>perseeutione,</span> <span class='ocrx_word' id='word_1_729' title='bbox 1426 5315 1750 5372; x_wconf 86' lang='lat' dir='ltr'>velvitiarumsuorum</span> <span class='ocrx_word' id='word_1_730' title='bbox 1761 5316 1864 5369; x_wconf 84' lang='lat' dir='ltr'>eonta-</span> 
     </span>
     <span class='ocr_line' id='line_1_59' title="bbox 158 5403 1863 5483; baseline -0.004 -21"><span class='ocrx_word' id='word_1_731' title='bbox 158 5406 320 5462; x_wconf 89' lang='lat' dir='ltr'>eoontrario</span> <span class='ocrx_word' id='word_1_732' title='bbox 335 5406 472 5480; x_wconf 89' lang='lat' dir='ltr'>sibiipsis</span> <span class='ocrx_word' id='word_1_733' title='bbox 480 5409 634 5477; x_wconf 88' lang='lat' dir='ltr'>nocebant,</span> <span class='ocrx_word' id='word_1_734' title='bbox 646 5414 675 5465; x_wconf 91' lang='lat' dir='ltr'>et</span> <span class='ocrx_word' id='word_1_735' title='bbox 685 5408 768 5466; x_wconf 91' lang='lat' dir='ltr'>illum</span> <span class='ocrx_word' id='word_1_736' title='bbox 775 5412 928 5483; x_wconf 76' lang='lat' dir='ltr'>juvabant,</span> <span class='ocrx_word' id='word_1_737' title='bbox 940 5411 983 5467; x_wconf 94' lang='lat' dir='ltr'>illi</span> <span class='ocrx_word' id='word_1_738' title='bbox 1036 5410 1132 5483; x_wconf 80' lang='lat' dir='ltr'>glane,</span> <span class='ocrx_word' id='word_1_739' title='bbox 1148 5411 1295 5464; x_wconf 90' lang='lat' dir='ltr'>nocerent.</span> <span class='ocrx_word' id='word_1_740' title='bbox 1308 5406 1424 5462; x_wconf 91' lang='lat' dir='ltr'>Utinam</span> <span class='ocrx_word' id='word_1_741' title='bbox 1440 5409 1469 5462; x_wconf 92' lang='lat' dir='ltr'>et</span> <span class='ocrx_word' id='word_1_742' title='bbox 1483 5421 1547 5473; x_wconf 88' lang='lat' dir='ltr'>nos,</span> <span class='ocrx_word' id='word_1_743' title='bbox 1559 5404 1664 5460; x_wconf 87' lang='lat' dir='ltr'>fratres</span> <span class='ocrx_word' id='word_1_744' title='bbox 1676 5403 1747 5469; x_wconf 89' lang='lat' dir='ltr'>mei,</span> <span class='ocrx_word' id='word_1_745' title='bbox 1763 5416 1863 5476; x_wconf 84' lang='lat' dir='ltr'>pecca·</span> 
     </span>
     <span class='ocr_line' id='line_1_60' title="bbox 159 5487 1863 5573; baseline -0.006 -19"><span class='ocrx_word' id='word_1_746' title='bbox 159 5495 342 5556; x_wconf 84' lang='lat' dir='ltr'>occasionem</span> <span class='ocrx_word' id='word_1_747' title='bbox 368 5496 493 5556; x_wconf 81' lang='lat' dir='ltr'>victorie</span> <span class='ocrx_word' id='word_1_748' title='bbox 519 5498 634 5565; x_wconf 90' lang='lat' dir='ltr'>dautes,</span> <span class='ocrx_word' id='word_1_749' title='bbox 649 5501 678 5555; x_wconf 86' lang='lat' dir='ltr'>et</span> <span class='ocrx_word' id='word_1_750' title='bbox 702 5498 820 5558; x_wconf 88' lang='lat' dir='ltr'>sibimet</span> <span class='ocrx_word' id='word_1_751' title='bbox 841 5502 982 5573; x_wconf 88' lang='lat' dir='ltr'>majorem</span> <span class='ocrx_word' id='word_1_752' title='bbox 1036 5499 1075 5557; x_wconf 92' lang='lat' dir='ltr'>tis</span> <span class='ocrx_word' id='word_1_753' title='bbox 1090 5497 1233 5568; x_wconf 89' lang='lat' dir='ltr'>venditos,</span> <span class='ocrx_word' id='word_1_754' title='bbox 1249 5495 1352 5552; x_wconf 88' lang='lat' dir='ltr'>liberet</span> <span class='ocrx_word' id='word_1_755' title='bbox 1373 5495 1528 5563; x_wconf 89' lang='lat' dir='ltr'>Dominus,</span> <span class='ocrx_word' id='word_1_756' title='bbox 1543 5510 1580 5551; x_wconf 89' lang='lat' dir='ltr'>ne</span> <span class='ocrx_word' id='word_1_757' title='bbox 1593 5496 1765 5567; x_wconf 80' lang='lat' dir='ltr'>peccatores</span> <span class='ocrx_word' id='word_1_758' title='bbox 1781 5487 1863 5548; x_wconf 88' lang='lat' dir='ltr'>nobis</span> 
     </span>
    </p>
   </div>
   <div class='ocr_carea' id='block_1_3' title="bbox 0 0 1912 6006">
    <p class='ocr_par' dir='ltr' id='par_1_3' title="bbox 0 0 1912 6006">
     <span class='ocr_line' id='line_1_61' title="bbox 0 0 1912 6006; baseline 0 0"><span class='ocrx_word' id='word_1_759' title='bbox 0 0 1912 6006; x_wconf 95' lang='lat' dir='ltr'> </span> 
     </span>
    </p>
   </div>
  </div>
 </body>
</html>
