3816 6006
51 254 113 324 061
558 253 668 319 eniti.
692 253 743 318 Db
764 249 904 316 acilas
927 249 1030 316 Hlsr.
1053 251 1262 316 HlEBOSOL.
1704 253 1764 315 662

54 385 249 465 provinciales
258 385 289 446 in
302 386 358 447 hoc
372 387 492 447 domino
507 406 560 447 suo
573 387 671 446 comiti
689 387 881 445 adversaban—
897 384 925 453 Α
939 387 1070 458 beneficio.
1085 386 1159 443 cobis
1179 384 1348 443 celabimus?
1372 384 1484 443 Posthas
1508 384 1692 444 deduxerunt
1714 403 1764 446 eos

53 484 112 545 tur,
124 496 228 543 verum
241 480 329 536 etiam
342 479 436 536 multa
447 481 482 536 de
492 497 525 536 eo
537 479 634 552 turpia
645 480 885 550 composuerunt,
943 477 977 532 ad
994 476 1141 549 quoddam
1152 476 1258 532 atrium
1271 476 1425 545 ecclesaie,
1434 480 1462 532 et
1472 476 1512 532 ibi
1524 476 1693 533 effodientes
1703 478 1765 534 red-

54 585 91 624 ne
105 567 266 642 eligeretur
282 568 311 623 in
328 585 437 640 regem.
450 568 613 624 Destitutus
625 567 723 638 itaque
735 582 833 622 eomes
846 581 889 632 so,
943 565 1088 621 diderunt,
1101 566 1194 620 Gavisi
1221 570 1291 620 sunt
1314 566 1412 637 itaque
1427 582 1529 621 omnes
1544 565 1647 632 nostri,
1664 570 1693 622 et
1707 567 1765 622 Deo

53 656 168 715 olorum
180 662 208 713 et
222 657 384 713 amicorum
397 656 530 727 consilio,
539 656 710 729 prejudicio
723 654 887 738 subeundo¹

55 746 179 803 tradidit
195 751 305 803 turrem
329 745 359 801 in
381 763 471 801 manu
487 745 666 802 Albarieusis
682 745 821 817 episcopi.
839 742 889 798 llle

55 852 135 904 vero,
148 852 207 892 non
221 838 388 907 exspectato
405 835 527 907 judicio,
544 835 667 891 tradidit
682 840 794 889 turrem
810 832 888 909 duci·

55 928 189 997 Cumque
204 923 402 997 appellaretur
413 925 567 996 episcopus
582 925 618 979 de
629 924 683 978 hoo
696 924 780 988 lactc,
794 921 891 994 prodi.

56 1018 104 1070 ior
117 1013 233 1070 dicebat
247 1029 312 1069 sese
326 1018 460 1068 coactum
475 1012 576 1078 inisse,
595 1018 683 1085 atque
697 1027 817 1084 passum
833 1011 893 1065 vio-

57 1102 191 1159 lentiam.
208 1103 261 1158 Sed
279 1101 333 1157 hoe
348 1117 401 1174 ego
422 1102 451 1156 in
474 1101 594 1158 veritate
618 1101 746 1173 comperi
764 1099 891 1172 plurima

47 1197 142 1251 ‘erma
154 1208 219 1248 esse
234 1191 315 1247 illata
328 1192 358 1246 in
374 1190 599 1263 patriarchalem
615 1192 747 1256 domum,
762 1189 810 1245 ubi
828 1188 890 1260 cpi-

57 1297 167 1354 scopus
178 1280 317 1336 manebat
327 1295 417 1352 prope
431 1278 583 1335 ecclesiam
595 1278 739 1334 Dominioi
751 1278 889 1350 sepulcri.

57 1370 113 1426 Sed
130 1371 168 1426 de
181 1368 320 1425 violentia
335 1368 391 1423 sibi
406 1367 489 1423 illata
504 1367 551 1423 ille
563 1368 693 1434 dicebat3
711 1371 740 1422 et
756 1367 889 1439 trequen-

58 1463 104 1515 ter
112 1457 326 1531 clamhujuscc
336 1457 378 1513 rei
390 1456 506 1513 comitis
516 1456 676 1512 familiares
686 1455 891 1516 insimulabat.

59 1547 185 1604 Reddita
196 1547 295 1620 itaque
306 1551 395 1614 turre,
405 1546 435 1601 in
447 1562 588 1620 magnum
598 1546 697 1601 odium
711 1550 813 1600 contra
822 1562 891 1601 suos

59 1652 161 1694 eomes
176 1637 294 1702 exarsit,
309 1635 410 1692 dicens
434 1651 466 1691 se
489 1635 706 1702 inhonoratum,
724 1651 782 1690 non
807 1651 901 1706 posse,

60 1742 182 1783 manere
197 1725 226 1780 in
242 1724 292 1780 illa
307 1724 410 1796 patria.
427 1724 528 1797 ltaque
545 1724 663 1796 proiecti
677 1724 713 1779 ab
729 1723 890 1796 lliorosoly-
906 1759 930 1825 B
945 1760 1030 1815 nobis
1045 1760 1121 1831 quod

60 1813 119 1871 mis
133 1814 261 1879 Jerioho,
276 1818 306 1869 et
321 1812 447 1885 acceptis
462 1813 569 1885 palmis
585 1813 717 1869 venimus
733 1812 769 1867 ad
784 1813 890 1868 Jorda-

60 1920 141 1971 nem,
153 1909 182 1960 et
197 1903 276 1961 sicut
290 1906 467 1976 praeceperat
483 1902 585 1958 Petrus
601 1901 840 1968 Bartholomaeus,
853 1902 891 1957 la-

60 1998 110 2052 cta
124 1998 186 2050 rate
202 1993 237 2049 de
251 1992 433 2057 viminimus,
445 1996 475 2046 ot
487 1991 625 2064 imposito
641 1992 769 2063 desuper
784 1995 891 2047 comite

61 2081 278 2140 transveximus
288 2096 354 2136 eum
364 2098 371 2148 3
385 2079 493 2152 quippe
504 2096 570 2135 curn
585 2096 642 2135 non
653 2079 829 2135 haberemus
840 2096 891 2135 na·

944 654 1136 726 omnipotenti
1150 653 1252 710 laudes
1272 660 1300 710 et
1325 655 1434 727 gratias
1450 655 1621 723 referebant,
1633 655 1683 726 qui
1707 671 1764 710 non

944 743 1039 798 solum
1057 744 1157 798 urbem
1174 744 1203 797 in
1217 760 1274 815 qua
1284 760 1389 815 passus
1404 747 1459 809 est,
1471 744 1521 799 sed
1536 743 1624 800 etiem
1638 743 1766 817 insignia

945 831 1090 904 passionis
1101 850 1160 887 sue
1171 837 1257 904 alque
1268 832 1393 887 victoria
1405 832 1489 888 nobis
1499 831 1635 901 reddidit,
1643 837 1675 889 ut
1686 837 1766 889 tanto

944 938 1011 977 eum
1028 921 1165 976 manibus
1181 921 1246 976 fidei
1266 920 1374 977 arctius
1389 921 1641 994 amplecteremur,
1656 926 1765 994 quanto

945 1011 1068 1066 certiora
1083 1014 1187 1066 nostre
1202 1010 1305 1066 salutis
1319 1015 1533 1066 contueremur.

1245 1126 1361 1182 CAPUT
1379 1126 1462 1183 XLII.

980 1225 1124 1297 Dumque,
1139 1223 1215 1280 sicut
1230 1224 1365 1297 saporius
1379 1225 1518 1291 diximus,
1529 1226 1565 1280 de
1575 1226 1649 1282 duce
1664 1226 1767 1282 Lotha-
1802 1260 1807 1269 ·

946 1313 1044 1386 ringiae
1056 1313 1223 1369 ordinatum
1234 1317 1319 1380 esset,
1332 1314 1408 1386 quod
1425 1313 1571 1369 civitatem
1585 1315 1709 1371 retinere
1719 1315 1766 1372 de·

945 1403 1035 1474 beret,
1051 1407 1079 1458 et
1094 1419 1191 1458 comes
1207 1402 1305 1458 dolore
1328 1408 1355 1458 et
1385 1402 1493 1475 injuria
1520 1404 1716 1471 exercebatur,
1733 1420 1766 1461 eo

946 1493 1022 1564 quod
1039 1508 1135 1547 arcem
1151 1490 1251 1559 David,
1267 1490 1377 1548 scilicet
1391 1491 1482 1548 totius
1497 1491 1578 1566 regni
1593 1492 1707 1549 Judaici
1723 1511 1769 1550 ca·

946 1586 1008 1653 put,
1020 1580 1120 1636 leviter
1133 1581 1307 1652 perdiderat,
1320 1585 1348 1635 et
1360 1582 1396 1635 ob
1411 1581 1465 1636 hoo
1477 1582 1588 1654 regredi
1600 1598 1667 1638 com
1678 1583 1769 1640 maxi·

946 1688 994 1726 ma
1009 1674 1090 1742 parto
1106 1674 1211 1725 nostres
1234 1669 1329 1742 gentis
1346 1670 1522 1742 disponeret,
1540 1671 1707 1729 nuntiatum
1722 1677 1768 1729 est

1143 1775 1190 1814 rex
1216 1758 1438 1832 Babyloniorum
1464 1759 1604 1816 Ascalone
1628 1761 1765 1830 venisset,

946 1867 1012 1906 cum
1029 1847 1237 1904 innumerabili
1259 1865 1440 1922 paganorum
1463 1849 1662 1917 multitudine,
1679 1854 1716 1920 et,
1734 1855 1767 1908 ut

853 1990 858 2000 ,
946 1938 1029 1994 nohis
1041 1937 1163 1994 relatum
1175 1940 1230 2002 est,
1242 1938 1319 2009 quod
1330 1937 1534 1995 ierosolimam
1546 1956 1713 2013 expugnare
1722 1958 1768 1998 ve-

945 2032 1036 2095 reret,
1048 2031 1076 2083 et
1090 2026 1220 2082 occidere
1233 2028 1356 2082 Francos
1372 2044 1474 2084 omnes
1490 2045 1507 2084 a
1521 2027 1623 2102 viginti
1639 2030 1724 2086 annis
1739 2033 1768 2086 et

945 2134 1044 2189 supra,
1059 2120 1087 2171 et
1101 2115 1245 2188 captivare
1260 2114 1388 2187 reliquos
1403 2132 1469 2171 cum
1486 2116 1668 2186 mulieribus,
1681 2118 1767 2175 datu·

61 2189 138 2238 vem,
146 2171 189 2228 sie
199 2170 285 2226 nobis
295 2169 400 2225 melius
409 2168 503 2224 visum
515 2169 579 2223 luit.
589 2168 725 2225 Posthac
735 2172 892 2224 convocata

142 2260 148 2272 ,
210 2260 216 2270 ,
340 2258 345 2268 ,
945 2222 995 2260 rus
1010 2206 1086 2261 viros
1103 2203 1274 2260 mulieribus
1286 2205 1321 2260 de
1333 2221 1387 2260 sua
1396 2210 1493 2278 gente,
1501 2212 1530 2261 ot
1535 2206 1693 2278 juvenibus
1704 2224 1769 2262 mu·

63 2260 256 2318 multitudine
266 2274 427 2332 exegimus,
435 2263 580 2329 quatenus
592 2262 728 2330 rogarent
736 2257 827 2313 Deum
839 2274 890 2329 pro

81 2350 88 2363 ‚
202 2348 231 2359 ,,
331 2347 336 2357 ,
473 2346 528 2356 ,,
692 2345 698 2357 ,
754 2345 760 2357 ,
944 2294 1039 2360 lieres,
1051 2300 1084 2349 ut
1099 2292 1321 2366 Babyloniorum
1338 2294 1448 2349 domini
1462 2294 1598 2367 deinceps
1615 2294 1768 2354 bellicosas

62 2352 250 2407 mmmm
261 2352 289 2403 et
300 2346 424 2402 “horum
437 2363 618 2418 pr¹¹¹⁰¹pum3
633 2346 738 2402 d⁹h¹¹¹⁰
753 2345 890 2401 mdumm
945 2383 1073 2439 familias
1088 2383 1238 2448 haberent,
1252 2382 1287 2437 de
1302 2398 1407 2455 genere
1422 2384 1609 2439 Francorum.
1626 2384 1692 2457 Sed,
1709 2402 1767 2442 non

61 2437 236 2506 “mim’et
260 2436 374 2535 limeis
399 2435 490 2500 ¹¹⁰Vis’
505 2434 587 2533 Sicut.
605 2434 689 2491 n⁰bi⁸
713 2439 890 2533 praeo‘f'ptum
945 2473 991 2528 his
1006 2472 1103 2528 adhuc
1127 2475 1292 2538 contentus,
1307 2470 1442 2527 similiter
1464 2473 1623 2528 Antiochia
1646 2480 1675 2529 et
1699 2475 1794 2531 Boa-'

60 2529 160 2586 luerat
176 2541 353 2600 peregimus,
366 2524 416 2579 sed
433 2540 523 2595 quare
538 2522 635 2580 taliter
650 2524 737 2579 homo
753 2523 801 2579 Der
818 2540 890 2596 praa·

61 2616 182 2692 ‘'eperst’
199 2615 295 2672 adhuc
310 2630 491 2686 'gnommus'
945 2668 1070 2725 quarum
1085 2649 1236 2707 civitatum
1248 2649 1384 2706 diadema
1396 2649 1547 2722 capitisue
1558 2649 1767 2724 impositurum

376 2729 491 2785 CAPUT
510 2728 580 2785 XLI·
944 2757 976 2797 se
991 2741 1115 2807 dicebat,
1132 2737 1205 2794 nihil
1220 2740 1341 2808 Turcos,
1361 2737 1434 2794 nihil
1457 2739 1593 2808 Francos,
1605 2740 1767 2797 ‘lurcorum

97 2828 258 2904 (Ditisque
269 2819 408 2900 peractis,
425 2826 531 2882 reversi
555 2838 659 2880 sumus
673 2824 888 2881 ierosolimam.
943 2829 1067 2885 victores
1082 2845 1146 2884 esse
1162 2827 1287 2894 dicebat,
1306 2826 1491 2883 considerata
1513 2827 1701 2885 multitudiue
1715 2844 1768 2902 pe·
1785 2834 1794 2858 ⁸

61 2919 173 2978 Eodem
189 2922 320 2990 tempore
336 2915 473 2972 lrnullns
489 2914 658 2987 capellanus
673 2913 890 2970 Northmanniae
945 2919 1040 2975 ditum
1056 2933 1177 2974 suorum
1192 2922 1221 2973 et
1236 2915 1374 2972 militum.
1392 2915 1447 2972 Sed
1464 2933 1516 2972 neo
1532 2917 1619 2973 etiam
1635 2916 1682 2975 his
1696 2934 1768 2973 con·

63 3008 191 3076 comitis,
204 3006 409 3079 aquibusdam
426 3004 455 3060 in
472 3003 669 3077 patriarcham
682 3002 811 3077 eligitur,
822 3021 891 3060 con·
945 3012 1054 3072 tentus,
1074 3007 1104 3062 in
1123 3006 1215 3062 Deum
1231 3004 1432 3078 blasphemias
1455 3004 1653 3079 intorquebat,
1668 3006 1768 3065 dicens

61 3096 277 3155 tradicentibus
287 3095 383 3165 bonis,
393 3093 534 3165 tumquia
543 3109 600 3148 non
608 3096 670 3148 erat
680 3093 889 3159 subdiaconus,
946 3097 1024 3169 quod
1035 3096 1136 3152 locum
1162 3093 1318 3151 Dominicas
1334 3093 1503 3163 nativitatis,
1515 3098 1544 3151 et
1564 3110 1702 3168 presepe,
1718 3095 1768 3153 ubi

63 3184 289 3244 maximeetiam
301 3183 371 3256 quie
381 3188 444 3239 erat
454 3183 489 3238 de
504 3199 608 3255 genere
621 3180 804 3248 sacerdotali,
818 3181 890 3237 etin
946 3185 1088 3241 Dominus
1103 3182 1260 3241 reclinatus
1276 3186 1329 3250 est,
1343 3187 1371 3238 et
1385 3183 1480 3238 locum
1497 3182 1644 3256 passionis
1658 3188 1686 3239 et
1701 3183 1769 3241 Gol-

63 3277 171 3333 itinere
186 3278 285 3329 nostro
309 3272 343 3328 de
368 3271 581 3328 incontinentia
605 3271 807 3338 accusabatur,
820 3272 891 3326 adeo
944 3273 1100 3348 gotha,uhi
1112 3272 1219 3327 dieitur
1229 3272 1305 3344 quod
1316 3272 1437 3343 sanguis
1448 3271 1563 3327 Domini
1574 3273 1727 3345 pendentis
1737 3270 1768 3330 in

63 3370 98 3422 ut
114 3363 249 3437 vulgares
260 3365 364 3417 cantus
379 3361 414 3416 de
430 3377 462 3416 ee
477 3360 629 3415 inhoneste
645 3360 890 3432 composuissent.
936 3381 1030 3427 ,cruce
1045 3360 1210 3428 deflexerim
1227 3365 1255 3415 et
1269 3359 1365 3416 locum
1384 3361 1541 3416 Dominicis
1557 3360 1725 3433 sepulture,
1740 3364 1769 3418 et

64 3455 122 3513 Sed
138 3452 187 3510 ille
200 3468 252 3507 nec
269 3467 415 3506 canonum
430 3450 547 3505 decreta
566 3448 716 3516 reveritus,
728 3452 811 3504 tanta
827 3466 891 3504 am·
945 3451 1002 3507 alia
1017 3450 1115 3506 omnia
1130 3449 1193 3505 looa
1207 3454 1309 3505 sancta
1327 3466 1390 3520 quaa
1408 3449 1438 3504 in
1454 3448 1580 3516 civitate,
1595 3449 1640 3505 vel
1652 3451 1737 3522 juxta
1752 3467 1769 3506 a

64 3543 176 3600 bitiona
193 3545 302 3606 tentus,
324 3555 376 3594 neo
400 3555 504 3612 genus,
528 3554 580 3593 neo
606 3536 789 3592 conscientie
815 3536 892 3592 inla-
946 3540 1052 3612 populo
1072 3543 1247 3594 venerantur
1266 3537 1439 3605 Christiano,
1451 3537 1492 3594 ita
1507 3537 1624 3606 deleret,
1636 3543 1670 3595 ut
1681 3539 1769 3596 etiam

64 3633 281 3697 miam,contra
306 3629 398 3684 bones
423 3626 563 3699 papulum
579 3625 743 3692 concitavit,
761 3630 846 3698 atque
862 3642 893 3681 se
946 3631 1078 3701 ostirpe,
1095 3646 1112 3683 a
1131 3631 1208 3682 terra
1236 3626 1419 3682 abstraheret
1446 3631 1475 3683 et
1503 3626 1725 3696 comminueret,
1742 3631 1772 3685 et

64 3739 134 3778 cum
145 3718 264 3793 hymnis
274 3723 302 3772 et
312 3717 447 3772 cantibus
460 3716 488 3770 in
499 3717 567 3770 sede
579 3714 776 3788 patriarchali,
787 3732 893 3788 magno
947 3718 1074 3792 posthac
1090 3715 1237 3788 pulverem
1253 3716 1283 3769 in
1298 3715 1371 3770 mari
1394 3715 1556 3788 projiceret,
1573 3719 1607 3771 ut
1622 3732 1679 3771 non
1695 3720 1773 3772 esset

64 3808 243 3885 populorum
268 3806 373 3879 plausu
398 3805 509 3860 elevare
525 3803 601 3859 lecit.
615 3805 670 3859 Sed
697 3805 733 3859 de
757 3804 893 3875 episeopo
947 3807 1065 3880 aliquod
1081 3804 1266 3886 Dominicum
1288 3802 1486 3871 memorabile,
1498 3805 1576 3876 quod
1593 3805 1771 3861 Francorum

63 3895 314 3968 Matrenensi,qni
326 3895 449 3966 hujusce
462 3893 503 3949 rei
518 3893 650 3948 incentor
664 3898 693 3948 et
706 3892 893 3948 administra·
948 3912 1019 3970 gens
1035 3896 1064 3949 in
1081 3892 1249 3966 regionibus
1273 3891 1330 3948 illis
1356 3891 1477 3949 ulterius
1493 3893 1683 3965 requirerent.
1701 3892 1774 3948 Cum

64 3993 112 4046 tor
127 3987 231 4056 iuerat,
243 3983 372 4040 vindicta
384 3982 524 4037 divinitus
540 3985 658 4054 sumpta
669 3999 727 4036 non
740 3982 825 4037 modo
840 3984 893 4036 Ar·
948 3990 1047 4041 autom
1061 3983 1121 4038 heo
1137 3987 1166 4039 et
1181 3981 1236 4038 alia
1252 3983 1354 4047 multa,
1369 3987 1397 4038 et
1417 3983 1452 4038 de
1473 3981 1662 4038 multitudine
1677 3981 1774 4054 gentis

65 4077 183 4134 nulium
200 4091 257 4130 non
274 4073 388 4138 terruit,
401 4072 452 4127 sed
468 4071 590 4143 insuper
605 4069 725 4126 clericos
740 4070 789 4143 qni
804 4069 895 4126 habe·
949 4092 1013 4147 queo
1029 4089 1095 4128 cum
1111 4072 1174 4144 ipso
1190 4076 1312 4143 tyranno
1325 4076 1396 4136 erat,
1412 4071 1497 4128 nobis
1512 4072 1729 4138 nuntiarentur,
1745 4075 1775 4128 et

66 4168 139 4222 hant
154 4162 257 4219 alteria
274 4161 302 4216 in
318 4159 441 4216 ecclesio
457 4158 600 4215 Dominici
622 4157 758 4230 sepulcri,
771 4158 814 4214 vol
831 4159 895 4232 qni·
949 4163 1026 4235 quod
1042 4176 1144 4216 omnes
1165 4158 1212 4214 isti
1237 4160 1403 4232 congregati
1428 4164 1512 4215 erant
1533 4160 1692 4226 Ascalone,
1708 4177 1772 4232 quar

65 4255 218 4311 buserant
229 4267 280 4323 pro
291 4249 424 4306 custodia
435 4248 583 4304 mercedes
596 4246 770 4314 constitute,
783 4248 896 4320 privare
949 4250 1082 4326 proxima
1101 4252 1162 4304 erat
1184 4247 1347 4303 Jerusalem
1378 4264 1428 4320 per
1456 4248 1544 4313 diem,
1562 4252 1589 4304 et
1605 4247 1772 4316 dimidium,

66 4340 218 4400 beneficiis
233 4356 290 4394 non
314 4338 475 4394 desinebat.
492 4337 601 4391 Nactus
629 4336 728 4407 itaque
759 4335 896 4392 llrnullus
950 4336 1116 4412 congregati
1137 4342 1206 4392 sunt
1229 4337 1321 4391 nostri
1348 4336 1494 4408 principes
1509 4341 1537 4391 et
1552 4336 1656 4402 clerus,
1673 4341 1700 4392 ot
1715 4354 1774 4392 nu·

66 4424 894 4504 hancpotestatem,coepitrequirereobinooliseivitatis,
951 4428 996 4485 dis
1019 4426 1143 4500 pedibus
1171 4424 1338 4480 incedentes
1367 4429 1432 4479 anto
1461 4424 1628 4497 sepulcrum
1657 4425 1774 4481 Domini

67 4519 119 4576 nbi
135 4535 206 4575 crux
220 4523 283 4573 erat
297 4532 387 4588 quam
404 4513 548 4587 peregrini
566 4517 762 4585 anteceptam
778 4515 894 4570 deroso·
911 4500 934 4564 D
950 4534 1017 4574 eum
1034 4513 1133 4571 multis
1150 4512 1330 4569 orationihus
1341 4518 1370 4568 et
1382 4511 1530 4584 lacrymis,
1542 4512 1773 4569 misericordiam

65 4610 170 4666 limam
187 4607 539 4662 adorareconsuovernnt.
552 4602 663 4668 Quibus
680 4603 898 4674 negantibus,et
952 4603 1120 4664 aDomino
1154 4602 1401 4673 deprecabantur,
1440 4605 1471 4655 ut
1507 4603 1647 4673 populum
1686 4618 1774 4658 suurn

62 4691 899 4771 juramentoetaliissignissenescireprobarevolenti-
953 4695 1040 4750 modo
1075 4691 1231 4756 liberaret,
1268 4706 1355 4762 qoem
1394 4689 1536 4745 hactenus
1573 4689 1712 4746 victorem
1740 4689 1776 4745 de

945 2562 1055 2618 mundo
1071 2562 1217 2617 iacturum
1233 2578 1264 2616 se
1279 2560 1383 2628 aiebat,
1396 2561 1530 2617 Damasci
1546 2561 1645 2630 etiam,
1662 2567 1691 2619 et
1704 2562 1769 2620 reli·

67 4788 136 4854 hus,
151 4784 271 4840 landem
293 4781 384 4837 coacti
410 4785 490 4847 sunt,
507 4780 610 4835 etheo
634 4779 771 4834 dixerunt
787 4797 793 4834 ι
811 4780 898 4837 liuni-

66 4880 167 4950 sesnsm
180 4881 219 4930 ec
237 4871 307 4946 qaod
329 4872 399 4927 Dens
424 4886 468 4926 ros
490 4871 582 4939 clepit,
599 4877 625 4924 et
648 4885 683 4924 ee
707 4870 833 4925 omnibus
848 4873 900 4926 tri-

71 4963 259 5020 bulationibus
283 4977 328 5017 eros
353 4962 466 5032 eripuit,
483 4967 509 5015 et
531 4961 603 5013 hono
620 4960 760 5013 ciuitatem
784 4967 809 5014 et
830 4960 901 5015 alias

69 5054 172 5110 multas
186 5050 261 5107 vohis
276 5051 384 5119 tribuit,
401 5065 457 5104 eron
484 5049 516 5103 in
543 5049 653 5102 virtutis
675 5055 773 5104 vestre
796 5050 902 5117 robore,

70 5142 120 5199 sed
134 5144 271 5212 inserere
284 5155 333 5194 sco
354 5152 496 5194 ercaecans
518 5138 624 5208 impios,
636 5144 661 5190 et
676 5137 797 5193 ciuitates
811 5140 903 5193 muni·

74 5233 197 5289 resimas
212 5230 287 5284 nohis
302 5229 421 5299 apernit,
437 5233 463 5282 ct
481 5227 553 5281 hetto
573 5224 751 5297 formidoloso
764 5228 839 5281 cobis
854 5227 905 5282 dc·

69 5329 134 5395 cler
147 5327 175 5374 et
188 5319 321 5373 Dominus
337 5324 423 5372 cesar
439 5331 490 5387 pro
504 5315 578 5370 cobis
593 5316 650 5385 ipse
664 5315 762 5385 perpit.
780 5314 836 5382 Qun
854 5318 906 5371 itu-

74 5424 129 5482 que
138 5408 294 5482 pertinacia
305 5423 367 5461 cum
387 5406 518 5461 Domi-nos
534 5403 669 5458 nobiseum
685 5402 834 5470 rideamus,
851 5406 908 5477 ejus

124 5551 165 5623 (l)
178 5552 247 5618 Quae
262 5554 428 5622 sequuntur
442 5565 500 5605 non
515 5550 585 5603 sunt
600 5544 766 5601 Raimundi.

954 4781 1093 4840 omnibns
1108 4781 1228 4845 lecerat;
1242 4782 1270 4833 et
1285 4778 1335 4850 qui
1350 4778 1447 4834 locum
1463 4778 1702 4834 sanctificationis
1717 4795 1777 4834 sure

955 4872 1156 4934 mundaverat,
1173 4867 1297 4923 ulterius
1312 4867 1503 4923 contaminari
1531 4872 1648 4940 propter
1671 4885 1777 4924 nomen

957 4977 1043 5017 suum
1060 4976 1117 5014 non
1144 4961 1302 5030 pateretur.
1315 4956 1444 5013 Posthaeo
1460 4955 1595 5012 similiter
1618 4957 1706 5014 nudis
1730 4975 1779 5031 pe·

958 5048 1228 5118 dibus,inoedentes
1250 5045 1279 5100 in
1304 5044 1425 5117 psalmis
1440 5051 1468 5102 et
1483 5045 1610 5120 hymnis,
1622 5050 1650 5103 et
1664 5050 1781 5104 sancto·

959 5155 1024 5196 rum
1040 5136 1184 5210 presidiis
1208 5133 1438 5190 miscricordiam
1463 5135 1514 5192 Dei
1537 5135 1728 5208 appellantes,
1744 5136 1781 5192 ad

959 5227 1102 5301 templum
1118 5225 1232 5281 Domini
1244 5224 1389 5289 venimus,
1402 5223 1500 5297 ibique
1516 5227 1614 5281 animo
1625 5230 1653 5281 ct
1664 5242 1783 5298 corpore

962 5320 1027 5372 ante
1042 5313 1137 5377 eliusi,
1154 5317 1185 5368 ut
1200 5310 1411 5366 benedictionis
1427 5328 1486 5365 suae
1508 5312 1613 5368 ibidem
1630 5313 1727 5368 etiosa·
1743 5328 1785 5367 re-

963 5405 1131 5459 cordaretur
1148 5418 1153 5455 :
1170 5403 1202 5456 Si
1223 5401 1371 5472 perculerit
1387 5402 1416 5455 in
1431 5410 1456 5457 le
1479 5403 1595 5474 populns
1610 5410 1673 5458 tuos
1687 5409 1711 5456 et
1726 5416 1787 5456 con-
