<?xml version="1.0" encoding="UTF-8"?>
<!DOCTYPE html PUBLIC "-//W3C//DTD XHTML 1.0 Transitional//EN"
    "http://www.w3.org/TR/xhtml1/DTD/xhtml1-transitional.dtd">
<html xmlns="http://www.w3.org/1999/xhtml" xml:lang="en" lang="en">
 <head>
  <title>
</title>
<meta http-equiv="Content-Type" content="text/html;charset=utf-8" />
  <meta name='ocr-system' content='tesseract 3.04.00' />
  <meta name='ocr-capabilities' content='ocr_page ocr_carea ocr_par ocr_line ocrx_word'/>
</head>
<body>
  <div class='ocr_page' id='page_1' title='image "./patrologiaecurs93unkngoog_0362.png"; bbox 0 0 3816 6006; ppageno 0'>
   <div class='ocr_carea' id='block_1_1' title="bbox 361 312 1319 379">
    <p class='ocr_par' dir='ltr' id='par_1_1' title="bbox 361 312 1319 379">
     <span class='ocr_line' id='line_1_1' title="bbox 361 312 1319 379; baseline -0.002 -3"><span class='ocrx_word' id='word_1_1' title='bbox 361 313 534 379; x_wconf 76' lang='lat' dir='ltr'><strong>nonsart</strong></span> <span class='ocrx_word' id='word_1_2' title='bbox 556 313 733 378; x_wconf 77' lang='lat' dir='ltr'><strong>alensem</strong></span> <span class='ocrx_word' id='word_1_3' title='bbox 755 313 855 376; x_wconf 80' lang='lat' dir='ltr'><strong>lllS&#39;f.</strong></span> <span class='ocrx_word' id='word_1_4' title='bbox 878 313 1087 377; x_wconf 78' lang='lat' dir='ltr'><strong>HldROSOL.</strong></span> <span class='ocrx_word' id='word_1_5' title='bbox 1103 312 1231 376; x_wconf 89' lang='lat' dir='ltr'><strong>—LlB.</strong></span> <span class='ocrx_word' id='word_1_6' title='bbox 1253 312 1319 375; x_wconf 89' lang='lat' dir='ltr'><strong>Vll.</strong></span> 
     </span>
    </p>
   </div>
   <div class='ocr_carea' id='block_1_2' title="bbox 1630 309 1722 391">
    <p class='ocr_par' dir='ltr' id='par_1_2' title="bbox 1630 309 1722 391">
     <span class='ocr_line' id='line_1_2' title="bbox 1630 309 1722 391; baseline 0 -16"><span class='ocrx_word' id='word_1_7' title='bbox 1630 309 1689 376; x_wconf 85' lang='lat' dir='ltr'><strong>ne</strong></span> <span class='ocrx_word' id='word_1_8' title='bbox 1715 382 1722 391; x_wconf 64' lang='grc'><strong>,</strong></span> 
     </span>
    </p>
   </div>
   <div class='ocr_carea' id='block_1_3' title="bbox 77 443 1690 522">
    <p class='ocr_par' dir='ltr' id='par_1_3' title="bbox 77 443 1690 522">
     <span class='ocr_line' id='line_1_3' title="bbox 77 443 1690 522; baseline -0.001 -16"><span class='ocrx_word' id='word_1_9' title='bbox 77 464 103 518; x_wconf 91' lang='lat' dir='ltr'><strong>o,</strong></span> <span class='ocrx_word' id='word_1_10' title='bbox 119 446 293 522; x_wconf 76' lang='lat' dir='ltr'>magnisque</span> <span class='ocrx_word' id='word_1_11' title='bbox 307 447 428 504; x_wconf 87' lang='lat' dir='ltr'><strong>vocibus</strong></span> <span class='ocrx_word' id='word_1_12' title='bbox 443 445 652 520; x_wconf 88' lang='lat' dir='ltr'><strong>personabunt:</strong></span> <span class='ocrx_word' id='word_1_13' title='bbox 673 447 810 504; x_wconf 79' lang='lat' dir='ltr'><strong>felleum</strong></span> <span class='ocrx_word' id='word_1_14' title='bbox 825 447 852 514; x_wconf 81' lang='grc' dir='ltr'><strong>Α</strong></span> <span class='ocrx_word' id='word_1_15' title='bbox 867 450 982 501; x_wconf 90' lang='lat' dir='ltr'><strong>nerunt.</strong></span> <span class='ocrx_word' id='word_1_16' title='bbox 1008 444 1211 501; x_wconf 75' lang='lat' dir='ltr'><strong>Convenerunt</strong></span> <span class='ocrx_word' id='word_1_17' title='bbox 1233 444 1364 518; x_wconf 89' lang='lat' dir='ltr'><strong>undique</strong></span> <span class='ocrx_word' id='word_1_18' title='bbox 1388 443 1485 515; x_wconf 83' lang='lat' dir='ltr'><strong>Turei,</strong></span> <span class='ocrx_word' id='word_1_19' title='bbox 1511 445 1612 503; x_wconf 88' lang='lat' dir='ltr'><strong>audire</strong></span> <span class='ocrx_word' id='word_1_20' title='bbox 1627 462 1690 521; x_wconf 85' lang='lat' dir='ltr'><strong>ges·</strong></span> 
     </span>
    </p>
   </div>
   <div class='ocr_carea' id='block_1_4' title="bbox 77 534 812 1771">
    <p class='ocr_par' dir='ltr' id='par_1_4' title="bbox 77 534 812 1771">
     <span class='ocr_line' id='line_1_4' title="bbox 77 534 809 595; baseline -0.005 -1"><span class='ocrx_word' id='word_1_21' title='bbox 77 554 141 595; x_wconf 76' lang='lat' dir='ltr'><strong>nau.</strong></span> <span class='ocrx_word' id='word_1_22' title='bbox 167 537 257 594; x_wconf 81' lang='lat' dir='ltr'><strong><em>Gloria</em></strong></span> <span class='ocrx_word' id='word_1_23' title='bbox 281 539 311 594; x_wconf 85' lang='lat' dir='ltr'><strong>io</strong></span> <span class='ocrx_word' id='word_1_24' title='bbox 334 538 446 593; x_wconf 76' lang='lat' dir='ltr'><strong>excelsis</strong></span> <span class='ocrx_word' id='word_1_25' title='bbox 467 537 535 592; x_wconf 89' lang='lat' dir='ltr'><strong>Dee.</strong></span> <span class='ocrx_word' id='word_1_26' title='bbox 553 538 635 592; x_wconf 88' lang='lat' dir='ltr'><strong>Tune</strong></span> <span class='ocrx_word' id='word_1_27' title='bbox 659 552 760 591; x_wconf 90' lang='lat' dir='ltr'><strong>omnes</strong></span> <span class='ocrx_word' id='word_1_28' title='bbox 779 534 809 589; x_wconf 92' lang='lat' dir='ltr'><strong>in</strong></span> 
     </span>
     <span class='ocr_line' id='line_1_5' title="bbox 85 624 810 698; baseline -0.004 -15"><span class='ocrx_word' id='word_1_29' title='bbox 85 627 268 698; x_wconf 89' lang='lat' dir='ltr'><strong>juraverunt,</strong></span> <span class='ocrx_word' id='word_1_30' title='bbox 293 631 326 682; x_wconf 92' lang='lat' dir='ltr'><strong>ut</strong></span> <span class='ocrx_word' id='word_1_31' title='bbox 340 626 438 682; x_wconf 92' lang='lat' dir='ltr'><strong>nultus</strong></span> <span class='ocrx_word' id='word_1_32' title='bbox 461 643 560 682; x_wconf 90' lang='lat' dir='ltr'><strong>eorum</strong></span> <span class='ocrx_word' id='word_1_33' title='bbox 586 631 703 698; x_wconf 90' lang='lat' dir='ltr'><strong>propter</strong></span> <span class='ocrx_word' id='word_1_34' title='bbox 718 624 810 681; x_wconf 90' lang='lat' dir='ltr'><strong>ullam</strong></span> 
     </span>
     <span class='ocr_line' id='line_1_6' title="bbox 77 714 810 787; baseline -0.007 -15"><span class='ocrx_word' id='word_1_35' title='bbox 77 715 205 772; x_wconf 84' lang='lat' dir='ltr'><strong>ationem</strong></span> <span class='ocrx_word' id='word_1_36' title='bbox 221 732 272 770; x_wconf 93' lang='lat' dir='ltr'><strong>seu</strong></span> <span class='ocrx_word' id='word_1_37' title='bbox 288 721 412 771; x_wconf 90' lang='lat' dir='ltr'><strong>mortem</strong></span> <span class='ocrx_word' id='word_1_38' title='bbox 432 715 553 787; x_wconf 84' lang='lat' dir='ltr'><strong>fugeret,</strong></span> <span class='ocrx_word' id='word_1_39' title='bbox 578 731 630 769; x_wconf 90' lang='lat' dir='ltr'><strong>nec</strong></span> <span class='ocrx_word' id='word_1_40' title='bbox 646 715 681 769; x_wconf 89' lang='lat' dir='ltr'><strong>ab</strong></span> <span class='ocrx_word' id='word_1_41' title='bbox 696 714 810 786; x_wconf 85' lang='lat' dir='ltr'><strong>incepto</strong></span> 
     </span>
     <span class='ocr_line' id='line_1_7' title="bbox 77 801 811 877; baseline -0.005 -16"><span class='ocrx_word' id='word_1_42' title='bbox 77 820 87 861; x_wconf 80' lang='lat' dir='ltr'><strong>s</strong></span> <span class='ocrx_word' id='word_1_43' title='bbox 102 803 196 861; x_wconf 88' lang='lat' dir='ltr'><strong>saneti</strong></span> <span class='ocrx_word' id='word_1_44' title='bbox 211 802 336 877; x_wconf 87' lang='lat' dir='ltr'><strong>sepulcri</strong></span> <span class='ocrx_word' id='word_1_45' title='bbox 343 802 514 859; x_wconf 87' lang='lat' dir='ltr'><strong>discederet.</strong></span> <span class='ocrx_word' id='word_1_46' title='bbox 527 803 629 859; x_wconf 90' lang='lat' dir='ltr'><strong>Omnis</strong></span> <span class='ocrx_word' id='word_1_47' title='bbox 640 803 738 874; x_wconf 87' lang='lat' dir='ltr'><strong>itaque</strong></span> <span class='ocrx_word' id='word_1_48' title='bbox 753 801 811 874; x_wconf 89' lang='lat' dir='ltr'><strong>plo-</strong></span> 
     </span>
     <span class='ocr_line' id='line_1_8' title="bbox 77 890 811 966; baseline -0.003 -18"><span class='ocrx_word' id='word_1_49' title='bbox 77 892 222 948; x_wconf 86' lang='lat' dir='ltr'><strong>uultitudo</strong></span> <span class='ocrx_word' id='word_1_50' title='bbox 247 892 347 966; x_wconf 81' lang='lat' dir='ltr'><strong>gavisa</strong></span> <span class='ocrx_word' id='word_1_51' title='bbox 361 898 415 963; x_wconf 90' lang='lat' dir='ltr'><strong>est,</strong></span> <span class='ocrx_word' id='word_1_52' title='bbox 431 910 499 949; x_wconf 91' lang='lat' dir='ltr'><strong>eum</strong></span> <span class='ocrx_word' id='word_1_53' title='bbox 523 898 740 948; x_wconf 88' lang='lat' dir='ltr'><strong>sacramentum</strong></span> <span class='ocrx_word' id='word_1_54' title='bbox 756 890 811 947; x_wconf 92' lang='lat' dir='ltr'><strong>hoc</strong></span> 
     </span>
     <span class='ocr_line' id='line_1_9' title="bbox 77 981 811 1051; baseline 0 -15"><span class='ocrx_word' id='word_1_55' title='bbox 77 985 117 1037; x_wconf 67' lang='lat' dir='ltr'><strong>ent</strong></span> <span class='ocrx_word' id='word_1_56' title='bbox 131 982 275 1051; x_wconf 74' lang='lat' dir='ltr'><strong>majores,</strong></span> <span class='ocrx_word' id='word_1_57' title='bbox 292 986 321 1037; x_wconf 89' lang='lat' dir='ltr'><strong>et</strong></span> <span class='ocrx_word' id='word_1_58' title='bbox 336 981 409 1037; x_wconf 87' lang='lat' dir='ltr'><strong>alter</strong></span> <span class='ocrx_word' id='word_1_59' title='bbox 423 982 548 1038; x_wconf 85' lang='lat' dir='ltr'><strong>alterurn</strong></span> <span class='ocrx_word' id='word_1_60' title='bbox 564 982 600 1037; x_wconf 90' lang='lat' dir='ltr'><strong>ad</strong></span> <span class='ocrx_word' id='word_1_61' title='bbox 616 981 698 1037; x_wconf 87' lang='lat' dir='ltr'><strong>virile</strong></span> <span class='ocrx_word' id='word_1_62' title='bbox 723 981 811 1036; x_wconf 94' lang='lat' dir='ltr'><strong>robur</strong></span> 
     </span>
     <span class='ocr_line' id='line_1_10' title="bbox 77 1069 812 1143; baseline -0.003 -17"><span class='ocrx_word' id='word_1_63' title='bbox 77 1074 166 1137; x_wconf 79' lang='lat' dir='ltr'><strong>ratur,</strong></span> <span class='ocrx_word' id='word_1_64' title='bbox 183 1074 212 1125; x_wconf 91' lang='lat' dir='ltr'><strong>et</strong></span> <span class='ocrx_word' id='word_1_65' title='bbox 227 1071 261 1126; x_wconf 93' lang='lat' dir='ltr'><strong>de</strong></span> <span class='ocrx_word' id='word_1_66' title='bbox 272 1070 369 1126; x_wconf 89' lang='lat' dir='ltr'><strong>divino</strong></span> <span class='ocrx_word' id='word_1_67' title='bbox 381 1071 535 1143; x_wconf 88' lang='lat' dir='ltr'><strong>adjutorio,</strong></span> <span class='ocrx_word' id='word_1_68' title='bbox 548 1072 624 1143; x_wconf 93' lang='lat' dir='ltr'><strong>quod</strong></span> <span class='ocrx_word' id='word_1_69' title='bbox 638 1069 812 1126; x_wconf 80' lang='lat' dir='ltr'><strong>fiducialiter</strong></span> 
     </span>
     <span class='ocr_line' id='line_1_11' title="bbox 77 1158 811 1235; baseline -0.003 -21"><span class='ocrx_word' id='word_1_70' title='bbox 77 1159 191 1232; x_wconf 88' lang='lat' dir='ltr'><strong>[uisque</strong></span> <span class='ocrx_word' id='word_1_71' title='bbox 200 1160 431 1231; x_wconf 76' lang='lat' dir='ltr'><strong>praestolabatur,</strong></span> <span class='ocrx_word' id='word_1_72' title='bbox 441 1160 647 1235; x_wconf 87' lang='lat' dir='ltr'><strong>applaudebat.</strong></span> <span class='ocrx_word' id='word_1_73' title='bbox 659 1161 748 1215; x_wconf 87' lang='lat' dir='ltr'><strong>Nocte</strong></span> <span class='ocrx_word' id='word_1_74' title='bbox 760 1158 811 1231; x_wconf 87' lang='lat' dir='ltr'><strong>igi-</strong></span> 
     </span>
     <span class='ocr_line' id='line_1_12' title="bbox 79 1249 811 1323; baseline -0.005 -16"><span class='ocrx_word' id='word_1_75' title='bbox 79 1255 180 1307; x_wconf 84' lang='lat' dir='ltr'><strong>secuta</strong></span> <span class='ocrx_word' id='word_1_76' title='bbox 195 1249 272 1323; x_wconf 87' lang='lat' dir='ltr'><strong>ignis</strong></span> <span class='ocrx_word' id='word_1_77' title='bbox 287 1250 321 1306; x_wconf 92' lang='lat' dir='ltr'><strong>de</strong></span> <span class='ocrx_word' id='word_1_78' title='bbox 337 1250 408 1306; x_wconf 83' lang='lat' dir='ltr'><strong>eoelo</strong></span> <span class='ocrx_word' id='word_1_79' title='bbox 424 1250 542 1305; x_wconf 89' lang='lat' dir='ltr'><strong>veniens</strong></span> <span class='ocrx_word' id='word_1_80' title='bbox 553 1251 589 1305; x_wconf 90' lang='lat' dir='ltr'><strong>ab</strong></span> <span class='ocrx_word' id='word_1_81' title='bbox 603 1250 750 1305; x_wconf 89' lang='lat' dir='ltr'><strong>occidente</strong></span> <span class='ocrx_word' id='word_1_82' title='bbox 762 1266 811 1320; x_wconf 87' lang='lat' dir='ltr'><strong>ap·</strong></span> 
     </span>
     <span class='ocr_line' id='line_1_13' title="bbox 77 1338 809 1410; baseline 0 -16"><span class='ocrx_word' id='word_1_83' title='bbox 77 1346 93 1407; x_wconf 73' lang='lat' dir='ltr'><strong>t,</strong></span> <span class='ocrx_word' id='word_1_84' title='bbox 108 1344 137 1395; x_wconf 85' lang='lat' dir='ltr'><strong>et</strong></span> <span class='ocrx_word' id='word_1_85' title='bbox 152 1339 227 1394; x_wconf 88' lang='lat' dir='ltr'><strong>iuter</strong></span> <span class='ocrx_word' id='word_1_86' title='bbox 240 1339 402 1394; x_wconf 74' lang='lat' dir='ltr'><strong>‘lurcorum</strong></span> <span class='ocrx_word' id='word_1_87' title='bbox 415 1339 573 1394; x_wconf 80' lang='lat' dir='ltr'><strong>exercitum</strong></span> <span class='ocrx_word' id='word_1_88' title='bbox 596 1338 715 1406; x_wconf 90' lang='lat' dir='ltr'><strong>corruit,</strong></span> <span class='ocrx_word' id='word_1_89' title='bbox 732 1339 809 1410; x_wconf 93' lang='lat' dir='ltr'><strong>quod</strong></span> 
     </span>
     <span class='ocr_line' id='line_1_14' title="bbox 77 1427 811 1498; baseline -0.004 -13"><span class='ocrx_word' id='word_1_90' title='bbox 77 1443 105 1485; x_wconf 86' lang='lat' dir='ltr'><strong>m</strong></span> <span class='ocrx_word' id='word_1_91' title='bbox 121 1428 208 1483; x_wconf 87' lang='lat' dir='ltr'><strong>eorda</strong></span> <span class='ocrx_word' id='word_1_92' title='bbox 223 1427 357 1483; x_wconf 88' lang='lat' dir='ltr'><strong>omniurn</strong></span> <span class='ocrx_word' id='word_1_93' title='bbox 373 1427 558 1484; x_wconf 89' lang='lat' dir='ltr'><strong>vehementer</strong></span> <span class='ocrx_word' id='word_1_94' title='bbox 569 1428 770 1498; x_wconf 76' lang='lat' dir='ltr'>obstupefecit,</span> <span class='ocrx_word' id='word_1_95' title='bbox 783 1429 811 1482; x_wconf 90' lang='lat' dir='ltr'><strong>et</strong></span> 
     </span>
     <span class='ocr_line' id='line_1_15' title="bbox 77 1517 812 1588; baseline -0.001 -16"><span class='ocrx_word' id='word_1_96' title='bbox 77 1533 113 1573; x_wconf 89' lang='lat' dir='ltr'><strong>ne</strong></span> <span class='ocrx_word' id='word_1_97' title='bbox 120 1517 281 1574; x_wconf 71' lang='lat' dir='ltr'><strong>Tuscorum</strong></span> <span class='ocrx_word' id='word_1_98' title='bbox 291 1517 319 1572; x_wconf 91' lang='lat' dir='ltr'><strong>in</strong></span> <span class='ocrx_word' id='word_1_99' title='bbox 334 1534 459 1588; x_wconf 91' lang='lat' dir='ltr'><strong>quorum</strong></span> <span class='ocrx_word' id='word_1_100' title='bbox 470 1517 595 1573; x_wconf 89' lang='lat' dir='ltr'><strong>tentoria</strong></span> <span class='ocrx_word' id='word_1_101' title='bbox 604 1517 720 1572; x_wconf 88' lang='lat' dir='ltr'><strong>cecidit.</strong></span> <span class='ocrx_word' id='word_1_102' title='bbox 733 1518 812 1571; x_wconf 90' lang='lat' dir='ltr'><strong>lntor</strong></span> 
     </span>
     <span class='ocr_line' id='line_1_16' title="bbox 77 1605 810 1679; baseline -0.003 -17"><span class='ocrx_word' id='word_1_103' title='bbox 77 1622 112 1662; x_wconf 82' lang='lat' dir='ltr'><strong>‚m</strong></span> <span class='ocrx_word' id='word_1_104' title='bbox 126 1605 276 1662; x_wconf 83' lang='lat' dir='ltr'><strong>vaticinari</strong></span> <span class='ocrx_word' id='word_1_105' title='bbox 292 1610 451 1678; x_wconf 64' lang='lat' dir='ltr'><strong>coeperunt,</strong></span> <span class='ocrx_word' id='word_1_106' title='bbox 469 1606 545 1678; x_wconf 92' lang='lat' dir='ltr'><strong>quod</strong></span> <span class='ocrx_word' id='word_1_107' title='bbox 562 1611 662 1677; x_wconf 88' lang='lat' dir='ltr'><strong>posteo</strong></span> <span class='ocrx_word' id='word_1_108' title='bbox 677 1606 810 1679; x_wconf 85' lang='lat' dir='ltr'><strong>contigit,</strong></span> 
     </span>
     <span class='ocr_line' id='line_1_17' title="bbox 77 1694 812 1771; baseline 0.001 -21"><span class='ocrx_word' id='word_1_109' title='bbox 77 1694 146 1771; x_wconf 69' lang='lat' dir='ltr'><strong>‚gnis</strong></span> <span class='ocrx_word' id='word_1_110' title='bbox 170 1696 206 1751; x_wconf 89' lang='lat' dir='ltr'><strong>de</strong></span> <span class='ocrx_word' id='word_1_111' title='bbox 230 1695 301 1751; x_wconf 79' lang='lat' dir='ltr'><strong>celo</strong></span> <span class='ocrx_word' id='word_1_112' title='bbox 310 1696 499 1763; x_wconf 89' lang='lat' dir='ltr'><strong>descendens,</strong></span> <span class='ocrx_word' id='word_1_113' title='bbox 517 1695 560 1750; x_wconf 91' lang='lat' dir='ltr'><strong>ira</strong></span> <span class='ocrx_word' id='word_1_114' title='bbox 570 1695 620 1751; x_wconf 91' lang='lat' dir='ltr'><strong>Dei</strong></span> <span class='ocrx_word' id='word_1_115' title='bbox 631 1699 703 1763; x_wconf 89' lang='lat' dir='ltr'><strong>erat,</strong></span> <span class='ocrx_word' id='word_1_116' title='bbox 717 1717 731 1744; x_wconf 80' lang='lat' dir='ltr'><strong>n</strong></span> <span class='ocrx_word' id='word_1_117' title='bbox 742 1695 812 1767; x_wconf 91' lang='lat' dir='ltr'><strong>quia</strong></span> 
     </span>
    </p>
   </div>
   <div class='ocr_carea' id='block_1_5' title="bbox 863 533 1691 1768">
    <p class='ocr_par' dir='ltr' id='par_1_5' title="bbox 863 533 1691 1768">
     <span class='ocr_line' id='line_1_18' title="bbox 865 533 1691 607; baseline 0.004 -17"><span class='ocrx_word' id='word_1_118' title='bbox 865 535 971 591; x_wconf 88' lang='lat' dir='ltr'><strong>tientes</strong></span> <span class='ocrx_word' id='word_1_119' title='bbox 986 535 1056 607; x_wconf 91' lang='lat' dir='ltr'><strong>quid</strong></span> <span class='ocrx_word' id='word_1_120' title='bbox 1079 533 1208 590; x_wconf 76' lang='lat' dir='ltr'><strong>dicerent</strong></span> <span class='ocrx_word' id='word_1_121' title='bbox 1232 534 1465 591; x_wconf 79' lang='lat' dir='ltr'><strong>Christianorum</strong></span> <span class='ocrx_word' id='word_1_122' title='bbox 1491 535 1596 590; x_wconf 90' lang='lat' dir='ltr'><strong>nuntii.</strong></span> <span class='ocrx_word' id='word_1_123' title='bbox 1622 537 1691 593; x_wconf 80' lang='lat' dir='ltr'><strong>Erat</strong></span> 
     </span>
     <span class='ocr_line' id='line_1_19' title="bbox 865 623 1689 691; baseline 0.002 -12"><span class='ocrx_word' id='word_1_124' title='bbox 865 627 963 679; x_wconf 88' lang='lat' dir='ltr'><strong>autem</strong></span> <span class='ocrx_word' id='word_1_125' title='bbox 978 624 1130 680; x_wconf 86' lang='lat' dir='ltr'><strong>Cerbanan</strong></span> <span class='ocrx_word' id='word_1_126' title='bbox 1147 623 1278 680; x_wconf 82' lang='lat' dir='ltr'><strong>residens</strong></span> <span class='ocrx_word' id='word_1_127' title='bbox 1287 623 1317 679; x_wconf 94' lang='lat' dir='ltr'><strong>in</strong></span> <span class='ocrx_word' id='word_1_128' title='bbox 1329 624 1411 691; x_wconf 88' lang='lat' dir='ltr'><strong>solie,</strong></span> <span class='ocrx_word' id='word_1_129' title='bbox 1422 623 1544 680; x_wconf 90' lang='lat' dir='ltr'><strong>indutus</strong></span> <span class='ocrx_word' id='word_1_130' title='bbox 1559 624 1637 681; x_wconf 90' lang='lat' dir='ltr'><strong>cultu</strong></span> <span class='ocrx_word' id='word_1_131' title='bbox 1648 642 1689 681; x_wconf 91' lang='lat' dir='ltr'><strong>re·</strong></span> 
     </span>
     <span class='ocr_line' id='line_1_20' title="bbox 865 712 1689 786; baseline 0.005 -19"><span class='ocrx_word' id='word_1_132' title='bbox 865 712 1090 786; x_wconf 85' lang='lat' dir='ltr'><strong>gio,babituquc</strong></span> <span class='ocrx_word' id='word_1_133' title='bbox 1100 730 1250 786; x_wconf 87' lang='lat' dir='ltr'><strong>pomposo,</strong></span> <span class='ocrx_word' id='word_1_134' title='bbox 1261 714 1531 786; x_wconf 78' lang='lat' dir='ltr'><strong>unteoujusfaciem</strong></span> <span class='ocrx_word' id='word_1_135' title='bbox 1540 715 1689 771; x_wconf 85' lang='lat' dir='ltr'><strong>venientes</strong></span> 
     </span>
     <span class='ocr_line' id='line_1_21' title="bbox 865 801 1688 869; baseline 0.004 -13"><span class='ocrx_word' id='word_1_136' title='bbox 865 802 987 859; x_wconf 89' lang='lat' dir='ltr'><strong>minime</strong></span> <span class='ocrx_word' id='word_1_137' title='bbox 1002 819 1033 858; x_wconf 89' lang='lat' dir='ltr'><strong>se</strong></span> <span class='ocrx_word' id='word_1_138' title='bbox 1048 801 1273 869; x_wconf 84' lang='lat' dir='ltr'><strong>inclinaverunt,</strong></span> <span class='ocrx_word' id='word_1_139' title='bbox 1292 803 1342 858; x_wconf 88' lang='lat' dir='ltr'><strong>sed</strong></span> <span class='ocrx_word' id='word_1_140' title='bbox 1358 807 1453 859; x_wconf 88' lang='lat' dir='ltr'><strong>erecta</strong></span> <span class='ocrx_word' id='word_1_141' title='bbox 1468 803 1576 859; x_wconf 88' lang='lat' dir='ltr'><strong>cervice</strong></span> <span class='ocrx_word' id='word_1_142' title='bbox 1591 804 1688 860; x_wconf 86' lang='lat' dir='ltr'><strong>astite-</strong></span> 
     </span>
     <span class='ocr_line' id='line_1_22' title="bbox 863 891 1690 966; baseline 0.004 -19"><span class='ocrx_word' id='word_1_143' title='bbox 863 895 943 947; x_wconf 86' lang='lat' dir='ltr'><strong>runt.</strong></span> <span class='ocrx_word' id='word_1_144' title='bbox 960 891 1041 959; x_wconf 86' lang='lat' dir='ltr'><strong>Quod</strong></span> <span class='ocrx_word' id='word_1_145' title='bbox 1052 908 1119 947; x_wconf 90' lang='lat' dir='ltr'><strong>eum</strong></span> <span class='ocrx_word' id='word_1_146' title='bbox 1134 892 1220 947; x_wconf 83' lang='lat' dir='ltr'><strong>&#39;Furci</strong></span> <span class='ocrx_word' id='word_1_147' title='bbox 1242 892 1384 960; x_wconf 91' lang='lat' dir='ltr'><strong>viderent,</strong></span> <span class='ocrx_word' id='word_1_148' title='bbox 1399 909 1474 966; x_wconf 73' lang='lat' dir='ltr'><strong>aegre</strong></span> <span class='ocrx_word' id='word_1_149' title='bbox 1498 891 1643 962; x_wconf 88' lang='lat' dir='ltr'><strong>tulerunt;</strong></span> <span class='ocrx_word' id='word_1_150' title='bbox 1660 895 1690 951; x_wconf 84' lang='lat' dir='ltr'><strong>et</strong></span> 
     </span>
     <span class='ocr_line' id='line_1_23' title="bbox 865 979 1687 1054; baseline 0.005 -21"><span class='ocrx_word' id='word_1_151' title='bbox 865 979 921 1034; x_wconf 91' lang='lat' dir='ltr'><strong>nisi</strong></span> <span class='ocrx_word' id='word_1_152' title='bbox 937 979 1033 1035; x_wconf 90' lang='lat' dir='ltr'><strong>nuntii</strong></span> <span class='ocrx_word' id='word_1_153' title='bbox 1041 984 1149 1049; x_wconf 86' lang='lat' dir='ltr'><strong>essent,</strong></span> <span class='ocrx_word' id='word_1_154' title='bbox 1159 980 1290 1052; x_wconf 76' lang='lat' dir='ltr'><strong>superba</strong></span> <span class='ocrx_word' id='word_1_155' title='bbox 1300 980 1484 1036; x_wconf 77' lang='lat' dir='ltr'><strong>continentia</strong></span> <span class='ocrx_word' id='word_1_156' title='bbox 1495 981 1687 1054; x_wconf 87' lang='lat' dir='ltr'><strong>ignominiam</strong></span> 
     </span>
     <span class='ocr_line' id='line_1_24' title="bbox 864 1068 1688 1139; baseline 0.005 -16"><span class='ocrx_word' id='word_1_157' title='bbox 864 1068 1312 1124; x_wconf 88' lang='lat' dir='ltr'><strong>vindicassent.Tunenuntiinil</strong></span> <span class='ocrx_word' id='word_1_158' title='bbox 1321 1073 1503 1139; x_wconf 84' lang='lat' dir='ltr'><strong>cunctantes,</strong></span> <span class='ocrx_word' id='word_1_159' title='bbox 1514 1069 1688 1128; x_wconf 91' lang='lat' dir='ltr'><strong>liectomnes</strong></span> 
     </span>
     <span class='ocr_line' id='line_1_25' title="bbox 865 1156 1687 1232; baseline 0.004 -20"><span class='ocrx_word' id='word_1_160' title='bbox 865 1156 908 1212; x_wconf 86' lang='lat' dir='ltr'><strong>iro</strong></span> <span class='ocrx_word' id='word_1_161' title='bbox 933 1156 1081 1225; x_wconf 87' lang='lat' dir='ltr'><strong>commoti,</strong></span> <span class='ocrx_word' id='word_1_162' title='bbox 1109 1157 1388 1226; x_wconf 77' lang='lat' dir='ltr'><strong>circumfremerent,</strong></span> <span class='ocrx_word' id='word_1_163' title='bbox 1414 1159 1539 1231; x_wconf 91' lang='lat' dir='ltr'><strong>superbo</strong></span> <span class='ocrx_word' id='word_1_164' title='bbox 1564 1159 1687 1232; x_wconf 86' lang='lat' dir='ltr'><strong>principi</strong></span> 
     </span>
     <span class='ocr_line' id='line_1_26' title="bbox 865 1246 1688 1320; baseline 0.004 -18"><span class='ocrx_word' id='word_1_165' title='bbox 865 1246 1000 1302; x_wconf 87' lang='lat' dir='ltr'><strong>dixerunt</strong></span> <span class='ocrx_word' id='word_1_166' title='bbox 1015 1246 1086 1318; x_wconf 79' lang='lat'>(52):</span> <span class='ocrx_word' id='word_1_167' title='bbox 1103 1270 1117 1293; x_wconf 67' lang='grc' dir='ltr'><strong>ιι</strong></span> <span class='ocrx_word' id='word_1_168' title='bbox 1135 1246 1296 1313; x_wconf 80' lang='lat' dir='ltr'><strong>corbanan,</strong></span> <span class='ocrx_word' id='word_1_169' title='bbox 1307 1248 1483 1303; x_wconf 83' lang='lat' dir='ltr'><strong>Francorum</strong></span> <span class='ocrx_word' id='word_1_170' title='bbox 1493 1265 1626 1320; x_wconf 88' lang='lat' dir='ltr'><strong>proceres</strong></span> <span class='ocrx_word' id='word_1_171' title='bbox 1634 1249 1688 1305; x_wconf 89' lang='lat' dir='ltr'><strong>tibi</strong></span> 
     </span>
     <span class='ocr_line' id='line_1_27' title="bbox 865 1335 1689 1409; baseline 0.005 -19"><span class='ocrx_word' id='word_1_172' title='bbox 865 1335 1021 1391; x_wconf 90' lang='lat' dir='ltr'><strong>mandant:</strong></span> <span class='ocrx_word' id='word_1_173' title='bbox 1039 1335 1120 1391; x_wconf 88' lang='lat' dir='ltr'><strong>Unde</strong></span> <span class='ocrx_word' id='word_1_174' title='bbox 1136 1335 1188 1391; x_wconf 86' lang='lat' dir='ltr'><strong>tibi</strong></span> <span class='ocrx_word' id='word_1_175' title='bbox 1205 1336 1328 1409; x_wconf 78' lang='lat' dir='ltr'><strong>contigit</strong></span> <span class='ocrx_word' id='word_1_176' title='bbox 1341 1341 1402 1392; x_wconf 90' lang='lat' dir='ltr'><strong>tam</strong></span> <span class='ocrx_word' id='word_1_177' title='bbox 1414 1336 1575 1393; x_wconf 89' lang='lat' dir='ltr'><strong>temulento</strong></span> <span class='ocrx_word' id='word_1_178' title='bbox 1598 1339 1689 1394; x_wconf 89' lang='lat' dir='ltr'><strong>auda-</strong></span> 
     </span>
     <span class='ocr_line' id='line_1_28' title="bbox 865 1425 1688 1497; baseline 0.005 -18"><span class='ocrx_word' id='word_1_179' title='bbox 865 1425 919 1491; x_wconf 86' lang='lat' dir='ltr'><strong>cio,</strong></span> <span class='ocrx_word' id='word_1_180' title='bbox 937 1425 1013 1497; x_wconf 92' lang='lat' dir='ltr'><strong>quod</strong></span> <span class='ocrx_word' id='word_1_181' title='bbox 1029 1429 1142 1480; x_wconf 87' lang='lat' dir='ltr'><strong>armato</strong></span> <span class='ocrx_word' id='word_1_182' title='bbox 1158 1441 1246 1481; x_wconf 90' lang='lat' dir='ltr'><strong>manu</strong></span> <span class='ocrx_word' id='word_1_183' title='bbox 1262 1429 1364 1481; x_wconf 87' lang='lat' dir='ltr'><strong>contra</strong></span> <span class='ocrx_word' id='word_1_184' title='bbox 1379 1442 1428 1482; x_wconf 93' lang='lat' dir='ltr'><strong>eos</strong></span> <span class='ocrx_word' id='word_1_185' title='bbox 1443 1425 1558 1495; x_wconf 90' lang='lat' dir='ltr'><strong>venisti,</strong></span> <span class='ocrx_word' id='word_1_186' title='bbox 1573 1444 1640 1483; x_wconf 90' lang='lat' dir='ltr'><strong>cum</strong></span> <span class='ocrx_word' id='word_1_187' title='bbox 1656 1432 1688 1483; x_wconf 90' lang='lat' dir='ltr'><strong>tu</strong></span> 
     </span>
     <span class='ocr_line' id='line_1_29' title="bbox 865 1515 1691 1590; baseline 0.004 -21"><span class='ocrx_word' id='word_1_188' title='bbox 865 1518 893 1569; x_wconf 89' lang='lat' dir='ltr'><strong>et</strong></span> <span class='ocrx_word' id='word_1_189' title='bbox 908 1530 957 1569; x_wconf 84' lang='lat' dir='ltr'><strong>rex</strong></span> <span class='ocrx_word' id='word_1_190' title='bbox 971 1517 1040 1570; x_wconf 88' lang='lat' dir='ltr'><strong>tuus</strong></span> <span class='ocrx_word' id='word_1_191' title='bbox 1054 1530 1185 1587; x_wconf 82' lang='lat' dir='ltr'><strong>gensque</strong></span> <span class='ocrx_word' id='word_1_192' title='bbox 1200 1520 1251 1569; x_wconf 87' lang='lat' dir='ltr'><strong>tua</strong></span> <span class='ocrx_word' id='word_1_193' title='bbox 1265 1515 1408 1570; x_wconf 87' lang='lat' dir='ltr'><strong>incorum</strong></span> <span class='ocrx_word' id='word_1_194' title='bbox 1422 1519 1578 1589; x_wconf 91' lang='lat' dir='ltr'><strong>conspectu</strong></span> <span class='ocrx_word' id='word_1_195' title='bbox 1594 1516 1691 1590; x_wconf 87' lang='lat' dir='ltr'><strong>eulpa·</strong></span> 
     </span>
     <span class='ocr_line' id='line_1_30' title="bbox 865 1601 1691 1675; baseline 0.007 -18"><span class='ocrx_word' id='word_1_196' title='bbox 865 1601 938 1658; x_wconf 89' lang='lat' dir='ltr'><strong>biles</strong></span> <span class='ocrx_word' id='word_1_197' title='bbox 956 1601 1030 1672; x_wconf 84' lang='lat' dir='ltr'><strong>sitis,</strong></span> <span class='ocrx_word' id='word_1_198' title='bbox 1058 1603 1108 1675; x_wconf 88' lang='lat' dir='ltr'><strong>qui</strong></span> <span class='ocrx_word' id='word_1_199' title='bbox 1124 1608 1216 1659; x_wconf 89' lang='lat' dir='ltr'><strong>terras</strong></span> <span class='ocrx_word' id='word_1_200' title='bbox 1241 1603 1473 1659; x_wconf 83' lang='lat' dir='ltr'><strong>Christianorum</strong></span> <span class='ocrx_word' id='word_1_201' title='bbox 1497 1605 1691 1663; x_wconf 87' lang='lat' dir='ltr'><strong>immoderata</strong></span> 
     </span>
     <span class='ocr_line' id='line_1_31' title="bbox 865 1691 1690 1768; baseline 0.007 -22"><span class='ocrx_word' id='word_1_202' title='bbox 865 1691 1025 1763; x_wconf 88' lang='lat' dir='ltr'><strong>cupiditate</strong></span> <span class='ocrx_word' id='word_1_203' title='bbox 1040 1692 1199 1759; x_wconf 80' lang='lat' dir='ltr'><strong>invasistis,</strong></span> <span class='ocrx_word' id='word_1_204' title='bbox 1216 1709 1322 1765; x_wconf 91' lang='lat' dir='ltr'><strong>eosque</strong></span> <span class='ocrx_word' id='word_1_205' title='bbox 1338 1710 1439 1750; x_wconf 89' lang='lat' dir='ltr'><strong>omnes</strong></span> <span class='ocrx_word' id='word_1_206' title='bbox 1450 1695 1558 1768; x_wconf 86' lang='lat' dir='ltr'><strong>injuria</strong></span> <span class='ocrx_word' id='word_1_207' title='bbox 1572 1696 1690 1753; x_wconf 81' lang='lat' dir='ltr'><strong>allectos</strong></span> 
     </span>
    </p>
   </div>
   <div class='ocr_carea' id='block_1_6' title="bbox 77 1779 1693 2296">
    <p class='ocr_par' dir='ltr' id='par_1_6' title="bbox 77 1779 1693 2296">
     <span class='ocr_line' id='line_1_32' title="bbox 77 1779 1690 1859; baseline 0.001 -19"><span class='ocrx_word' id='word_1_208' title='bbox 77 1783 103 1842; x_wconf 75' lang='lat' dir='ltr'><strong>rb</strong></span> <span class='ocrx_word' id='word_1_209' title='bbox 118 1785 267 1840; x_wconf 90' lang='lat' dir='ltr'><strong>occidente</strong></span> <span class='ocrx_word' id='word_1_210' title='bbox 279 1788 407 1852; x_wconf 82' lang='lat' dir='ltr'><strong>venerat,</strong></span> <span class='ocrx_word' id='word_1_211' title='bbox 429 1785 606 1840; x_wconf 83' lang='lat' dir='ltr'><strong>Francorum</strong></span> <span class='ocrx_word' id='word_1_212' title='bbox 631 1784 750 1857; x_wconf 80' lang='lat' dir='ltr'><strong>agmina</strong></span> <span class='ocrx_word' id='word_1_213' title='bbox 764 1785 811 1839; x_wconf 91' lang='lat' dir='ltr'><strong>dc·</strong></span> <span class='ocrx_word' id='word_1_214' title='bbox 865 1779 1024 1836; x_wconf 89' lang='lat' dir='ltr'><strong>occidistis.</strong></span> <span class='ocrx_word' id='word_1_215' title='bbox 1041 1780 1199 1837; x_wconf 87' lang='lat' dir='ltr'><strong>Infernates</strong></span> <span class='ocrx_word' id='word_1_216' title='bbox 1214 1781 1253 1837; x_wconf 94' lang='lat' dir='ltr'><strong>dii</strong></span> <span class='ocrx_word' id='word_1_217' title='bbox 1268 1782 1311 1838; x_wconf 91' lang='lat' dir='ltr'><strong>tui</strong></span> <span class='ocrx_word' id='word_1_218' title='bbox 1327 1788 1354 1840; x_wconf 89' lang='lat' dir='ltr'><strong>te</strong></span> <span class='ocrx_word' id='word_1_219' title='bbox 1369 1784 1485 1856; x_wconf 86' lang='lat' dir='ltr'><strong>turpius</strong></span> <span class='ocrx_word' id='word_1_220' title='bbox 1506 1802 1564 1841; x_wconf 90' lang='lat' dir='ltr'><strong>non</strong></span> <span class='ocrx_word' id='word_1_221' title='bbox 1586 1790 1690 1859; x_wconf 91' lang='lat' dir='ltr'><strong>potue·</strong></span> 
     </span>
     <span class='ocr_line' id='line_1_33' title="bbox 77 1867 1691 1946; baseline 0.001 -17"><span class='ocrx_word' id='word_1_222' title='bbox 77 1874 131 1941; x_wconf 83' lang='lat' dir='ltr'><strong>bat,</strong></span> <span class='ocrx_word' id='word_1_223' title='bbox 148 1890 199 1946; x_wconf 90' lang='lat' dir='ltr'><strong>per</strong></span> <span class='ocrx_word' id='word_1_224' title='bbox 214 1890 287 1946; x_wconf 91' lang='lat' dir='ltr'><strong>quos</strong></span> <span class='ocrx_word' id='word_1_225' title='bbox 304 1873 352 1928; x_wconf 81' lang='lat' dir='ltr'><strong>irco</strong></span> <span class='ocrx_word' id='word_1_226' title='bbox 368 1873 719 1928; x_wconf 79' lang='lat' dir='ltr'><strong>suoeanimadversionem</strong></span> <span class='ocrx_word' id='word_1_227' title='bbox 731 1888 812 1928; x_wconf 85' lang='lat' dir='ltr'><strong>exer·</strong></span> <span class='ocrx_word' id='word_1_228' title='bbox 867 1871 936 1924; x_wconf 88' lang='lat' dir='ltr'><strong>runt</strong></span> <span class='ocrx_word' id='word_1_229' title='bbox 950 1867 1152 1937; x_wconf 86' lang='lat' dir='ltr'><strong>dehonestare,</strong></span> <span class='ocrx_word' id='word_1_230' title='bbox 1177 1887 1265 1942; x_wconf 90' lang='lat' dir='ltr'><strong>quam</strong></span> <span class='ocrx_word' id='word_1_231' title='bbox 1288 1873 1366 1944; x_wconf 92' lang='lat' dir='ltr'><strong>quod</strong></span> <span class='ocrx_word' id='word_1_232' title='bbox 1381 1875 1408 1928; x_wconf 84' lang='lat' dir='ltr'><strong>te</strong></span> <span class='ocrx_word' id='word_1_233' title='bbox 1425 1873 1568 1931; x_wconf 89' lang='lat' dir='ltr'><strong>miserunt</strong></span> <span class='ocrx_word' id='word_1_234' title='bbox 1590 1879 1691 1931; x_wconf 88' lang='lat' dir='ltr'><strong>contra</strong></span> 
     </span>
     <span class='ocr_line' id='line_1_34' title="bbox 89 1959 1691 2034; baseline 0.001 -16"><span class='ocrx_word' id='word_1_235' title='bbox 89 1961 156 2018; x_wconf 86' lang='lat' dir='ltr'><strong>Jam</strong></span> <span class='ocrx_word' id='word_1_236' title='bbox 172 1978 238 2018; x_wconf 91' lang='lat' dir='ltr'><strong>vero</strong></span> <span class='ocrx_word' id='word_1_237' title='bbox 255 1961 305 2034; x_wconf 91' lang='lat' dir='ltr'><strong>qui</strong></span> <span class='ocrx_word' id='word_1_238' title='bbox 321 1961 451 2017; x_wconf 86' lang='lat' dir='ltr'><strong>seniores</strong></span> <span class='ocrx_word' id='word_1_239' title='bbox 466 1966 559 2029; x_wconf 88' lang='lat' dir='ltr'><strong>crant,</strong></span> <span class='ocrx_word' id='word_1_240' title='bbox 577 1966 727 2032; x_wconf 76' lang='lat' dir='ltr'><strong>eruperunt</strong></span> <span class='ocrx_word' id='word_1_241' title='bbox 743 1961 811 2016; x_wconf 88' lang='lat' dir='ltr'><strong>afe-</strong></span> <span class='ocrx_word' id='word_1_242' title='bbox 866 1974 915 2014; x_wconf 88' lang='lat' dir='ltr'><strong>eos</strong></span> <span class='ocrx_word' id='word_1_243' title='bbox 929 1974 1070 2032; x_wconf 86' lang='lat' dir='ltr'><strong>pugnare.</strong></span> <span class='ocrx_word' id='word_1_244' title='bbox 1087 1959 1116 2016; x_wconf 89' lang='lat' dir='ltr'><strong>Si</strong></span> <span class='ocrx_word' id='word_1_245' title='bbox 1133 1959 1205 2015; x_wconf 88' lang='lat' dir='ltr'><strong>ratio</strong></span> <span class='ocrx_word' id='word_1_246' title='bbox 1216 1961 1294 2032; x_wconf 89' lang='lat' dir='ltr'><strong>juris</strong></span> <span class='ocrx_word' id='word_1_247' title='bbox 1310 1966 1406 2017; x_wconf 89' lang='lat' dir='ltr'><strong>tecum</strong></span> <span class='ocrx_word' id='word_1_248' title='bbox 1422 1967 1509 2031; x_wconf 90' lang='lat' dir='ltr'><strong>essct,</strong></span> <span class='ocrx_word' id='word_1_249' title='bbox 1526 1968 1554 2019; x_wconf 90' lang='lat' dir='ltr'><strong>et</strong></span> <span class='ocrx_word' id='word_1_250' title='bbox 1566 1980 1691 2020; x_wconf 88' lang='lat' dir='ltr'><strong>censura</strong></span> 
     </span>
     <span class='ocr_line' id='line_1_35' title="bbox 77 2047 1692 2126; baseline 0.002 -19"><span class='ocrx_word' id='word_1_251' title='bbox 77 2054 172 2107; x_wconf 86' lang='lat' dir='ltr'><strong>tesua</strong></span> <span class='ocrx_word' id='word_1_252' title='bbox 186 2050 482 2123; x_wconf 87' lang='lat' dir='ltr'><strong>quantulumeunque</strong></span> <span class='ocrx_word' id='word_1_253' title='bbox 498 2067 712 2117; x_wconf 82' lang='lat' dir='ltr'><strong>nransucseere,</strong></span> <span class='ocrx_word' id='word_1_254' title='bbox 729 2055 756 2106; x_wconf 92' lang='lat' dir='ltr'><strong>et</strong></span> <span class='ocrx_word' id='word_1_255' title='bbox 774 2050 810 2105; x_wconf 93' lang='lat' dir='ltr'><strong>ab</strong></span> <span class='ocrx_word' id='word_1_256' title='bbox 866 2047 1011 2119; x_wconf 73' lang='lat' dir='ltr'><strong>aequitatis</strong></span> <span class='ocrx_word' id='word_1_257' title='bbox 1026 2048 1179 2104; x_wconf 90' lang='lat' dir='ltr'><strong>nobiscum</strong></span> <span class='ocrx_word' id='word_1_258' title='bbox 1203 2066 1287 2122; x_wconf 88' lang='lat' dir='ltr'><strong>agero</strong></span> <span class='ocrx_word' id='word_1_259' title='bbox 1310 2049 1408 2120; x_wconf 88' lang='lat' dir='ltr'><strong>velles,</strong></span> <span class='ocrx_word' id='word_1_260' title='bbox 1425 2068 1479 2108; x_wconf 91' lang='lat' dir='ltr'><strong>nos</strong></span> <span class='ocrx_word' id='word_1_261' title='bbox 1494 2057 1591 2108; x_wconf 89' lang='lat' dir='ltr'><strong>tecum</strong></span> <span class='ocrx_word' id='word_1_262' title='bbox 1613 2054 1692 2126; x_wconf 86' lang='lat' dir='ltr'><strong>juris</strong></span> 
     </span>
     <span class='ocr_line' id='line_1_36' title="bbox 77 2136 1692 2213; baseline 0.001 -17"><span class='ocrx_word' id='word_1_263' title='bbox 77 2155 118 2196; x_wconf 78' lang='lat' dir='ltr'><strong>vm</strong></span> <span class='ocrx_word' id='word_1_264' title='bbox 134 2141 218 2212; x_wconf 90' lang='lat' dir='ltr'><strong>prius</strong></span> <span class='ocrx_word' id='word_1_265' title='bbox 241 2139 405 2196; x_wconf 89' lang='lat' dir='ltr'><strong>habuerant</strong></span> <span class='ocrx_word' id='word_1_266' title='bbox 427 2139 612 2196; x_wconf 81' lang='lat' dir='ltr'><strong>animositate</strong></span> <span class='ocrx_word' id='word_1_267' title='bbox 634 2145 808 2212; x_wconf 85' lang='lat' dir='ltr'><strong>torpescere.</strong></span> <span class='ocrx_word' id='word_1_268' title='bbox 864 2136 974 2193; x_wconf 91' lang='lat' dir='ltr'><strong>honore</strong></span> <span class='ocrx_word' id='word_1_269' title='bbox 990 2142 1103 2194; x_wconf 89' lang='lat' dir='ltr'><strong>servato</strong></span> <span class='ocrx_word' id='word_1_270' title='bbox 1120 2137 1370 2206; x_wconf 81' lang='lat' dir='ltr'><strong>ratiocinaremur,</strong></span> <span class='ocrx_word' id='word_1_271' title='bbox 1384 2143 1413 2196; x_wconf 86' lang='lat' dir='ltr'><strong>et</strong></span> <span class='ocrx_word' id='word_1_272' title='bbox 1427 2142 1504 2213; x_wconf 93' lang='lat' dir='ltr'><strong>quod</strong></span> <span class='ocrx_word' id='word_1_273' title='bbox 1522 2142 1692 2198; x_wconf 87' lang='lat' dir='ltr'><strong>Christano·</strong></span> 
     </span>
     <span class='ocr_line' id='line_1_37' title="bbox 77 2226 1693 2296; baseline 0.003 -13"><span class='ocrx_word' id='word_1_274' title='bbox 77 2228 120 2284; x_wconf 87' lang='lat' dir='ltr'><strong>ria</strong></span> <span class='ocrx_word' id='word_1_275' title='bbox 132 2227 289 2284; x_wconf 87' lang='lat' dir='ltr'><strong>stultorum</strong></span> <span class='ocrx_word' id='word_1_276' title='bbox 301 2226 435 2284; x_wconf 79' lang='lat' dir='ltr'><strong>infinitus</strong></span> <span class='ocrx_word' id='word_1_277' title='bbox 448 2232 510 2282; x_wconf 88' lang='lat' dir='ltr'><strong>erat</strong></span> <span class='ocrx_word' id='word_1_278' title='bbox 522 2244 673 2296; x_wconf 89' lang='lat' dir='ltr'><strong>numerus,</strong></span> <span class='ocrx_word' id='word_1_279' title='bbox 684 2232 811 2284; x_wconf 88' lang='lat' dir='ltr'><strong>nostros.</strong></span> <span class='ocrx_word' id='word_1_280' title='bbox 865 2243 930 2281; x_wconf 88' lang='lat' dir='ltr'><strong>rum</strong></span> <span class='ocrx_word' id='word_1_281' title='bbox 945 2243 1009 2283; x_wconf 89' lang='lat' dir='ltr'><strong>esse</strong></span> <span class='ocrx_word' id='word_1_282' title='bbox 1025 2227 1120 2292; x_wconf 89' lang='lat' dir='ltr'><strong>debet,</strong></span> <span class='ocrx_word' id='word_1_283' title='bbox 1130 2227 1373 2284; x_wconf 87' lang='lat' dir='ltr'><strong>incontradicibili</strong></span> <span class='ocrx_word' id='word_1_284' title='bbox 1386 2246 1519 2286; x_wconf 88' lang='lat' dir='ltr'><strong>sermone</strong></span> <span class='ocrx_word' id='word_1_285' title='bbox 1529 2232 1693 2288; x_wconf 80' lang='lat' dir='ltr'><strong>ostendere</strong></span> 
     </span>
    </p>
   </div>
   <div class='ocr_carea' id='block_1_7' title="bbox 77 2315 809 3013">
    <p class='ocr_par' dir='ltr' id='par_1_7' title="bbox 77 2315 809 3013">
     <span class='ocr_line' id='line_1_38' title="bbox 77 2315 808 2389; baseline -0.003 -15"><span class='ocrx_word' id='word_1_286' title='bbox 77 2316 94 2374; x_wconf 88' lang='lat' dir='ltr'><strong>d</strong></span> <span class='ocrx_word' id='word_1_287' title='bbox 118 2315 251 2389; x_wconf 70' lang='lat' dir='ltr'><strong>praetium</strong></span> <span class='ocrx_word' id='word_1_288' title='bbox 277 2316 473 2383; x_wconf 82' lang='lat' dir='ltr'><strong>concitabant,</strong></span> <span class='ocrx_word' id='word_1_289' title='bbox 500 2333 552 2372; x_wconf 89' lang='lat' dir='ltr'><strong>nec</strong></span> <span class='ocrx_word' id='word_1_290' title='bbox 575 2316 622 2372; x_wconf 94' lang='lat' dir='ltr'><strong>die</strong></span> <span class='ocrx_word' id='word_1_291' title='bbox 649 2334 701 2371; x_wconf 89' lang='lat' dir='ltr'><strong>nec</strong></span> <span class='ocrx_word' id='word_1_292' title='bbox 726 2322 808 2372; x_wconf 89' lang='lat' dir='ltr'><strong>nocte</strong></span> 
     </span>
     <span class='ocr_line' id='line_1_39' title="bbox 77 2398 809 2478; baseline -0.001 -16"><span class='ocrx_word' id='word_1_293' title='bbox 77 2405 210 2473; x_wconf 75' lang='lat' dir='ltr'><strong>arebant,</strong></span> <span class='ocrx_word' id='word_1_294' title='bbox 224 2406 509 2478; x_wconf 87' lang='lat' dir='ltr'><strong>placuitseuioribus</strong></span> <span class='ocrx_word' id='word_1_295' title='bbox 521 2422 637 2460; x_wconf 88' lang='lat' dir='ltr'><strong>murum</strong></span> <span class='ocrx_word' id='word_1_296' title='bbox 652 2398 728 2460; x_wconf 88' lang='lat' dir='ltr'><strong>inter</strong></span> <span class='ocrx_word' id='word_1_297' title='bbox 742 2423 772 2461; x_wconf 90' lang='lat' dir='ltr'><strong>se</strong></span> <span class='ocrx_word' id='word_1_298' title='bbox 781 2410 809 2461; x_wconf 87' lang='lat' dir='ltr'><strong>et</strong></span> 
     </span>
     <span class='ocr_line' id='line_1_40' title="bbox 77 2494 807 2551; baseline -0.003 0"><span class='ocrx_word' id='word_1_299' title='bbox 77 2498 239 2551; x_wconf 79' lang='lat' dir='ltr'><strong>obstruere.</strong></span> <span class='ocrx_word' id='word_1_300' title='bbox 258 2499 290 2549; x_wconf 93' lang='lat' dir='ltr'><strong>ut</strong></span> <span class='ocrx_word' id='word_1_301' title='bbox 304 2494 347 2549; x_wconf 89' lang='lat' dir='ltr'><strong>vel</strong></span> <span class='ocrx_word' id='word_1_302' title='bbox 362 2495 405 2550; x_wconf 89' lang='lat' dir='ltr'><strong>sic</strong></span> <span class='ocrx_word' id='word_1_303' title='bbox 430 2494 529 2550; x_wconf 87' lang='lat' dir='ltr'><strong>liceret</strong></span> <span class='ocrx_word' id='word_1_304' title='bbox 546 2495 581 2549; x_wconf 92' lang='lat' dir='ltr'><strong>ad</strong></span> <span class='ocrx_word' id='word_1_305' title='bbox 600 2494 746 2549; x_wconf 90' lang='lat' dir='ltr'><strong>modicum</strong></span> <span class='ocrx_word' id='word_1_306' title='bbox 763 2512 807 2549; x_wconf 90' lang='lat' dir='ltr'><strong>re·</strong></span> 
     </span>
     <span class='ocr_line' id='line_1_41' title="bbox 77 2582 807 2640; baseline -0.001 0"><span class='ocrx_word' id='word_1_307' title='bbox 77 2599 104 2640; x_wconf 84' lang='lat' dir='ltr'><strong>e.</strong></span> <span class='ocrx_word' id='word_1_308' title='bbox 120 2582 183 2639; x_wconf 84' lang='lat' dir='ltr'><strong>Una</strong></span> <span class='ocrx_word' id='word_1_309' title='bbox 199 2582 245 2638; x_wconf 91' lang='lat' dir='ltr'><strong>die</strong></span> <span class='ocrx_word' id='word_1_310' title='bbox 260 2583 339 2639; x_wconf 89' lang='lat' dir='ltr'><strong>enim</strong></span> <span class='ocrx_word' id='word_1_311' title='bbox 355 2588 415 2638; x_wconf 82' lang='lat' dir='ltr'><strong>torn</strong></span> <span class='ocrx_word' id='word_1_312' title='bbox 428 2583 533 2639; x_wconf 87' lang='lat' dir='ltr'><strong>acriter</strong></span> <span class='ocrx_word' id='word_1_313' title='bbox 550 2585 578 2638; x_wconf 91' lang='lat' dir='ltr'><strong>in</strong></span> <span class='ocrx_word' id='word_1_314' title='bbox 591 2589 705 2638; x_wconf 91' lang='lat' dir='ltr'><strong>nostros</strong></span> <span class='ocrx_word' id='word_1_315' title='bbox 716 2583 807 2639; x_wconf 90' lang='lat' dir='ltr'><strong>irrue-</strong></span> 
     </span>
     <span class='ocr_line' id='line_1_42' title="bbox 77 2672 807 2744; baseline 0 -17"><span class='ocrx_word' id='word_1_316' title='bbox 77 2675 97 2728; x_wconf 68' lang='grc' dir='ltr'><strong>ι(</strong></span> <span class='ocrx_word' id='word_1_317' title='bbox 111 2675 172 2728; x_wconf 88' lang='lat' dir='ltr'><strong>tres</strong></span> <span class='ocrx_word' id='word_1_318' title='bbox 188 2672 215 2727; x_wconf 91' lang='lat' dir='ltr'><strong>iu</strong></span> <span class='ocrx_word' id='word_1_319' title='bbox 233 2689 291 2727; x_wconf 88' lang='lat' dir='ltr'><strong>una</strong></span> <span class='ocrx_word' id='word_1_320' title='bbox 307 2678 386 2728; x_wconf 89' lang='lat' dir='ltr'><strong>turre</strong></span> <span class='ocrx_word' id='word_1_321' title='bbox 401 2689 464 2744; x_wconf 80' lang='lat' dir='ltr'><strong>quar</strong></span> <span class='ocrx_word' id='word_1_322' title='bbox 489 2678 551 2728; x_wconf 86' lang='lat' dir='ltr'><strong>erat</strong></span> <span class='ocrx_word' id='word_1_323' title='bbox 565 2677 633 2727; x_wconf 87' lang='lat' dir='ltr'><strong>ante</strong></span> <span class='ocrx_word' id='word_1_324' title='bbox 654 2672 807 2728; x_wconf 88' lang='lat' dir='ltr'><strong>castellum</strong></span> 
     </span>
     <span class='ocr_line' id='line_1_43' title="bbox 77 2761 808 2833; baseline 0 -15"><span class='ocrx_word' id='word_1_325' title='bbox 77 2761 170 2828; x_wconf 78' lang='lat' dir='ltr'><strong>erint3</strong></span> <span class='ocrx_word' id='word_1_326' title='bbox 188 2779 221 2816; x_wconf 81' lang='lat' dir='ltr'><strong>ex</strong></span> <span class='ocrx_word' id='word_1_327' title='bbox 236 2762 344 2833; x_wconf 87' lang='lat' dir='ltr'><strong>quibus</strong></span> <span class='ocrx_word' id='word_1_328' title='bbox 359 2763 417 2816; x_wconf 93' lang='lat' dir='ltr'><strong>duo</strong></span> <span class='ocrx_word' id='word_1_329' title='bbox 433 2761 575 2818; x_wconf 85' lang='lat' dir='ltr'><strong>vulnerati</strong></span> <span class='ocrx_word' id='word_1_330' title='bbox 590 2763 624 2816; x_wconf 90' lang='lat' dir='ltr'><strong>de</strong></span> <span class='ocrx_word' id='word_1_331' title='bbox 637 2765 716 2816; x_wconf 89' lang='lat' dir='ltr'><strong>turre</strong></span> <span class='ocrx_word' id='word_1_332' title='bbox 731 2762 808 2818; x_wconf 87' lang='lat' dir='ltr'><strong>exire</strong></span> 
     </span>
     <span class='ocr_line' id='line_1_44' title="bbox 77 2848 807 2923; baseline 0.001 -18"><span class='ocrx_word' id='word_1_333' title='bbox 77 2848 139 2918; x_wconf 86' lang='lat' dir='ltr'><strong>rlsi,</strong></span> <span class='ocrx_word' id='word_1_334' title='bbox 154 2855 182 2905; x_wconf 93' lang='lat' dir='ltr'><strong>et</strong></span> <span class='ocrx_word' id='word_1_335' title='bbox 197 2849 289 2923; x_wconf 90' lang='lat' dir='ltr'><strong>capite</strong></span> <span class='ocrx_word' id='word_1_336' title='bbox 306 2850 379 2923; x_wconf 81' lang='lat' dir='ltr'><strong>plexi</strong></span> <span class='ocrx_word' id='word_1_337' title='bbox 396 2855 482 2918; x_wconf 88' lang='lat' dir='ltr'><strong>sunt;</strong></span> <span class='ocrx_word' id='word_1_338' title='bbox 500 2868 659 2918; x_wconf 90' lang='lat' dir='ltr'><strong>unusvero,</strong></span> <span class='ocrx_word' id='word_1_339' title='bbox 671 2852 807 2922; x_wconf 89' lang='lat' dir='ltr'><strong>usquead</strong></span> 
     </span>
     <span class='ocr_line' id='line_1_45' title="bbox 77 2939 809 3013; baseline -0.003 -17"><span class='ocrx_word' id='word_1_340' title='bbox 77 2955 133 2996; x_wconf 69' lang='lat' dir='ltr'><strong>mm</strong></span> <span class='ocrx_word' id='word_1_341' title='bbox 150 2939 261 2995; x_wconf 91' lang='lat' dir='ltr'><strong>fortiter</strong></span> <span class='ocrx_word' id='word_1_342' title='bbox 275 2939 413 2995; x_wconf 85' lang='lat' dir='ltr'><strong>resistens</strong></span> <span class='ocrx_word' id='word_1_343' title='bbox 429 2939 600 3013; x_wconf 88' lang='lat' dir='ltr'><strong>permansit,</strong></span> <span class='ocrx_word' id='word_1_344' title='bbox 628 2940 760 3011; x_wconf 89' lang='lat' dir='ltr'><strong>duosque</strong></span> <span class='ocrx_word' id='word_1_345' title='bbox 775 2957 809 2994; x_wconf 80' lang='lat' dir='ltr'><strong>ea</strong></span> 
     </span>
    </p>
   </div>
   <div class='ocr_carea' id='block_1_8' title="bbox 861 2316 1695 3016">
    <p class='ocr_par' dir='ltr' id='par_1_8' title="bbox 861 2316 1695 3016">
     <span class='ocr_line' id='line_1_46' title="bbox 864 2316 1695 2392; baseline 0.008 -23"><span class='ocrx_word' id='word_1_346' title='bbox 864 2332 942 2370; x_wconf 91' lang='lat' dir='ltr'><strong>mus.</strong></span> <span class='ocrx_word' id='word_1_347' title='bbox 960 2316 1041 2382; x_wconf 87' lang='lat' dir='ltr'><strong>Quod</strong></span> <span class='ocrx_word' id='word_1_348' title='bbox 1056 2316 1079 2372; x_wconf 89' lang='lat' dir='ltr'><strong>si</strong></span> <span class='ocrx_word' id='word_1_349' title='bbox 1096 2316 1172 2388; x_wconf 89' lang='lat' dir='ltr'><strong>apud</strong></span> <span class='ocrx_word' id='word_1_350' title='bbox 1189 2321 1217 2372; x_wconf 86' lang='lat' dir='ltr'><strong>te</strong></span> <span class='ocrx_word' id='word_1_351' title='bbox 1228 2317 1302 2389; x_wconf 72' lang='lat' dir='ltr'><strong>aequi</strong></span> <span class='ocrx_word' id='word_1_352' title='bbox 1314 2319 1451 2390; x_wconf 88' lang='lat' dir='ltr'><strong>ponderis</strong></span> <span class='ocrx_word' id='word_1_353' title='bbox 1464 2324 1534 2375; x_wconf 90' lang='lat' dir='ltr'><strong>sunt</strong></span> <span class='ocrx_word' id='word_1_354' title='bbox 1544 2321 1594 2392; x_wconf 88' lang='lat' dir='ltr'><strong>jus</strong></span> <span class='ocrx_word' id='word_1_355' title='bbox 1610 2325 1639 2377; x_wconf 87' lang='lat' dir='ltr'><strong>et</strong></span> <span class='ocrx_word' id='word_1_356' title='bbox 1649 2337 1695 2376; x_wconf 88' lang='lat' dir='ltr'><strong>ra.</strong></span> 
     </span>
     <span class='ocr_line' id='line_1_47' title="bbox 862 2403 1692 2476; baseline 0.006 -16"><span class='ocrx_word' id='word_1_357' title='bbox 862 2405 914 2472; x_wconf 89' lang='lat' dir='ltr'><strong>tio,</strong></span> <span class='ocrx_word' id='word_1_358' title='bbox 936 2408 967 2460; x_wconf 93' lang='lat' dir='ltr'><strong>ut</strong></span> <span class='ocrx_word' id='word_1_359' title='bbox 981 2403 1135 2476; x_wconf 91' lang='lat' dir='ltr'><strong>voluptosu</strong></span> <span class='ocrx_word' id='word_1_360' title='bbox 1157 2405 1302 2473; x_wconf 88' lang='lat' dir='ltr'><strong>voluntas,</strong></span> <span class='ocrx_word' id='word_1_361' title='bbox 1327 2407 1378 2462; x_wconf 85' lang='lat' dir='ltr'><strong>frat</strong></span> <span class='ocrx_word' id='word_1_362' title='bbox 1396 2407 1472 2463; x_wconf 89' lang='lat' dir='ltr'><strong>inter</strong></span> <span class='ocrx_word' id='word_1_363' title='bbox 1496 2414 1561 2465; x_wconf 90' lang='lat' dir='ltr'><strong>tuos</strong></span> <span class='ocrx_word' id='word_1_364' title='bbox 1577 2413 1692 2465; x_wconf 89' lang='lat' dir='ltr'><strong>nostros</strong></span> 
     </span>
     <span class='ocr_line' id='line_1_48' title="bbox 863 2493 1691 2570; baseline 0.005 -20"><span class='ocrx_word' id='word_1_365' title='bbox 863 2493 1057 2551; x_wconf 87' lang='lat' dir='ltr'><strong>determinata</strong></span> <span class='ocrx_word' id='word_1_366' title='bbox 1080 2511 1188 2567; x_wconf 85' lang='lat' dir='ltr'><strong>pugna.</strong></span> <span class='ocrx_word' id='word_1_367' title='bbox 1205 2499 1233 2550; x_wconf 90' lang='lat' dir='ltr'><strong>et</strong></span> <span class='ocrx_word' id='word_1_368' title='bbox 1257 2495 1416 2552; x_wconf 87' lang='lat' dir='ltr'><strong>victoribus</strong></span> <span class='ocrx_word' id='word_1_369' title='bbox 1431 2497 1542 2570; x_wconf 84' lang='lat' dir='ltr'><strong>absque.</strong></span> <span class='ocrx_word' id='word_1_370' title='bbox 1566 2497 1691 2555; x_wconf 87' lang='lat' dir='ltr'><strong>eliorum</strong></span> 
     </span>
     <span class='ocr_line' id='line_1_49' title="bbox 863 2581 1684 2660; baseline 0.002 -19"><span class='ocrx_word' id='word_1_371' title='bbox 863 2581 1015 2656; x_wconf 77' lang='lat' dir='ltr'><strong>sanguinis</strong></span> <span class='ocrx_word' id='word_1_372' title='bbox 1041 2583 1194 2655; x_wconf 89' lang='lat' dir='ltr'><strong>dispendio</strong></span> <span class='ocrx_word' id='word_1_373' title='bbox 1210 2587 1272 2640; x_wconf 90' lang='lat' dir='ltr'><strong>tota</strong></span> <span class='ocrx_word' id='word_1_374' title='bbox 1296 2585 1356 2640; x_wconf 79' lang='lat' dir='ltr'><strong>beo</strong></span> <span class='ocrx_word' id='word_1_375' title='bbox 1380 2587 1556 2642; x_wconf 90' lang='lat' dir='ltr'><strong>concedatur</strong></span> <span class='ocrx_word' id='word_1_376' title='bbox 1581 2587 1684 2660; x_wconf 88' lang='lat' dir='ltr'><strong>patria.</strong></span> 
     </span>
     <span class='ocr_line' id='line_1_50' title="bbox 862 2671 1693 2751; baseline 0.006 -24"><span class='ocrx_word' id='word_1_377' title='bbox 862 2672 943 2740; x_wconf 90' lang='lat' dir='ltr'><strong>Quod</strong></span> <span class='ocrx_word' id='word_1_378' title='bbox 960 2671 984 2727; x_wconf 89' lang='lat' dir='ltr'><strong>si</strong></span> <span class='ocrx_word' id='word_1_379' title='bbox 1000 2688 1053 2726; x_wconf 89' lang='lat' dir='ltr'><strong>nee</strong></span> <span class='ocrx_word' id='word_1_380' title='bbox 1069 2671 1119 2740; x_wconf 91' lang='lat' dir='ltr'><strong>ita,</strong></span> <span class='ocrx_word' id='word_1_381' title='bbox 1137 2689 1189 2729; x_wconf 90' lang='lat' dir='ltr'><strong>nec</strong></span> <span class='ocrx_word' id='word_1_382' title='bbox 1200 2672 1251 2740; x_wconf 87' lang='lat' dir='ltr'><strong>sic,</strong></span> <span class='ocrx_word' id='word_1_383' title='bbox 1262 2674 1431 2745; x_wconf 88' lang='lat' dir='ltr'><strong>complacet,</strong></span> <span class='ocrx_word' id='word_1_384' title='bbox 1447 2679 1498 2732; x_wconf 87' lang='lat' dir='ltr'><strong>aut</strong></span> <span class='ocrx_word' id='word_1_385' title='bbox 1510 2676 1609 2749; x_wconf 83' lang='lat' dir='ltr'><strong>fugam</strong></span> <span class='ocrx_word' id='word_1_386' title='bbox 1627 2693 1693 2751; x_wconf 89' lang='lat' dir='ltr'><strong>pro·</strong></span> 
     </span>
     <span class='ocr_line' id='line_1_51' title="bbox 861 2759 1691 2839; baseline 0.011 -24"><span class='ocrx_word' id='word_1_387' title='bbox 861 2762 942 2816; x_wconf 88' lang='lat' dir='ltr'><strong>tinus</strong></span> <span class='ocrx_word' id='word_1_388' title='bbox 957 2759 1038 2826; x_wconf 87' lang='lat' dir='ltr'><strong>inite,</strong></span> <span class='ocrx_word' id='word_1_389' title='bbox 1055 2766 1106 2816; x_wconf 87' lang='lat' dir='ltr'><strong>aut</strong></span> <span class='ocrx_word' id='word_1_390' title='bbox 1121 2761 1194 2817; x_wconf 87' lang='lat' dir='ltr'><strong>collo</strong></span> <span class='ocrx_word' id='word_1_391' title='bbox 1208 2762 1301 2817; x_wconf 84' lang='lat' dir='ltr'><strong>vestie</strong></span> <span class='ocrx_word' id='word_1_392' title='bbox 1312 2767 1478 2820; x_wconf 88' lang='lat' dir='ltr'><strong>nostrorum</strong></span> <span class='ocrx_word' id='word_1_393' title='bbox 1489 2765 1610 2823; x_wconf 83' lang='lat' dir='ltr'><strong>ensibus</strong></span> <span class='ocrx_word' id='word_1_394' title='bbox 1620 2784 1691 2839; x_wconf 78' lang='lat' dir='ltr'><strong>prce-</strong></span> 
     </span>
     <span class='ocr_line' id='line_1_52' title="bbox 862 2850 1691 2923; baseline 0.011 -19"><span class='ocrx_word' id='word_1_395' title='bbox 862 2854 954 2923; x_wconf 85' lang='lat' dir='ltr'><strong>parat.</strong></span> <span class='ocrx_word' id='word_1_396' title='bbox 972 2870 987 2900; x_wconf 78' lang='lat' dir='ltr'><strong>n</strong></span> <span class='ocrx_word' id='word_1_397' title='bbox 1003 2850 1054 2905; x_wconf 89' lang='lat' dir='ltr'><strong>His</strong></span> <span class='ocrx_word' id='word_1_398' title='bbox 1069 2850 1460 2908; x_wconf 86' lang='lat' dir='ltr'><strong>diotissermonismediator</strong></span> <span class='ocrx_word' id='word_1_399' title='bbox 1468 2854 1616 2910; x_wconf 86' lang='lat' dir='ltr'><strong>conticuit.</strong></span> <span class='ocrx_word' id='word_1_400' title='bbox 1627 2861 1691 2913; x_wconf 85' lang='lat' dir='ltr'><strong>Cor·</strong></span> 
     </span>
     <span class='ocr_line' id='line_1_53' title="bbox 862 2937 1688 3016; baseline 0.008 -22"><span class='ocrx_word' id='word_1_401' title='bbox 862 2940 959 2994; x_wconf 87' lang='lat' dir='ltr'><strong>bonan</strong></span> <span class='ocrx_word' id='word_1_402' title='bbox 974 2955 1041 2994; x_wconf 84' lang='lat' dir='ltr'><strong>vero</strong></span> <span class='ocrx_word' id='word_1_403' title='bbox 1055 2937 1575 3016; x_wconf 84' lang='lat' dir='ltr'><strong>iramagnainilammatus,vixloqui</strong></span> <span class='ocrx_word' id='word_1_404' title='bbox 1585 2946 1688 3016; x_wconf 92' lang='lat' dir='ltr'><strong>potuit:</strong></span> 
     </span>
    </p>
   </div>
   <div class='ocr_carea' id='block_1_9' title="bbox 77 3027 1698 4344">
    <p class='ocr_par' dir='ltr' id='par_1_9' title="bbox 77 3027 1698 4344">
     <span class='ocr_line' id='line_1_54' title="bbox 77 3027 1691 3102; baseline 0.004 -18"><span class='ocrx_word' id='word_1_405' title='bbox 77 3028 175 3098; x_wconf 88' lang='lat' dir='ltr'><strong>ccidit,</strong></span> <span class='ocrx_word' id='word_1_406' title='bbox 193 3033 221 3083; x_wconf 91' lang='lat' dir='ltr'><strong>et</strong></span> <span class='ocrx_word' id='word_1_407' title='bbox 232 3029 274 3085; x_wconf 89' lang='lat' dir='ltr'><strong>sie</strong></span> <span class='ocrx_word' id='word_1_408' title='bbox 283 3028 418 3101; x_wconf 79' lang='lat' dir='ltr'><strong>deinceps</strong></span> <span class='ocrx_word' id='word_1_409' title='bbox 428 3028 622 3102; x_wconf 79' lang='lat' dir='ltr'><strong>gladiovitarn</strong></span> <span class='ocrx_word' id='word_1_410' title='bbox 632 3027 733 3083; x_wconf 87' lang='lat' dir='ltr'><strong>finivit.</strong></span> <span class='ocrx_word' id='word_1_411' title='bbox 745 3028 810 3094; x_wconf 84' lang='lat' dir='ltr'><strong>Qui·</strong></span> <span class='ocrx_word' id='word_1_412' title='bbox 863 3033 892 3083; x_wconf 93' lang='lat' dir='ltr'><strong>et</strong></span> <span class='ocrx_word' id='word_1_413' title='bbox 905 3027 1024 3082; x_wconf 86' lang='lat' dir='ltr'><strong>tandem</strong></span> <span class='ocrx_word' id='word_1_414' title='bbox 1042 3027 1069 3080; x_wconf 91' lang='lat' dir='ltr'><strong>in</strong></span> <span class='ocrx_word' id='word_1_415' title='bbox 1081 3027 1142 3082; x_wconf 78' lang='lat' dir='ltr'><strong>hac</strong></span> <span class='ocrx_word' id='word_1_416' title='bbox 1151 3028 1389 3101; x_wconf 90' lang='lat' dir='ltr'><strong>verbaprorupit,</strong></span> <span class='ocrx_word' id='word_1_417' title='bbox 1399 3029 1500 3087; x_wconf 90' lang='lat' dir='ltr'><strong>dicens</strong></span> <span class='ocrx_word' id='word_1_418' title='bbox 1511 3033 1581 3100; x_wconf 85' lang='lat'><strong>(53):</strong></span> <span class='ocrx_word' id='word_1_419' title='bbox 1595 3056 1609 3083; x_wconf 76' lang='lat' dir='ltr'><strong>n</strong></span> <span class='ocrx_word' id='word_1_420' title='bbox 1618 3032 1691 3091; x_wconf 88' lang='lat' dir='ltr'><strong>Vere</strong></span> 
     </span>
     <span class='ocr_line' id='line_1_55' title="bbox 77 3104 1691 3195; baseline 0.002 -22"><span class='ocrx_word' id='word_1_421' title='bbox 77 3118 138 3173; x_wconf 92' lang='lat' dir='ltr'><strong>lum</strong></span> <span class='ocrx_word' id='word_1_422' title='bbox 153 3118 290 3184; x_wconf 88' lang='lat' dir='ltr'><strong>viverent,</strong></span> <span class='ocrx_word' id='word_1_423' title='bbox 308 3135 374 3172; x_wconf 90' lang='lat' dir='ltr'><strong>cum</strong></span> <span class='ocrx_word' id='word_1_424' title='bbox 391 3118 580 3173; x_wconf 86' lang='lat' dir='ltr'><strong>Boamundus</strong></span> <span class='ocrx_word' id='word_1_425' title='bbox 591 3104 679 3173; x_wconf 85' lang='lat' dir='ltr'><strong>¹vellet</strong></span> <span class='ocrx_word' id='word_1_426' title='bbox 694 3135 810 3172; x_wconf 90' lang='lat' dir='ltr'><strong>suecur·</strong></span> <span class='ocrx_word' id='word_1_427' title='bbox 864 3132 935 3188; x_wconf 83' lang='lat' dir='ltr'><strong>gens</strong></span> <span class='ocrx_word' id='word_1_428' title='bbox 952 3115 1141 3195; x_wconf 84' lang='lat' dir='ltr'><strong>Francorum,</strong></span> <span class='ocrx_word' id='word_1_429' title='bbox 1155 3132 1227 3188; x_wconf 81' lang='lat' dir='ltr'><strong>gens</strong></span> <span class='ocrx_word' id='word_1_430' title='bbox 1241 3117 1380 3189; x_wconf 88' lang='lat' dir='ltr'><strong>superbo;</strong></span> <span class='ocrx_word' id='word_1_431' title='bbox 1399 3119 1449 3174; x_wconf 89' lang='lat' dir='ltr'><strong>sed</strong></span> <span class='ocrx_word' id='word_1_432' title='bbox 1474 3125 1574 3176; x_wconf 89' lang='lat' dir='ltr'><strong>nostro</strong></span> <span class='ocrx_word' id='word_1_433' title='bbox 1593 3121 1691 3195; x_wconf 85' lang='lat' dir='ltr'><strong>gladio</strong></span> 
     </span>
     <span class='ocr_line' id='line_1_56' title="bbox 77 3190 1692 3282; baseline 0.004 -20"><span class='ocrx_word' id='word_1_434' title='bbox 77 3207 120 3263; x_wconf 85' lang='lat' dir='ltr'><strong>vix</strong></span> <span class='ocrx_word' id='word_1_435' title='bbox 134 3206 262 3280; x_wconf 87' lang='lat' dir='ltr'><strong>aliquem</strong></span> <span class='ocrx_word' id='word_1_436' title='bbox 279 3206 372 3278; x_wconf 88' lang='lat' dir='ltr'><strong>potuit</strong></span> <span class='ocrx_word' id='word_1_437' title='bbox 387 3207 547 3278; x_wconf 83' lang='lat' dir='ltr'><strong>extrahere,</strong></span> <span class='ocrx_word' id='word_1_438' title='bbox 576 3208 645 3280; x_wconf 90' lang='lat' dir='ltr'><strong>quia</strong></span> <span class='ocrx_word' id='word_1_439' title='bbox 670 3206 735 3261; x_wconf 90' lang='lat' dir='ltr'><strong>illos</strong></span> <span class='ocrx_word' id='word_1_440' title='bbox 752 3224 808 3261; x_wconf 91' lang='lat' dir='ltr'><strong>nen</strong></span> <span class='ocrx_word' id='word_1_441' title='bbox 825 3190 846 3256; x_wconf 80' lang='lat' dir='ltr'><strong>G</strong></span> <span class='ocrx_word' id='word_1_442' title='bbox 864 3202 1059 3260; x_wconf 84' lang='lat' dir='ltr'><strong>refrenabitur</strong></span> <span class='ocrx_word' id='word_1_443' title='bbox 1072 3221 1172 3260; x_wconf 87' lang='lat' dir='ltr'><strong>eorum</strong></span> <span class='ocrx_word' id='word_1_444' title='bbox 1189 3205 1336 3278; x_wconf 91' lang='lat' dir='ltr'><strong>superbia.</strong></span> <span class='ocrx_word' id='word_1_445' title='bbox 1349 3207 1414 3262; x_wconf 89' lang='lat' dir='ltr'><strong>ideo</strong></span> <span class='ocrx_word' id='word_1_446' title='bbox 1425 3212 1521 3263; x_wconf 88' lang='lat' dir='ltr'><strong>autem</strong></span> <span class='ocrx_word' id='word_1_447' title='bbox 1539 3210 1692 3282; x_wconf 90' lang='lat' dir='ltr'><strong>requirunt</strong></span> 
     </span>
     <span class='ocr_line' id='line_1_57' title="bbox 77 3291 1690 3372; baseline 0.001 -19"><span class='ocrx_word' id='word_1_448' title='bbox 77 3295 202 3353; x_wconf 84' lang='lat' dir='ltr'><strong>nhostis</strong></span> <span class='ocrx_word' id='word_1_449' title='bbox 217 3296 348 3369; x_wconf 86' lang='lat' dir='ltr'><strong>urgebat,</strong></span> <span class='ocrx_word' id='word_1_450' title='bbox 359 3301 501 3366; x_wconf 90' lang='lat' dir='ltr'><strong>quantum</strong></span> <span class='ocrx_word' id='word_1_451' title='bbox 511 3296 707 3352; x_wconf 84' lang='lat' dir='ltr'><strong>validafames</strong></span> <span class='ocrx_word' id='word_1_452' title='bbox 716 3295 813 3368; x_wconf 91' lang='lat' dir='ltr'><strong>oppri·</strong></span> <span class='ocrx_word' id='word_1_453' title='bbox 866 3291 1087 3349; x_wconf 88' lang='lat' dir='ltr'><strong>denominatum</strong></span> <span class='ocrx_word' id='word_1_454' title='bbox 1112 3293 1254 3365; x_wconf 78' lang='lat' dir='ltr'><strong>prolium,</strong></span> <span class='ocrx_word' id='word_1_455' title='bbox 1272 3299 1304 3349; x_wconf 91' lang='lat' dir='ltr'><strong>ut</strong></span> <span class='ocrx_word' id='word_1_456' title='bbox 1324 3294 1431 3367; x_wconf 91' lang='lat' dir='ltr'><strong>quibus</strong></span> <span class='ocrx_word' id='word_1_457' title='bbox 1456 3298 1538 3352; x_wconf 90' lang='lat' dir='ltr'><strong>cedet</strong></span> <span class='ocrx_word' id='word_1_458' title='bbox 1559 3298 1690 3372; x_wconf 88' lang='lat' dir='ltr'><strong>victoria,</strong></span> 
     </span>
     <span class='ocr_line' id='line_1_58' title="bbox 77 3381 1692 3462; baseline 0.001 -21"><span class='ocrx_word' id='word_1_459' title='bbox 77 3401 98 3441; x_wconf 82' lang='lat'><strong>·.:</strong></span> <span class='ocrx_word' id='word_1_460' title='bbox 113 3384 195 3441; x_wconf 89' lang='lat' dir='ltr'><strong>Unde</strong></span> <span class='ocrx_word' id='word_1_461' title='bbox 205 3385 297 3441; x_wconf 87' lang='lat' dir='ltr'><strong>iratus</strong></span> <span class='ocrx_word' id='word_1_462' title='bbox 306 3385 403 3458; x_wconf 83' lang='lat' dir='ltr'><strong>ignem</strong></span> <span class='ocrx_word' id='word_1_463' title='bbox 413 3386 481 3456; x_wconf 93' lang='lat' dir='ltr'><strong>poni</strong></span> <span class='ocrx_word' id='word_1_464' title='bbox 490 3385 664 3458; x_wconf 78' lang='lat' dir='ltr'><strong>pracepitin</strong></span> <span class='ocrx_word' id='word_1_465' title='bbox 676 3383 812 3440; x_wconf 89' lang='lat' dir='ltr'><strong>domibus</strong></span> <span class='ocrx_word' id='word_1_466' title='bbox 866 3383 950 3438; x_wconf 87' lang='lat' dir='ltr'><strong>cedat</strong></span> <span class='ocrx_word' id='word_1_467' title='bbox 962 3385 990 3436; x_wconf 83' lang='lat' dir='ltr'><strong>et</strong></span> <span class='ocrx_word' id='word_1_468' title='bbox 1001 3381 1168 3454; x_wconf 85' lang='lat' dir='ltr'><strong>imperium,</strong></span> <span class='ocrx_word' id='word_1_469' title='bbox 1181 3383 1319 3454; x_wconf 89' lang='lat' dir='ltr'><strong>quoniam</strong></span> <span class='ocrx_word' id='word_1_470' title='bbox 1330 3383 1392 3440; x_wconf 92' lang='lat' dir='ltr'><strong>sine</strong></span> <span class='ocrx_word' id='word_1_471' title='bbox 1406 3383 1528 3441; x_wconf 90' lang='lat' dir='ltr'><strong>aliorum</strong></span> <span class='ocrx_word' id='word_1_472' title='bbox 1538 3387 1692 3462; x_wconf 84' lang='lat' dir='ltr'><strong>sanguinis</strong></span> 
     </span>
     <span class='ocr_line' id='line_1_59' title="bbox 77 3470 1692 3547; baseline 0.003 -19"><span class='ocrx_word' id='word_1_473' title='bbox 77 3477 150 3529; x_wconf 64' lang='lat' dir='ltr'><strong>amnt</strong></span> <span class='ocrx_word' id='word_1_474' title='bbox 169 3475 205 3529; x_wconf 90' lang='lat' dir='ltr'><strong>ab</strong></span> <span class='ocrx_word' id='word_1_475' title='bbox 222 3474 271 3530; x_wconf 91' lang='lat' dir='ltr'><strong>illa</strong></span> <span class='ocrx_word' id='word_1_476' title='bbox 291 3479 382 3546; x_wconf 89' lang='lat' dir='ltr'><strong>parte,</strong></span> <span class='ocrx_word' id='word_1_477' title='bbox 401 3473 449 3528; x_wconf 92' lang='lat' dir='ltr'><strong>ubi</strong></span> <span class='ocrx_word' id='word_1_478' title='bbox 465 3479 493 3528; x_wconf 92' lang='lat' dir='ltr'><strong>et</strong></span> <span class='ocrx_word' id='word_1_479' title='bbox 515 3473 657 3547; x_wconf 88' lang='lat' dir='ltr'><strong>palatium</strong></span> <span class='ocrx_word' id='word_1_480' title='bbox 680 3473 812 3529; x_wconf 87' lang='lat' dir='ltr'><strong>Cassiani</strong></span> <span class='ocrx_word' id='word_1_481' title='bbox 867 3470 1030 3543; x_wconf 91' lang='lat' dir='ltr'><strong>dispendio,</strong></span> <span class='ocrx_word' id='word_1_482' title='bbox 1047 3474 1098 3525; x_wconf 86' lang='lat' dir='ltr'><strong>aut</strong></span> <span class='ocrx_word' id='word_1_483' title='bbox 1113 3471 1211 3542; x_wconf 73' lang='lat' dir='ltr'><strong>patrico</strong></span> <span class='ocrx_word' id='word_1_484' title='bbox 1226 3472 1328 3527; x_wconf 89' lang='lat' dir='ltr'><strong>volunt</strong></span> <span class='ocrx_word' id='word_1_485' title='bbox 1341 3473 1438 3542; x_wconf 90' lang='lat' dir='ltr'><strong>ditari,</strong></span> <span class='ocrx_word' id='word_1_486' title='bbox 1458 3479 1539 3530; x_wconf 84' lang='lat' dir='ltr'><strong>outa</strong></span> <span class='ocrx_word' id='word_1_487' title='bbox 1555 3477 1692 3532; x_wconf 88' lang='lat' dir='ltr'><strong>manibus</strong></span> 
     </span>
     <span class='ocr_line' id='line_1_60' title="bbox 77 3558 1690 3635; baseline 0.002 -17"><span class='ocrx_word' id='word_1_488' title='bbox 77 3566 95 3618; x_wconf 78' lang='lat' dir='ltr'><strong>vt</strong></span> <span class='ocrx_word' id='word_1_489' title='bbox 109 3562 158 3635; x_wconf 89' lang='lat' dir='ltr'><strong>qui</strong></span> <span class='ocrx_word' id='word_1_490' title='bbox 176 3563 253 3618; x_wconf 81' lang='lat' dir='ltr'><strong>exire</strong></span> <span class='ocrx_word' id='word_1_491' title='bbox 266 3567 368 3634; x_wconf 87' lang='lat' dir='ltr'><strong>sponte</strong></span> <span class='ocrx_word' id='word_1_492' title='bbox 380 3562 526 3631; x_wconf 89' lang='lat' dir='ltr'><strong>nolebant,</strong></span> <span class='ocrx_word' id='word_1_493' title='bbox 538 3562 813 3618; x_wconf 85' lang='lat' dir='ltr'><strong>saltemexirccom-</strong></span> <span class='ocrx_word' id='word_1_494' title='bbox 867 3559 976 3616; x_wconf 88' lang='lat' dir='ltr'><strong>nostris</strong></span> <span class='ocrx_word' id='word_1_495' title='bbox 999 3558 1126 3615; x_wconf 86' lang='lat' dir='ltr'><strong>liberari.</strong></span> <span class='ocrx_word' id='word_1_496' title='bbox 1153 3559 1208 3615; x_wconf 88' lang='lat' dir='ltr'><strong>Sed</strong></span> <span class='ocrx_word' id='word_1_497' title='bbox 1225 3565 1294 3615; x_wconf 91' lang='lat' dir='ltr'><strong>tune</strong></span> <span class='ocrx_word' id='word_1_498' title='bbox 1320 3560 1437 3619; x_wconf 87' lang='lat' dir='ltr'><strong>salubre</strong></span> <span class='ocrx_word' id='word_1_499' title='bbox 1461 3564 1617 3620; x_wconf 90' lang='lat' dir='ltr'><strong>consilium</strong></span> <span class='ocrx_word' id='word_1_500' title='bbox 1634 3582 1690 3621; x_wconf 93' lang='lat' dir='ltr'><strong>non</strong></span> 
     </span>
     <span class='ocr_line' id='line_1_61' title="bbox 77 3649 1693 3726; baseline 0.002 -17"><span class='ocrx_word' id='word_1_501' title='bbox 77 3655 163 3709; x_wconf 84' lang='lat' dir='ltr'><strong>entur</strong></span> <span class='ocrx_word' id='word_1_502' title='bbox 178 3651 272 3705; x_wconf 84' lang='lat' dir='ltr'><strong>inviti.</strong></span> <span class='ocrx_word' id='word_1_503' title='bbox 289 3652 452 3706; x_wconf 80' lang='lat' dir='ltr'><strong>Tuncrum</strong></span> <span class='ocrx_word' id='word_1_504' title='bbox 468 3650 535 3723; x_wconf 83' lang='lat' dir='ltr'><strong>igne</strong></span> <span class='ocrx_word' id='word_1_505' title='bbox 551 3654 632 3706; x_wconf 89' lang='lat' dir='ltr'><strong>tanta</strong></span> <span class='ocrx_word' id='word_1_506' title='bbox 647 3650 723 3706; x_wconf 88' lang='lat' dir='ltr'><strong>venti</strong></span> <span class='ocrx_word' id='word_1_507' title='bbox 739 3655 812 3706; x_wconf 90' lang='lat' dir='ltr'><strong>tem·</strong></span> <span class='ocrx_word' id='word_1_508' title='bbox 867 3649 1049 3705; x_wconf 88' lang='lat' dir='ltr'><strong>invenerunt.</strong></span> <span class='ocrx_word' id='word_1_509' title='bbox 1062 3664 1127 3703; x_wconf 91' lang='lat' dir='ltr'><strong>oum</strong></span> <span class='ocrx_word' id='word_1_510' title='bbox 1144 3664 1194 3719; x_wconf 92' lang='lat' dir='ltr'><strong>pro</strong></span> <span class='ocrx_word' id='word_1_511' title='bbox 1205 3649 1693 3726; x_wconf 84' lang='lat' dir='ltr'><strong>effeminaiagentearmasumpse·</strong></span> 
     </span>
     <span class='ocr_line' id='line_1_62' title="bbox 77 3736 1693 3815; baseline 0.001 -17"><span class='ocrx_word' id='word_1_512' title='bbox 77 3745 200 3798; x_wconf 78' lang='lat' dir='ltr'><strong>vexorta</strong></span> <span class='ocrx_word' id='word_1_513' title='bbox 225 3744 278 3805; x_wconf 89' lang='lat' dir='ltr'><strong>cst,</strong></span> <span class='ocrx_word' id='word_1_514' title='bbox 293 3741 370 3811; x_wconf 91' lang='lat' dir='ltr'><strong>quod</strong></span> <span class='ocrx_word' id='word_1_515' title='bbox 395 3744 509 3796; x_wconf 84' lang='lat' dir='ltr'><strong>tantum</strong></span> <span class='ocrx_word' id='word_1_516' title='bbox 535 3740 654 3795; x_wconf 89' lang='lat' dir='ltr'><strong>flamma</strong></span> <span class='ocrx_word' id='word_1_517' title='bbox 678 3738 813 3794; x_wconf 90' lang='lat' dir='ltr'><strong>invaluit·</strong></span> <span class='ocrx_word' id='word_1_518' title='bbox 869 3742 947 3794; x_wconf 93' lang='lat' dir='ltr'><strong>runt.</strong></span> <span class='ocrx_word' id='word_1_519' title='bbox 964 3736 1693 3815; x_wconf 77' lang='lat' dir='ltr'><strong>Tamenadhueite,illisquerenuntiatequoniam,</strong></span> 
     </span>
     <span class='ocr_line' id='line_1_63' title="bbox 80 3825 1696 3902; baseline 0.002 -17"><span class='ocrx_word' id='word_1_520' title='bbox 80 3845 177 3900; x_wconf 85' lang='lat' dir='ltr'><strong>usque</strong></span> <span class='ocrx_word' id='word_1_521' title='bbox 192 3828 228 3883; x_wconf 86' lang='lat' dir='ltr'><strong>ud</strong></span> <span class='ocrx_word' id='word_1_522' title='bbox 244 3829 300 3883; x_wconf 90' lang='lat' dir='ltr'><strong>dno</strong></span> <span class='ocrx_word' id='word_1_523' title='bbox 318 3827 410 3884; x_wconf 87' lang='lat' dir='ltr'><strong>millio</strong></span> <span class='ocrx_word' id='word_1_524' title='bbox 421 3829 575 3884; x_wconf 88' lang='lat' dir='ltr'><strong>domorum</strong></span> <span class='ocrx_word' id='word_1_525' title='bbox 591 3826 815 3884; x_wconf 88' lang='lat' dir='ltr'><strong>eteoclesiarum</strong></span> <span class='ocrx_word' id='word_1_526' title='bbox 869 3827 894 3883; x_wconf 91' lang='lat' dir='ltr'><strong>si</strong></span> <span class='ocrx_word' id='word_1_527' title='bbox 909 3825 1195 3881; x_wconf 83' lang='lat' dir='ltr'><strong>voluntllrnmsuum</strong></span> <span class='ocrx_word' id='word_1_528' title='bbox 1205 3828 1696 3902; x_wconf 77' lang='lat' dir='ltr'><strong>abnegaresuaequeChristianitati</strong></span> 
     </span>
     <span class='ocr_line' id='line_1_64' title="bbox 77 3914 1695 3992; baseline 0.002 -19"><span class='ocrx_word' id='word_1_529' title='bbox 77 3917 194 3974; x_wconf 79' lang='lat' dir='ltr'><strong>usserit.</strong></span> <span class='ocrx_word' id='word_1_530' title='bbox 210 3917 678 3973; x_wconf 76' lang='lat' dir='ltr'><strong>boamundusutvidittlummam</strong></span> <span class='ocrx_word' id='word_1_531' title='bbox 690 3917 817 3990; x_wconf 85' lang='lat' dir='ltr'><strong>ignisito</strong></span> <span class='ocrx_word' id='word_1_532' title='bbox 870 3914 1047 3982; x_wconf 87' lang='lat' dir='ltr'><strong>renuntiare,</strong></span> <span class='ocrx_word' id='word_1_533' title='bbox 1074 3914 1103 3969; x_wconf 90' lang='lat' dir='ltr'><strong>in</strong></span> <span class='ocrx_word' id='word_1_534' title='bbox 1120 3916 1243 3988; x_wconf 85' lang='lat' dir='ltr'><strong>gratiam</strong></span> <span class='ocrx_word' id='word_1_535' title='bbox 1259 3933 1361 3973; x_wconf 90' lang='lat' dir='ltr'><strong>omnes</strong></span> <span class='ocrx_word' id='word_1_536' title='bbox 1384 3920 1569 3992; x_wconf 86' lang='lat' dir='ltr'><strong>recipiemus,</strong></span> <span class='ocrx_word' id='word_1_537' title='bbox 1591 3924 1619 3977; x_wconf 92' lang='lat' dir='ltr'><strong>et</strong></span> <span class='ocrx_word' id='word_1_538' title='bbox 1635 3926 1695 3977; x_wconf 90' lang='lat' dir='ltr'><strong>ter·</strong></span> 
     </span>
     <span class='ocr_line' id='line_1_65' title="bbox 77 4003 1698 4080; baseline 0.004 -19"><span class='ocrx_word' id='word_1_539' title='bbox 77 4021 151 4080; x_wconf 70' lang='lat' dir='ltr'><strong>gere,</strong></span> <span class='ocrx_word' id='word_1_540' title='bbox 174 4005 347 4078; x_wconf 87' lang='lat' dir='ltr'><strong>poenitentia</strong></span> <span class='ocrx_word' id='word_1_541' title='bbox 372 4007 477 4061; x_wconf 90' lang='lat' dir='ltr'><strong>duetus</strong></span> <span class='ocrx_word' id='word_1_542' title='bbox 502 4006 688 4061; x_wconf 88' lang='lat' dir='ltr'><strong>vehementer</strong></span> <span class='ocrx_word' id='word_1_543' title='bbox 712 4005 814 4074; x_wconf 91' lang='lat' dir='ltr'><strong>doluit,</strong></span> <span class='ocrx_word' id='word_1_544' title='bbox 870 4021 933 4061; x_wconf 89' lang='lat' dir='ltr'><strong>ram</strong></span> <span class='ocrx_word' id='word_1_545' title='bbox 949 4003 1024 4059; x_wconf 90' lang='lat' dir='ltr'><strong>hano</strong></span> <span class='ocrx_word' id='word_1_546' title='bbox 1038 4003 1080 4060; x_wconf 89' lang='lat' dir='ltr'><strong>eis</strong></span> <span class='ocrx_word' id='word_1_547' title='bbox 1095 4003 1280 4071; x_wconf 88' lang='lat' dir='ltr'><strong>donabimus,</strong></span> <span class='ocrx_word' id='word_1_548' title='bbox 1298 4010 1325 4061; x_wconf 89' lang='lat' dir='ltr'><strong>et</strong></span> <span class='ocrx_word' id='word_1_549' title='bbox 1337 4007 1429 4063; x_wconf 87' lang='lat' dir='ltr'><strong>multo</strong></span> <span class='ocrx_word' id='word_1_550' title='bbox 1443 4008 1605 4064; x_wconf 91' lang='lat' dir='ltr'><strong>meliorem:</strong></span> <span class='ocrx_word' id='word_1_551' title='bbox 1622 4010 1698 4067; x_wconf 85' lang='lat' dir='ltr'><strong>etde</strong></span> 
     </span>
     <span class='ocr_line' id='line_1_66' title="bbox 79 4091 1698 4171; baseline 0.002 -20"><span class='ocrx_word' id='word_1_552' title='bbox 79 4111 129 4151; x_wconf 87' lang='lat' dir='ltr'><strong>am</strong></span> <span class='ocrx_word' id='word_1_553' title='bbox 145 4094 180 4149; x_wconf 93' lang='lat' dir='ltr'><strong>de</strong></span> <span class='ocrx_word' id='word_1_554' title='bbox 195 4092 318 4149; x_wconf 88' lang='lat' dir='ltr'><strong>eeclesia</strong></span> <span class='ocrx_word' id='word_1_555' title='bbox 332 4093 426 4149; x_wconf 83' lang='lat' dir='ltr'><strong>Reatri</strong></span> <span class='ocrx_word' id='word_1_556' title='bbox 442 4095 516 4149; x_wconf 88' lang='lat' dir='ltr'><strong>Petri</strong></span> <span class='ocrx_word' id='word_1_557' title='bbox 529 4099 693 4166; x_wconf 76' lang='lat' dir='ltr'><strong>sanctaque</strong></span> <span class='ocrx_word' id='word_1_558' title='bbox 709 4095 816 4168; x_wconf 87' lang='lat' dir='ltr'><strong>Deige·</strong></span> <span class='ocrx_word' id='word_1_559' title='bbox 871 4091 1008 4149; x_wconf 90' lang='lat' dir='ltr'><strong>omnibus</strong></span> <span class='ocrx_word' id='word_1_560' title='bbox 1022 4092 1134 4164; x_wconf 88' lang='lat' dir='ltr'><strong>equites</strong></span> <span class='ocrx_word' id='word_1_561' title='bbox 1151 4093 1301 4150; x_wconf 89' lang='lat' dir='ltr'><strong>faciemus.</strong></span> <span class='ocrx_word' id='word_1_562' title='bbox 1319 4096 1400 4161; x_wconf 90' lang='lat' dir='ltr'><strong>Quod</strong></span> <span class='ocrx_word' id='word_1_563' title='bbox 1417 4096 1441 4152; x_wconf 91' lang='lat' dir='ltr'><strong>si</strong></span> <span class='ocrx_word' id='word_1_564' title='bbox 1457 4098 1550 4153; x_wconf 84' lang='lat' dir='ltr'><strong>faeere</strong></span> <span class='ocrx_word' id='word_1_565' title='bbox 1565 4099 1698 4171; x_wconf 85' lang='lat' dir='ltr'><strong>neglexe-</strong></span> 
     </span>
     <span class='ocr_line' id='line_1_67' title="bbox 77 4180 1698 4254; baseline 0.002 -15"><span class='ocrx_word' id='word_1_566' title='bbox 77 4182 104 4239; x_wconf 87' lang='lat' dir='ltr'><strong>is</strong></span> <span class='ocrx_word' id='word_1_567' title='bbox 119 4182 228 4250; x_wconf 77' lang='lat' dir='ltr'><strong>Marica,</strong></span> <span class='ocrx_word' id='word_1_568' title='bbox 246 4181 405 4254; x_wconf 90' lang='lat' dir='ltr'><strong>multisque</strong></span> <span class='ocrx_word' id='word_1_569' title='bbox 421 4183 487 4238; x_wconf 87' lang='lat' dir='ltr'><strong>aliis</strong></span> <span class='ocrx_word' id='word_1_570' title='bbox 501 4182 663 4254; x_wconf 88' lang='lat' dir='ltr'><strong>pertimuit.</strong></span> <span class='ocrx_word' id='word_1_571' title='bbox 684 4183 817 4238; x_wconf 88' lang='lat' dir='ltr'><strong>Duravit·</strong></span> <span class='ocrx_word' id='word_1_572' title='bbox 872 4180 941 4249; x_wconf 91' lang='lat' dir='ltr'><strong>rint,</strong></span> <span class='ocrx_word' id='word_1_573' title='bbox 959 4197 1060 4237; x_wconf 87' lang='lat' dir='ltr'><strong>omnes</strong></span> <span class='ocrx_word' id='word_1_574' title='bbox 1076 4181 1105 4235; x_wconf 92' lang='lat' dir='ltr'><strong>in</strong></span> <span class='ocrx_word' id='word_1_575' title='bbox 1122 4181 1254 4253; x_wconf 87' lang='lat' dir='ltr'><strong>proximo</strong></span> <span class='ocrx_word' id='word_1_576' title='bbox 1270 4183 1433 4253; x_wconf 86' lang='lat' dir='ltr'><strong>morientur</strong></span> <span class='ocrx_word' id='word_1_577' title='bbox 1448 4190 1499 4240; x_wconf 89' lang='lat' dir='ltr'><strong>aut</strong></span> <span class='ocrx_word' id='word_1_578' title='bbox 1514 4186 1651 4243; x_wconf 87' lang='lat' dir='ltr'><strong>vinculati</strong></span> <span class='ocrx_word' id='word_1_579' title='bbox 1667 4187 1698 4243; x_wconf 92' lang='lat' dir='ltr'><strong>in</strong></span> 
     </span>
     <span class='ocr_line' id='line_1_68' title="bbox 77 4270 1697 4344; baseline 0.002 -16"><span class='ocrx_word' id='word_1_580' title='bbox 77 4270 231 4328; x_wconf 75' lang='lat' dir='ltr'><strong>scendium</strong></span> <span class='ocrx_word' id='word_1_581' title='bbox 247 4271 283 4325; x_wconf 88' lang='lat' dir='ltr'><strong>ab</strong></span> <span class='ocrx_word' id='word_1_582' title='bbox 299 4271 370 4326; x_wconf 85' lang='lat' dir='ltr'><strong>born</strong></span> <span class='ocrx_word' id='word_1_583' title='bbox 385 4271 440 4327; x_wconf 86' lang='lat' dir='ltr'><strong>diei</strong></span> <span class='ocrx_word' id='word_1_584' title='bbox 454 4272 540 4327; x_wconf 85' lang='lat' dir='ltr'><strong>tertia</strong></span> <span class='ocrx_word' id='word_1_585' title='bbox 556 4288 610 4343; x_wconf 93' lang='lat' dir='ltr'><strong>usq</strong></span> <span class='ocrx_word' id='word_1_586' title='bbox 635 4271 689 4327; x_wconf 93' lang='lat' dir='ltr'><strong>oin</strong></span> <span class='ocrx_word' id='word_1_587' title='bbox 704 4276 817 4327; x_wconf 88' lang='lat' dir='ltr'><strong>noctem</strong></span> <span class='ocrx_word' id='word_1_588' title='bbox 873 4274 1117 4326; x_wconf 89' lang='lat' dir='ltr'><strong>terramnostram</strong></span> <span class='ocrx_word' id='word_1_589' title='bbox 1131 4271 1367 4343; x_wconf 89' lang='lat' dir='ltr'><strong>captivabuntur.</strong></span> <span class='ocrx_word' id='word_1_590' title='bbox 1377 4274 1466 4329; x_wconf 91' lang='lat' dir='ltr'><strong>»Post</strong></span> <span class='ocrx_word' id='word_1_591' title='bbox 1476 4274 1536 4330; x_wconf 76' lang='lat' dir='ltr'><strong>heo</strong></span> <span class='ocrx_word' id='word_1_592' title='bbox 1546 4274 1697 4344; x_wconf 86' lang='lat' dir='ltr'><strong>Heluinus,</strong></span> 
     </span>
    </p>
   </div>
   <div class='ocr_carea' id='block_1_10' title="bbox 77 4359 827 5406">
    <p class='ocr_par' dir='ltr' id='par_1_10' title="bbox 77 4359 817 4594">
     <span class='ocr_line' id='line_1_69' title="bbox 77 4359 817 4432; baseline -0.001 -16"><span class='ocrx_word' id='word_1_593' title='bbox 77 4376 128 4428; x_wconf 86' lang='lat' dir='ltr'><strong>nn,</strong></span> <span class='ocrx_word' id='word_1_594' title='bbox 144 4363 172 4415; x_wconf 91' lang='lat' dir='ltr'><strong>et</strong></span> <span class='ocrx_word' id='word_1_595' title='bbox 189 4360 230 4416; x_wconf 88' lang='lat' dir='ltr'><strong>sic</strong></span> <span class='ocrx_word' id='word_1_596' title='bbox 245 4360 331 4415; x_wconf 90' lang='lat' dir='ltr'><strong>flante</strong></span> <span class='ocrx_word' id='word_1_597' title='bbox 346 4366 431 4415; x_wconf 88' lang='lat' dir='ltr'><strong>vento</strong></span> <span class='ocrx_word' id='word_1_598' title='bbox 446 4378 463 4416; x_wconf 92' lang='lat' dir='ltr'><strong>a</strong></span> <span class='ocrx_word' id='word_1_599' title='bbox 478 4364 559 4432; x_wconf 88' lang='lat' dir='ltr'><strong>parte</strong></span> <span class='ocrx_word' id='word_1_600' title='bbox 582 4361 709 4431; x_wconf 83' lang='lat' dir='ltr'><strong>dextera,</strong></span> <span class='ocrx_word' id='word_1_601' title='bbox 727 4359 755 4415; x_wconf 91' lang='lat' dir='ltr'><strong>in</strong></span> <span class='ocrx_word' id='word_1_602' title='bbox 772 4377 817 4415; x_wconf 90' lang='lat' dir='ltr'><strong>se-</strong></span> 
     </span>
     <span class='ocr_line' id='line_1_70' title="bbox 77 4449 422 4506; baseline -0.009 0"><span class='ocrx_word' id='word_1_603' title='bbox 77 4467 85 4506; x_wconf 88' lang='grc' dir='ltr'>ι</span> <span class='ocrx_word' id='word_1_604' title='bbox 101 4464 218 4505; x_wconf 88' lang='lat' dir='ltr'><strong>reversa</strong></span> <span class='ocrx_word' id='word_1_605' title='bbox 232 4453 277 4504; x_wconf 87' lang='lat' dir='ltr'><strong>est</strong></span> <span class='ocrx_word' id='word_1_606' title='bbox 293 4449 422 4504; x_wconf 89' lang='lat' dir='ltr'><strong>flamma.</strong></span> 
     </span>
     <span class='ocr_line' id='line_1_71' title="bbox 261 4538 489 4594; baseline 0.009 -3"><span class='ocrx_word' id='word_1_607' title='bbox 261 4570 264 4574; x_wconf 92' lang='lat'><em>-</em></span> <span class='ocrx_word' id='word_1_608' title='bbox 326 4538 444 4594; x_wconf 72' lang='lat' dir='ltr'>CAPUT</span> <span class='ocrx_word' id='word_1_609' title='bbox 464 4538 489 4594; x_wconf 93' lang='lat' dir='ltr'><strong>ll</strong></span> 
     </span>
    </p>

    <p class='ocr_par' dir='ltr' id='par_1_11' title="bbox 77 4625 827 5406">
     <span class='ocr_line' id='line_1_72' title="bbox 77 4625 821 4700; baseline -0.004 -16"><span class='ocrx_word' id='word_1_610' title='bbox 77 4643 153 4697; x_wconf 75' lang='lat' dir='ltr'><strong>acea,</strong></span> <span class='ocrx_word' id='word_1_611' title='bbox 170 4632 202 4682; x_wconf 92' lang='lat' dir='ltr'><strong>ut</strong></span> <span class='ocrx_word' id='word_1_612' title='bbox 219 4626 457 4700; x_wconf 79' lang='lat' dir='ltr'><strong>supradiximus,</strong></span> <span class='ocrx_word' id='word_1_613' title='bbox 474 4631 546 4682; x_wconf 88' lang='lat' dir='ltr'><strong>nutu</strong></span> <span class='ocrx_word' id='word_1_614' title='bbox 564 4626 613 4682; x_wconf 88' lang='lat' dir='ltr'><strong>Dei</strong></span> <span class='ocrx_word' id='word_1_615' title='bbox 631 4625 758 4693; x_wconf 87' lang='lat' dir='ltr'><strong>inventa,</strong></span> <span class='ocrx_word' id='word_1_616' title='bbox 774 4641 821 4681; x_wconf 87' lang='lat' dir='ltr'><strong>se-</strong></span> 
     </span>
     <span class='ocr_line' id='line_1_73' title="bbox 77 4715 820 4788; baseline -0.009 -13"><span class='ocrx_word' id='word_1_617' title='bbox 77 4733 91 4775; x_wconf 78' lang='lat' dir='ltr'><strong>s</strong></span> <span class='ocrx_word' id='word_1_618' title='bbox 105 4720 136 4773; x_wconf 78' lang='lat' dir='ltr'><strong>et</strong></span> <span class='ocrx_word' id='word_1_619' title='bbox 151 4715 462 4788; x_wconf 77' lang='lat' dir='ltr'><strong>magistratusrnilitiae</strong></span> <span class='ocrx_word' id='word_1_620' title='bbox 472 4715 627 4770; x_wconf 91' lang='lat' dir='ltr'><strong>consilium</strong></span> <span class='ocrx_word' id='word_1_621' title='bbox 638 4718 820 4787; x_wconf 89' lang='lat' dir='ltr'><strong>acceperunt,</strong></span> 
     </span>
     <span class='ocr_line' id='line_1_74' title="bbox 93 4803 822 4877; baseline -0.005 -15"><span class='ocrx_word' id='word_1_622' title='bbox 93 4804 246 4862; x_wconf 78' lang='lat' dir='ltr'><strong>corbanan</strong></span> <span class='ocrx_word' id='word_1_623' title='bbox 263 4803 437 4877; x_wconf 84' lang='lat' dir='ltr'><strong>legationem</strong></span> <span class='ocrx_word' id='word_1_624' title='bbox 454 4822 538 4860; x_wconf 89' lang='lat' dir='ltr'><strong>suam</strong></span> <span class='ocrx_word' id='word_1_625' title='bbox 555 4803 714 4869; x_wconf 89' lang='lat' dir='ltr'><strong>mitterent,</strong></span> <span class='ocrx_word' id='word_1_626' title='bbox 738 4804 822 4874; x_wconf 84' lang='lat' dir='ltr'><strong>sique</strong></span> 
     </span>
     <span class='ocr_line' id='line_1_75' title="bbox 77 4891 823 4965; baseline -0.005 -15"><span class='ocrx_word' id='word_1_627' title='bbox 77 4894 136 4950; x_wconf 88' lang='lat' dir='ltr'><strong>fata</strong></span> <span class='ocrx_word' id='word_1_628' title='bbox 156 4909 303 4965; x_wconf 87' lang='lat' dir='ltr'><strong>suumque</strong></span> <span class='ocrx_word' id='word_1_629' title='bbox 326 4892 481 4948; x_wconf 89' lang='lat' dir='ltr'><strong>consilium</strong></span> <span class='ocrx_word' id='word_1_630' title='bbox 498 4910 549 4964; x_wconf 90' lang='lat' dir='ltr'><strong>per</strong></span> <span class='ocrx_word' id='word_1_631' title='bbox 573 4894 760 4963; x_wconf 88' lang='lat' dir='ltr'><strong>interpretem</strong></span> <span class='ocrx_word' id='word_1_632' title='bbox 777 4891 823 4946; x_wconf 89' lang='lat' dir='ltr'><strong>sui</strong></span> 
     </span>
     <span class='ocr_line' id='line_1_76' title="bbox 77 4979 822 5053; baseline -0.009 -13"><span class='ocrx_word' id='word_1_633' title='bbox 77 4983 142 5040; x_wconf 87' lang='lat' dir='ltr'><strong>onis</strong></span> <span class='ocrx_word' id='word_1_634' title='bbox 157 4983 312 5038; x_wconf 90' lang='lat' dir='ltr'><strong>deferrent.</strong></span> <span class='ocrx_word' id='word_1_635' title='bbox 329 4982 461 5053; x_wconf 86' lang='lat' dir='ltr'><strong>Cumque</strong></span> <span class='ocrx_word' id='word_1_636' title='bbox 477 4982 511 5036; x_wconf 92' lang='lat' dir='ltr'><strong>de</strong></span> <span class='ocrx_word' id='word_1_637' title='bbox 524 4979 822 5051; x_wconf 83' lang='lat' dir='ltr'><strong>multisfreretinqui-</strong></span> 
     </span>
     <span class='ocr_line' id='line_1_77' title="bbox 89 5069 823 5143; baseline -0.008 -15"><span class='ocrx_word' id='word_1_638' title='bbox 89 5087 143 5128; x_wconf 83' lang='lat' dir='ltr'><strong>nco</strong></span> <span class='ocrx_word' id='word_1_639' title='bbox 158 5070 268 5143; x_wconf 86' lang='lat' dir='ltr'><strong>aliquis</strong></span> <span class='ocrx_word' id='word_1_640' title='bbox 291 5074 480 5143; x_wconf 80' lang='lat' dir='ltr'><strong>praesumeret</strong></span> <span class='ocrx_word' id='word_1_641' title='bbox 501 5070 561 5125; x_wconf 83' lang='lat' dir='ltr'><strong>haec</strong></span> <span class='ocrx_word' id='word_1_642' title='bbox 579 5070 652 5125; x_wconf 90' lang='lat' dir='ltr'><strong>ferre</strong></span> <span class='ocrx_word' id='word_1_643' title='bbox 675 5069 823 5134; x_wconf 89' lang='lat' dir='ltr'><strong>mandata,</strong></span> 
     </span>
     <span class='ocr_line' id='line_1_78' title="bbox 77 5159 824 5225; baseline -0.005 -9"><span class='ocrx_word' id='word_1_644' title='bbox 77 5176 115 5216; x_wconf 71' lang='lat' dir='ltr'><strong>tm</strong></span> <span class='ocrx_word' id='word_1_645' title='bbox 131 5160 189 5215; x_wconf 91' lang='lat' dir='ltr'><strong>duo</strong></span> <span class='ocrx_word' id='word_1_646' title='bbox 207 5159 314 5214; x_wconf 89' lang='lat' dir='ltr'><strong>inventi</strong></span> <span class='ocrx_word' id='word_1_647' title='bbox 327 5163 405 5225; x_wconf 88' lang='lat' dir='ltr'><strong>sunt,</strong></span> <span class='ocrx_word' id='word_1_648' title='bbox 423 5159 575 5221; x_wconf 85' lang='lat' dir='ltr'><strong>Heluinus,</strong></span> <span class='ocrx_word' id='word_1_649' title='bbox 593 5165 621 5214; x_wconf 87' lang='lat' dir='ltr'><strong>et</strong></span> <span class='ocrx_word' id='word_1_650' title='bbox 643 5159 746 5213; x_wconf 89' lang='lat' dir='ltr'><strong>Petrus</strong></span> <span class='ocrx_word' id='word_1_651' title='bbox 760 5175 824 5213; x_wconf 89' lang='lat' dir='ltr'><strong>ere-</strong></span> 
     </span>
     <span class='ocr_line' id='line_1_79' title="bbox 77 5247 825 5319; baseline -0.004 -16"><span class='ocrx_word' id='word_1_652' title='bbox 77 5247 131 5305; x_wconf 83' lang='lat' dir='ltr'><strong>.Hi</strong></span> <span class='ocrx_word' id='word_1_653' title='bbox 155 5264 223 5303; x_wconf 89' lang='lat' dir='ltr'><strong>cum</strong></span> <span class='ocrx_word' id='word_1_654' title='bbox 249 5247 406 5319; x_wconf 90' lang='lat' dir='ltr'><strong>interprete</strong></span> <span class='ocrx_word' id='word_1_655' title='bbox 428 5247 482 5301; x_wconf 91' lang='lat' dir='ltr'><strong>iter</strong></span> <span class='ocrx_word' id='word_1_656' title='bbox 507 5265 592 5302; x_wconf 89' lang='lat' dir='ltr'><strong>suum</strong></span> <span class='ocrx_word' id='word_1_657' title='bbox 609 5248 644 5302; x_wconf 89' lang='lat' dir='ltr'><strong>ud</strong></span> <span class='ocrx_word' id='word_1_658' title='bbox 662 5249 825 5302; x_wconf 82' lang='lat' dir='ltr'><strong>&#39;lurcorum</strong></span> 
     </span>
     <span class='ocr_line' id='line_1_80' title="bbox 77 5334 827 5406; baseline -0.003 -13"><span class='ocrx_word' id='word_1_659' title='bbox 77 5353 95 5393; x_wconf 88' lang='lat' dir='ltr'><strong>a</strong></span> <span class='ocrx_word' id='word_1_660' title='bbox 109 5335 287 5402; x_wconf 80' lang='lat' dir='ltr'><strong>direxerunt,</strong></span> <span class='ocrx_word' id='word_1_661' title='bbox 302 5334 369 5391; x_wconf 91' lang='lat' dir='ltr'><strong>dein</strong></span> <span class='ocrx_word' id='word_1_662' title='bbox 380 5335 416 5391; x_wconf 90' lang='lat' dir='ltr'><strong>ad</strong></span> <span class='ocrx_word' id='word_1_663' title='bbox 434 5335 584 5391; x_wconf 86' lang='lat' dir='ltr'><strong>Cerbanan</strong></span> <span class='ocrx_word' id='word_1_664' title='bbox 596 5335 721 5390; x_wconf 85' lang='lat' dir='ltr'><strong>tentoria</strong></span> <span class='ocrx_word' id='word_1_665' title='bbox 731 5350 827 5406; x_wconf 88' lang='lat' dir='ltr'><strong>perve-</strong></span> 
     </span>
    </p>
   </div>
   <div class='ocr_carea' id='block_1_11' title="bbox 874 4358 1701 4522">
    <p class='ocr_par' dir='ltr' id='par_1_12' title="bbox 874 4358 1701 4522">
     <span class='ocr_line' id='line_1_81' title="bbox 874 4358 1700 4434; baseline 0.005 -18"><span class='ocrx_word' id='word_1_666' title='bbox 874 4359 924 4432; x_wconf 91' lang='lat' dir='ltr'><strong>qui</strong></span> <span class='ocrx_word' id='word_1_667' title='bbox 936 4358 1052 4415; x_wconf 87' lang='lat' dir='ltr'><strong>illorum</strong></span> <span class='ocrx_word' id='word_1_668' title='bbox 1067 4364 1184 4415; x_wconf 88' lang='lat' dir='ltr'><strong>neverat</strong></span> <span class='ocrx_word' id='word_1_669' title='bbox 1199 4358 1341 4433; x_wconf 84' lang='lat' dir='ltr'><strong>linguam.</strong></span> <span class='ocrx_word' id='word_1_670' title='bbox 1352 4361 1477 4434; x_wconf 76' lang='lat' dir='ltr'><strong>subJ&#39;eeit</strong></span> <span class='ocrx_word' id='word_1_671' title='bbox 1486 4363 1576 4419; x_wconf 88' lang='lat' dir='ltr'><strong>etait:</strong></span> <span class='ocrx_word' id='word_1_672' title='bbox 1587 4365 1644 4433; x_wconf 70' lang='lat'>(54)</span> <span class='ocrx_word' id='word_1_673' title='bbox 1654 4364 1700 4420; x_wconf 77' lang='grc' dir='ltr'><strong>«Ο</strong></span> 
     </span>
     <span class='ocr_line' id='line_1_82' title="bbox 875 4447 1701 4522; baseline 0.006 -19"><span class='ocrx_word' id='word_1_674' title='bbox 875 4448 1009 4522; x_wconf 87' lang='lat' dir='ltr'><strong>princeps</strong></span> <span class='ocrx_word' id='word_1_675' title='bbox 1019 4447 1130 4504; x_wconf 92' lang='lat' dir='ltr'><strong>nullius</strong></span> <span class='ocrx_word' id='word_1_676' title='bbox 1139 4448 1259 4518; x_wconf 77' lang='lat' dir='ltr'><strong>militie,</strong></span> <span class='ocrx_word' id='word_1_677' title='bbox 1270 4450 1320 4504; x_wconf 90' lang='lat' dir='ltr'><strong>sed</strong></span> <span class='ocrx_word' id='word_1_678' title='bbox 1332 4449 1422 4506; x_wconf 91' lang='lat' dir='ltr'><strong>totius</strong></span> <span class='ocrx_word' id='word_1_679' title='bbox 1432 4450 1560 4520; x_wconf 77' lang='lat' dir='ltr'><strong>malitia,</strong></span> <span class='ocrx_word' id='word_1_680' title='bbox 1573 4453 1597 4508; x_wconf 90' lang='lat' dir='ltr'><strong>si</strong></span> <span class='ocrx_word' id='word_1_681' title='bbox 1610 4452 1701 4508; x_wconf 89' lang='lat' dir='ltr'><strong>scires</strong></span> 
     </span>
    </p>
   </div>
   <div class='ocr_carea' id='block_1_12' title="bbox 837 4537 1699 4622">
    <p class='ocr_par' dir='ltr' id='par_1_13' title="bbox 837 4537 1699 4622">
     <span class='ocr_line' id='line_1_83' title="bbox 837 4537 1699 4622; baseline 0.007 -31"><span class='ocrx_word' id='word_1_682' title='bbox 837 4558 859 4622; x_wconf 75' lang='lat' dir='ltr'>D</span> <span class='ocrx_word' id='word_1_683' title='bbox 875 4555 962 4609; x_wconf 88' lang='lat' dir='ltr'><strong>quam</strong></span> <span class='ocrx_word' id='word_1_684' title='bbox 979 4537 1235 4594; x_wconf 87' lang='lat' dir='ltr'><strong>dementissimum</strong></span> <span class='ocrx_word' id='word_1_685' title='bbox 1250 4543 1294 4594; x_wconf 91' lang='lat' dir='ltr'><strong>est</strong></span> <span class='ocrx_word' id='word_1_686' title='bbox 1309 4539 1386 4611; x_wconf 90' lang='lat' dir='ltr'><strong>apud</strong></span> <span class='ocrx_word' id='word_1_687' title='bbox 1402 4539 1583 4597; x_wconf 88' lang='lat' dir='ltr'><strong>Christianos</strong></span> <span class='ocrx_word' id='word_1_688' title='bbox 1594 4540 1699 4597; x_wconf 85' lang='lat' dir='ltr'><strong>dicere:</strong></span> 
     </span>
    </p>
   </div>
   <div class='ocr_carea' id='block_1_13' title="bbox 876 4624 1707 5412">
    <p class='ocr_par' dir='ltr' id='par_1_14' title="bbox 876 4624 1707 5412">
     <span class='ocr_line' id='line_1_84' title="bbox 876 4624 1702 4703; baseline 0.006 -23"><span class='ocrx_word' id='word_1_689' title='bbox 876 4626 955 4698; x_wconf 82' lang='lat' dir='ltr'><strong>Nega</strong></span> <span class='ocrx_word' id='word_1_690' title='bbox 969 4624 1137 4681; x_wconf 90' lang='lat' dir='ltr'><strong>Dominum.</strong></span> <span class='ocrx_word' id='word_1_691' title='bbox 1156 4643 1308 4699; x_wconf 90' lang='lat' dir='ltr'><strong>nunquam</strong></span> <span class='ocrx_word' id='word_1_692' title='bbox 1320 4628 1355 4683; x_wconf 90' lang='lat' dir='ltr'><strong>de</strong></span> <span class='ocrx_word' id='word_1_693' title='bbox 1370 4632 1420 4683; x_wconf 90' lang='lat' dir='ltr'><strong>tuo</strong></span> <span class='ocrx_word' id='word_1_694' title='bbox 1436 4645 1484 4684; x_wconf 93' lang='lat' dir='ltr'><strong>ore</strong></span> <span class='ocrx_word' id='word_1_695' title='bbox 1495 4628 1607 4702; x_wconf 88' lang='lat' dir='ltr'><strong>polluto</strong></span> <span class='ocrx_word' id='word_1_696' title='bbox 1622 4646 1702 4703; x_wconf 84' lang='lat' dir='ltr'><strong>egre-</strong></span> 
     </span>
     <span class='ocr_line' id='line_1_85' title="bbox 877 4715 1702 4792; baseline 0.007 -24"><span class='ocrx_word' id='word_1_697' title='bbox 877 4715 994 4769; x_wconf 90' lang='lat' dir='ltr'><strong>deretur</strong></span> <span class='ocrx_word' id='word_1_698' title='bbox 1015 4715 1071 4770; x_wconf 89' lang='lat' dir='ltr'><strong>tole</strong></span> <span class='ocrx_word' id='word_1_699' title='bbox 1092 4715 1224 4772; x_wconf 87' lang='lat' dir='ltr'><strong>verbum.</strong></span> <span class='ocrx_word' id='word_1_700' title='bbox 1251 4716 1368 4773; x_wconf 87' lang='lat' dir='ltr'><strong>Scimus</strong></span> <span class='ocrx_word' id='word_1_701' title='bbox 1382 4734 1435 4790; x_wconf 92' lang='lat' dir='ltr'><strong>pro</strong></span> <span class='ocrx_word' id='word_1_702' title='bbox 1455 4722 1532 4774; x_wconf 90' lang='lat' dir='ltr'><strong>certo</strong></span> <span class='ocrx_word' id='word_1_703' title='bbox 1555 4717 1620 4792; x_wconf 90' lang='lat' dir='ltr'><strong>ipso</strong></span> <span class='ocrx_word' id='word_1_704' title='bbox 1644 4717 1702 4774; x_wconf 90' lang='lat' dir='ltr'><strong>Deo</strong></span> 
     </span>
     <span class='ocr_line' id='line_1_86' title="bbox 878 4803 1704 4880; baseline 0.007 -24"><span class='ocrx_word' id='word_1_705' title='bbox 878 4817 964 4874; x_wconf 92' lang='lat' dir='ltr'><strong>quem</strong></span> <span class='ocrx_word' id='word_1_706' title='bbox 980 4819 1086 4876; x_wconf 81' lang='lat' dir='ltr'><strong>negare</strong></span> <span class='ocrx_word' id='word_1_707' title='bbox 1102 4803 1209 4860; x_wconf 87' lang='lat' dir='ltr'><strong>suades</strong></span> <span class='ocrx_word' id='word_1_708' title='bbox 1221 4805 1377 4874; x_wconf 86' lang='lat' dir='ltr'><strong>revelante,</strong></span> <span class='ocrx_word' id='word_1_709' title='bbox 1394 4806 1464 4878; x_wconf 84' lang='lat' dir='ltr'><strong>quia</strong></span> <span class='ocrx_word' id='word_1_710' title='bbox 1475 4806 1505 4861; x_wconf 94' lang='lat' dir='ltr'><strong>in</strong></span> <span class='ocrx_word' id='word_1_711' title='bbox 1516 4806 1648 4880; x_wconf 86' lang='lat' dir='ltr'><strong>proximo</strong></span> <span class='ocrx_word' id='word_1_712' title='bbox 1660 4809 1704 4862; x_wconf 85' lang='lat' dir='ltr'><strong>ost</strong></span> 
     </span>
     <span class='ocr_line' id='line_1_87' title="bbox 878 4889 1704 4971; baseline 0.005 -25"><span class='ocrx_word' id='word_1_713' title='bbox 878 4894 978 4946; x_wconf 88' lang='lat' dir='ltr'><strong>nostra</strong></span> <span class='ocrx_word' id='word_1_714' title='bbox 993 4889 1083 4958; x_wconf 90' lang='lat' dir='ltr'><strong>salus,</strong></span> <span class='ocrx_word' id='word_1_715' title='bbox 1101 4896 1130 4947; x_wconf 84' lang='lat' dir='ltr'><strong>et</strong></span> <span class='ocrx_word' id='word_1_716' title='bbox 1144 4897 1238 4948; x_wconf 90' lang='lat' dir='ltr'><strong>vester</strong></span> <span class='ocrx_word' id='word_1_717' title='bbox 1251 4893 1403 4971; x_wconf 73' lang='lat' dir='ltr'><strong>interitus;</strong></span> <span class='ocrx_word' id='word_1_718' title='bbox 1418 4900 1549 4952; x_wconf 87' lang='lat' dir='ltr'><strong>nostrum</strong></span> <span class='ocrx_word' id='word_1_719' title='bbox 1561 4895 1704 4969; x_wconf 85' lang='lat' dir='ltr'><strong>gaudium</strong></span> 
     </span>
     <span class='ocr_line' id='line_1_88' title="bbox 878 4980 1707 5048; baseline 0.007 -13"><span class='ocrx_word' id='word_1_720' title='bbox 878 4983 907 5035; x_wconf 90' lang='lat' dir='ltr'><strong>et</strong></span> <span class='ocrx_word' id='word_1_721' title='bbox 921 4986 1048 5035; x_wconf 87' lang='lat' dir='ltr'><strong>vestrum</strong></span> <span class='ocrx_word' id='word_1_722' title='bbox 1065 4980 1284 5037; x_wconf 89' lang='lat' dir='ltr'><strong>detrimentum.</strong></span> <span class='ocrx_word' id='word_1_723' title='bbox 1298 4983 1441 5048; x_wconf 84' lang='lat' dir='ltr'><strong>Quisvero</strong></span> <span class='ocrx_word' id='word_1_724' title='bbox 1451 4985 1707 5042; x_wconf 81' lang='lat' dir='ltr'><strong>serovobistraua·</strong></span> 
     </span>
     <span class='ocr_line' id='line_1_89' title="bbox 879 5067 1706 5143; baseline 0.008 -21"><span class='ocrx_word' id='word_1_725' title='bbox 879 5068 961 5123; x_wconf 91' lang='lat' dir='ltr'><strong>misit</strong></span> <span class='ocrx_word' id='word_1_726' title='bbox 983 5067 1092 5140; x_wconf 84' lang='lat' dir='ltr'><strong>ignem,</strong></span> <span class='ocrx_word' id='word_1_727' title='bbox 1119 5067 1169 5139; x_wconf 94' lang='lat' dir='ltr'><strong>qui</strong></span> <span class='ocrx_word' id='word_1_728' title='bbox 1189 5086 1239 5125; x_wconf 85' lang='lat' dir='ltr'><strong>vos</strong></span> <span class='ocrx_word' id='word_1_729' title='bbox 1254 5068 1295 5125; x_wconf 88' lang='lat' dir='ltr'><strong>ite</strong></span> <span class='ocrx_word' id='word_1_730' title='bbox 1319 5074 1484 5143; x_wconf 87' lang='lat' dir='ltr'><strong>perterruit,</strong></span> <span class='ocrx_word' id='word_1_731' title='bbox 1501 5079 1529 5130; x_wconf 91' lang='lat' dir='ltr'><strong>et</strong></span> <span class='ocrx_word' id='word_1_732' title='bbox 1545 5075 1580 5130; x_wconf 89' lang='lat' dir='ltr'><strong>de</strong></span> <span class='ocrx_word' id='word_1_733' title='bbox 1599 5073 1662 5130; x_wconf 88' lang='lat' dir='ltr'><strong>loco</strong></span> <span class='ocrx_word' id='word_1_734' title='bbox 1676 5072 1706 5129; x_wconf 90' lang='lat' dir='ltr'><strong>in</strong></span> 
     </span>
     <span class='ocr_line' id='line_1_90' title="bbox 880 5155 1705 5237; baseline 0.007 -26"><span class='ocrx_word' id='word_1_735' title='bbox 880 5173 937 5229; x_wconf 92' lang='lat' dir='ltr'><strong>quo</strong></span> <span class='ocrx_word' id='word_1_736' title='bbox 951 5155 1076 5212; x_wconf 85' lang='lat' dir='ltr'><strong>tentoria</strong></span> <span class='ocrx_word' id='word_1_737' title='bbox 1091 5156 1220 5213; x_wconf 78' lang='lat' dir='ltr'><strong>fixeratis</strong></span> <span class='ocrx_word' id='word_1_738' title='bbox 1236 5157 1278 5213; x_wconf 89' lang='lat' dir='ltr'><strong>ita</strong></span> <span class='ocrx_word' id='word_1_739' title='bbox 1293 5162 1493 5231; x_wconf 82' lang='lat' dir='ltr'><strong>perturbavit?</strong></span> <span class='ocrx_word' id='word_1_740' title='bbox 1504 5163 1628 5237; x_wconf 87' lang='lat' dir='ltr'><strong>Signum</strong></span> <span class='ocrx_word' id='word_1_741' title='bbox 1639 5162 1705 5231; x_wconf 89' lang='lat' dir='ltr'><strong>hoo,</strong></span> 
     </span>
     <span class='ocr_line' id='line_1_91' title="bbox 881 5245 1707 5323; baseline 0.007 -23"><span class='ocrx_word' id='word_1_742' title='bbox 881 5245 910 5300; x_wconf 85' lang='lat' dir='ltr'><strong>in</strong></span> <span class='ocrx_word' id='word_1_743' title='bbox 936 5249 1102 5318; x_wconf 87' lang='lat' dir='ltr'><strong>portentum</strong></span> <span class='ocrx_word' id='word_1_744' title='bbox 1115 5245 1212 5300; x_wconf 90' lang='lat' dir='ltr'><strong>veniet</strong></span> <span class='ocrx_word' id='word_1_745' title='bbox 1228 5247 1324 5315; x_wconf 89' lang='lat' dir='ltr'><strong>vobis;</strong></span> <span class='ocrx_word' id='word_1_746' title='bbox 1342 5248 1436 5317; x_wconf 76' lang='lat' dir='ltr'><strong>nobiS,</strong></span> <span class='ocrx_word' id='word_1_747' title='bbox 1454 5251 1631 5309; x_wconf 88' lang='lat' dir='ltr'><strong>insalutem:</strong></span> <span class='ocrx_word' id='word_1_748' title='bbox 1649 5267 1707 5323; x_wconf 91' lang='lat' dir='ltr'><strong>quo</strong></span> 
     </span>
     <span class='ocr_line' id='line_1_92' title="bbox 881 5333 1706 5412; baseline 0.005 -22"><span class='ocrx_word' id='word_1_749' title='bbox 881 5334 960 5390; x_wconf 87' lang='lat' dir='ltr'><strong>niam</strong></span> <span class='ocrx_word' id='word_1_750' title='bbox 976 5333 1070 5407; x_wconf 88' lang='lat' dir='ltr'><strong>ipsius</strong></span> <span class='ocrx_word' id='word_1_751' title='bbox 1085 5334 1135 5390; x_wconf 88' lang='lat' dir='ltr'><strong>Dei</strong></span> <span class='ocrx_word' id='word_1_752' title='bbox 1152 5335 1244 5392; x_wconf 86' lang='lat' dir='ltr'><strong>nostri</strong></span> <span class='ocrx_word' id='word_1_753' title='bbox 1261 5340 1371 5393; x_wconf 85' lang='lat' dir='ltr'><strong>certam</strong></span> <span class='ocrx_word' id='word_1_754' title='bbox 1386 5336 1454 5397; x_wconf 89' lang='lat' dir='ltr'><strong>inde</strong></span> <span class='ocrx_word' id='word_1_755' title='bbox 1469 5341 1612 5398; x_wconf 89' lang='lat' dir='ltr'><strong>habemus</strong></span> <span class='ocrx_word' id='word_1_756' title='bbox 1628 5340 1706 5412; x_wconf 84' lang='lat' dir='ltr'><strong>lega-</strong></span> 
     </span>
    </p>
   </div>
   <div class='ocr_carea' id='block_1_14' title="bbox 562 5443 1148 5502">
    <p class='ocr_par' dir='ltr' id='par_1_15' title="bbox 562 5443 1148 5502">
     <span class='ocr_line' id='line_1_93' title="bbox 562 5443 1148 5502; baseline -0.003 0"><span class='ocrx_word' id='word_1_757' title='bbox 562 5443 715 5502; x_wconf 80' lang='lat' dir='ltr'><strong>NOTULAE</strong></span> <span class='ocrx_word' id='word_1_758' title='bbox 735 5444 968 5500; x_wconf 81' lang='lat' dir='ltr'><strong>MARGINALFS</strong></span> <span class='ocrx_word' id='word_1_759' title='bbox 988 5443 1047 5500; x_wconf 87' lang='lat' dir='ltr'><strong>MS.</strong></span> <span class='ocrx_word' id='word_1_760' title='bbox 1069 5443 1148 5500; x_wconf 87' lang='lat' dir='ltr'>COD.</span> 
     </span>
    </p>
   </div>
   <div class='ocr_carea' id='block_1_15' title="bbox 77 5533 829 5676">
    <p class='ocr_par' dir='ltr' id='par_1_16' title="bbox 77 5533 829 5676">
     <span class='ocr_line' id='line_1_94' title="bbox 77 5533 757 5608; baseline -0.01 -15"><span class='ocrx_word' id='word_1_761' title='bbox 77 5534 259 5607; x_wconf 79' lang='lat' dir='ltr'><strong>Francigenae</strong></span> <span class='ocrx_word' id='word_1_762' title='bbox 273 5539 375 5608; x_wconf 81' lang='lat' dir='ltr'><strong>gentes</strong></span> <span class='ocrx_word' id='word_1_763' title='bbox 390 5538 497 5590; x_wconf 89' lang='lat' dir='ltr'><strong>natura</strong></span> <span class='ocrx_word' id='word_1_764' title='bbox 511 5533 602 5588; x_wconf 89' lang='lat' dir='ltr'><strong>Marte</strong></span> <span class='ocrx_word' id='word_1_765' title='bbox 619 5534 757 5600; x_wconf 80' lang='lat' dir='ltr'><strong>furentes,</strong></span> 
     </span>
     <span class='ocr_line' id='line_1_95' title="bbox 77 5604 829 5676; baseline -0.003 -14"><span class='ocrx_word' id='word_1_766' title='bbox 77 5609 131 5664; x_wconf 70' lang='lat' dir='ltr'><strong>loe</strong></span> <span class='ocrx_word' id='word_1_767' title='bbox 147 5606 292 5663; x_wconf 87' lang='lat' dir='ltr'><strong>mandant</strong></span> <span class='ocrx_word' id='word_1_768' title='bbox 307 5605 422 5663; x_wconf 86' lang='lat' dir='ltr'><strong>Parthis</strong></span> <span class='ocrx_word' id='word_1_769' title='bbox 445 5609 478 5663; x_wconf 87' lang='lat' dir='ltr'><strong>ut</strong></span> <span class='ocrx_word' id='word_1_770' title='bbox 493 5604 552 5662; x_wconf 90' lang='lat' dir='ltr'><strong>siut</strong></span> <span class='ocrx_word' id='word_1_771' title='bbox 573 5605 608 5661; x_wconf 89' lang='lat' dir='ltr'><strong>od</strong></span> <span class='ocrx_word' id='word_1_772' title='bbox 624 5604 701 5661; x_wconf 88' lang='lat' dir='ltr'><strong>bella</strong></span> <span class='ocrx_word' id='word_1_773' title='bbox 722 5605 829 5676; x_wconf 84' lang='lat' dir='ltr'><strong>parati:</strong></span> 
     </span>
    </p>
   </div>
   <div class='ocr_carea' id='block_1_16' title="bbox 886 5533 1582 5682">
    <p class='ocr_par' dir='ltr' id='par_1_17' title="bbox 886 5533 1582 5682">
     <span class='ocr_line' id='line_1_96' title="bbox 886 5533 1582 5602; baseline 0.013 -14"><span class='ocrx_word' id='word_1_774' title='bbox 886 5533 942 5602; x_wconf 87' lang='lat'>(53)</span> <span class='ocrx_word' id='word_1_775' title='bbox 956 5534 1107 5589; x_wconf 83' lang='lat' dir='ltr'><strong>corbanan</strong></span> <span class='ocrx_word' id='word_1_776' title='bbox 1124 5535 1210 5602; x_wconf 79' lang='lat' dir='ltr'><strong>fatrrr,</strong></span> <span class='ocrx_word' id='word_1_777' title='bbox 1227 5540 1256 5591; x_wconf 91' lang='lat' dir='ltr'><strong>et</strong></span> <span class='ocrx_word' id='word_1_778' title='bbox 1271 5535 1378 5593; x_wconf 88' lang='lat' dir='ltr'><strong>uostris</strong></span> <span class='ocrx_word' id='word_1_779' title='bbox 1394 5537 1582 5597; x_wconf 86' lang='lat' dir='ltr'><strong>conviciatur.</strong></span> 
     </span>
     <span class='ocr_line' id='line_1_97' title="bbox 887 5603 1492 5682; baseline 0.007 -21"><span class='ocrx_word' id='word_1_780' title='bbox 887 5605 946 5676; x_wconf 78' lang='lat' dir='ltr'><strong>(el)</strong></span> <span class='ocrx_word' id='word_1_781' title='bbox 960 5605 1067 5662; x_wconf 85' lang='lat' dir='ltr'><strong>Servus</strong></span> <span class='ocrx_word' id='word_1_782' title='bbox 1081 5607 1111 5663; x_wconf 89' lang='lat' dir='ltr'><strong>et</strong></span> <span class='ocrx_word' id='word_1_783' title='bbox 1124 5603 1246 5663; x_wconf 82' lang='lat' dir='ltr'><strong>iste&#39;Dei</strong></span> <span class='ocrx_word' id='word_1_784' title='bbox 1262 5607 1492 5682; x_wconf 69' lang='lat' dir='ltr'><strong>conviciaturci.</strong></span> 
     </span>
    </p>
   </div>
   <div class='ocr_carea' id='block_1_17' title="bbox 0 0 1919 6006">
    <p class='ocr_par' dir='ltr' id='par_1_18' title="bbox 0 0 1919 6006">
     <span class='ocr_line' id='line_1_98' title="bbox 0 0 1919 6006; baseline 0 0"><span class='ocrx_word' id='word_1_785' title='bbox 0 0 1919 6006; x_wconf 95' lang='lat' dir='ltr'><strong> </strong></span> 
     </span>
    </p>
   </div>
  </div>
 </body>
</html>
