3816 6006
59 249 123 318 891

439 251 651 319 rumaren
672 252 840 316 annuos.
862 203 962 314 nrsr.
985 248 1191 314 arenosos.
1211 283 1248 295 -
1261 248 1336 314 us.
1358 248 1384 313 1.

1703 249 1764 316 858

59 391 217 463 sequenter
231 403 298 446 cum
314 387 430 461 agmine
445 390 534 444 denso
550 389 678 444 militnm
703 391 881 444 armatorum
897 386 925 453 Α
939 402 998 441 sua
1013 384 1127 440 roverti.
1143 386 1178 440 ut
1188 401 1256 440 oum
1267 384 1430 441 inJordane
1444 384 1565 441 llnmine
1580 386 1700 446 indilate
1710 388 1763 446 loti

60 478 232 553 remigando
256 478 455 551 posteritatem
477 478 663 535 sollicitabat.
688 478 786 534 Caetori
807 478 885 533 enim

59 585 195 642 proceres
206 567 255 624 alii
266 567 295 622 in
306 567 413 641 prima,
425 568 472 624 alii
485 568 515 623 in
526 569 655 624 secunda
666 568 884 640 aciepraibant.

60 659 117 716 Sed
129 674 197 714 curn
209 658 245 713 ab
256 661 380 730 utraque
390 662 471 730 parte
480 658 579 714 hostes
590 658 735 724 hostibus,
744 659 886 731 quantum

55 749 157 820 laetus
173 751 217 803 est
231 746 400 819 lapidis,vel
417 747 502 819 paulo
513 746 588 819 plus,
603 747 888 820 appropinquassent

60 836 140 893 illico
156 836 267 908 pedites
282 836 374 893 nostri
399 837 522 909 sagittas
543 837 572 891 in
598 836 664 891 illos
688 837 888 892 distendentes

54 926 472 999 Jecerunt.Congruentissime
488 943 556 981 mox
567 931 671 982 secuta
683 930 752 982 sunt
763 927 886 998 sagittas

60 1015 182 1083 lancea,
197 1016 268 1071 dum
283 1014 395 1087 equites
411 1015 514 1082 nostri,
535 1020 675 1088 tanquam
694 1016 888 1087 jurejurando

60 1121 165 1161 omnes
181 1105 303 1161 invicem
319 1104 668 1177 confirmassent,impetu
680 1104 841 1161 vehementi
854 1105 890 1159 ir·

59 1197 185 1250 ruerunt
199 1194 230 1249 in
245 1211 305 1260 eos,
317 1197 345 1250 et
360 1211 484 1265 quorum
498 1194 702 1267 quadrupedes
717 1212 805 1250 cursu
820 1198 890 1250 tunc

60 1300 120 1339 non
138 1284 257 1339 luerunt
271 1283 389 1339 celeres.
411 1284 549 1340 continno
573 1284 636 1339 neci
661 1285 806 1340 submersi
822 1289 892 1340 sunt

60 1390 153 1446 supra
167 1389 297 1428 sessores
323 1373 371 1428 ubi
396 1390 489 1444 parva
514 1372 592 1429 hora
608 1373 702 1445 spatio
720 1372 813 1430 multa
829 1391 891 1430 cor-

60 1479 134 1537 pora
144 1461 312 1535 palluerunt
326 1463 501 1518 exanimata.
513 1463 593 1518 'func
606 1463 689 1518 multi
705 1480 806 1519 eorum
817 1481 894 1520 mor·

59 1557 120 1607 tem
137 1556 311 1618 metuentes,
337 1553 534 1607 ascendebant
558 1553 696 1607 arborum
719 1553 891 1622 cacumina3

60 1641 114 1714 qui
136 1645 236 1697 tamen
263 1640 335 1696 inibi
355 1641 494 1713 sagittati,
520 1646 548 1697 et
567 1643 652 1696 morti
677 1641 748 1714 laesi,
775 1643 811 1697 ad
835 1648 893 1698 ter·

940 474 1074 541 luissent,
1092 480 1120 529 et
1131 474 1296 547 palmarum
1313 491 1409 530 ramos
1420 476 1497 547 apud
1513 476 1763 536 Jerichoinhorto

940 564 1060 619 Abrahae
1077 564 1153 619 dicto
1170 563 1364 637 collegissent,
1382 565 1524 622 [lobertus
1548 567 1765 625 Northmanno·

942 670 1007 708 rum
1024 669 1130 720 comes,
1149 653 1291 709 bobertus
1307 671 1405 711 comes
1425 654 1576 722 Flandriae,
1602 658 1768 714 Constanti·

941 742 1071 815 nopotirn
1095 743 1210 815 navigio
1224 744 1419 816 appetierunt,
1435 745 1539 800 deinde
1564 747 1715 803 Franciam
1732 749 1768 804 ad

942 831 1059 905 propria
1076 838 1287 889 remeaverunt.
1298 834 1489 906 ltaymuudus
1504 852 1570 892 vero
1586 853 1680 908 usque
1696 838 1768 894 Lao-

943 921 1049 976 diciam
1065 922 1153 994 Syria
1166 939 1317 995 regressus
1328 928 1381 988 est,
1398 927 1426 979 et
1440 923 1468 978 in
1485 926 1768 998 Constantinopolim

943 1010 1046 1066 relicta
1071 1028 1170 1078 uxore,
1195 1011 1225 1066 in
1249 1012 1383 1067 Laodicia
1407 1013 1565 1070 rediturus.
1585 1014 1649 1070 Dux
1671 1021 1768 1072 autem

944 1099 1118 1156 Godetridus
1135 1103 1246 1157 retento
1262 1102 1316 1157 sibi
1333 1103 1492 1170 Tancredo,
1509 1101 1611 1159 olatiis
1624 1103 1768 1176 pluribus,

945 1189 1141 1262 principatum
1154 1189 1449 1264 Hierosolymitauum
1462 1191 1635 1265 rexit,quem
1648 1210 1770 1251 consen-

945 1296 980 1335 su
996 1279 1129 1335 omnium
1146 1285 1313 1352 susceperat
1328 1281 1531 1337 obtinendum.

1260 1369 1375 1425 CAPUT
1390 1371 1460 1426 XXI.

946 1459 983 1514 lle
998 1459 1154 1515 Boamuado
1168 1468 1193 1515 el
1216 1460 1363 1526 Balaleisa,
1387 1470 1413 1517 et
1436 1477 1530 1517 eoram
1542 1465 1771 1535 peregrinatione.

983 1553 1054 1603 Cum
1079 1553 1177 1604 autern
1203 1550 1333 1605 audisset
1351 1551 1479 1607 domnus
1499 1552 1699 1622 Boamundus,
1723 1553 1773 1628 qui

947 1638 1106 1692 Antiochia
1126 1642 1196 1693 tuno
1211 1638 1440 1711 principabatur,
1456 1641 1499 1695 vir
1514 1643 1643 1713 prudens
1658 1647 1687 1698 et
1701 1647 1773 1700 stre·

61 1747 127 1786 ram
143 1730 298 1786 infeliciter
312 1730 496 1798 corruebant,
513 1730 633 1787 incursu
649 1731 679 1786 in
695 1749 744 1788 cos
760 1738 892 1804 penetra·
909 1767 931 1831 B
949 1744 1036 1792 uuus,
1047 1728 1212 1782 etdomnus
1225 1727 1385 1784 Balduinus
1396 1729 1505 1800 praelati
1518 1731 1773 1802 Godelridisrater,

59 1818 114 1875 bili
130 1821 206 1876 saeta
218 1819 347 1891 undique
363 1819 514 1875 Sarraceni
524 1819 728 1892 pertimebant.
747 1822 893 1879 Tentorus

60 1910 230 1976 transactis,
241 1910 375 1981 usquead
386 1908 535 1965 Ascalonis
547 1910 655 1964 moenia
666 1910 715 1980 qui
728 1917 895 1968 evaserunt,

61 1999 157 2073 fugati
173 2003 252 2055 sunt.
269 1999 336 2066 Quae
352 1997 454 2054 civitas
469 1998 665 2071 septingentis
680 2004 708 2054 et
720 1999 823 2073 viginti
840 2007 896 2057 sla·

62 2088 180 2145 diorum
197 2088 301 2161 spatiis
317 2089 353 2143 ab
366 2087 674 2160 Hierosoiymadistat.
687 2093 717 2143 ln
727 2090 822 2161 prima
833 2092 896 2162 qui-

62 2179 131 2234 dem
148 2177 208 2234 acie
224 2179 283 2233 dux
297 2194 398 2233 eorum
410 2176 615 2243 Larendalius,
627 2177 694 2234 licet
704 2183 789 2235 antea
806 2181 895 2235 Fran-

62 2284 113 2324 cos
128 2267 342 2340 vilipendisset,
359 2284 417 2322 non
435 2265 511 2321 lente
526 2266 642 2339 fuglens
657 2268 778 2323 dorsum
793 2269 894 2338 vertit3

63 2355 174 2430 quibus
189 2355 411 2411 tabernaculum
423 2372 510 2410 suum
523 2372 588 2410 cum
606 2358 717 2412 caeteris
730 2362 894 2426 extensum,

63 2450 93 2502 et
118 2444 242 2517 pecunia
267 2445 427 2510 munitum,
452 2444 561 2499 invitus
587 2444 716 2516 reliquit.
749 2448 895 2512 Quorsum

64 2533 170 2592 Franci
192 2534 328 2606 regressi,
352 2532 474 2589 victoria
493 2533 629 2604 jocundi,
654 2534 776 2591 Domino
799 2541 896 2608 grates

64 2623 163 2679 dando
179 2626 248 2678 sunt
264 2621 417 2695 regregati.
435 2623 517 2677 Tunc
533 2623 657 2695 ingrcssi
673 2629 742 2679 sunt
761 2626 896 2681 taberna-

64 2711 133 2769 cula
147 2728 260 2777 eorum,
276 2715 304 2767 et
319 2711 493 2767 invenerunt
507 2712 535 2765 in
553 2711 594 2767 eis
609 2728 695 2784 gazas
711 2712 830 2781 multas,
849 2732 893 2771 au-

67 2819 146 2868 rum,
163 2803 327 2873 argentum,
345 2798 443 2872 pallia,
461 2799 606 2873 induvias,
618 2801 730 2874 lapides
741 2804 895 2876 pretiosos,

66 2890 120 2964 qui
128 2889 255 2946 duodeni
267 2889 309 2945 sie
318 2889 522 2945 nominantur:
535 2890 897 2964 daspissapphirusphal-

67 2979 220 3046 cedonius,
238 2980 422 3051 smaragdus,
440 2996 591 3051 sareonpx,
609 2981 733 3048 sardius,
751 2982 897 3056 Chrisoly-

66 3069 149 3134 thus,
165 3067 305 3141 beryllus,
316 3068 457 3141 topazius,
466 3068 696 3141 chrisoprassus.
709 3070 895 3143 hyacinthus,

66 3157 262 3231 amethystus.
273 3157 454 3229 Repercrunt
464 3158 629 3214 etiamvasu
642 3160 813 3215 etutonsilia
824 3139 933 3216 mut-C
953 3157 1051 3212 divina
1065 3156 1245 3230 providentia
1267 3155 1381 3211 distulit
1396 3174 1460 3226 eOS,
1477 3156 1543 3230 plus
1558 3157 1587 3212 in
1603 3157 1777 3232 peragendis

65 3244 213 3314 litormia3
230 3245 344 3319 galeros
360 3250 488 3315 auratos,
512 3247 637 3303 annulos
653 3247 790 3320 optimos,
812 3268 896 3308 enses

64 3334 228 3401 mirabiles,
245 3351 402 3403 annonam,
420 3336 556 3404 farinam,
575 3341 734 3409 ceteraque
751 3339 895 3396 multaHa

63 3442 134 3482 vero
149 3429 233 3482 nocte
247 3423 307 3478 illio
322 3423 461 3496 hospitati
478 3430 557 3491 sunt,
574 3431 601 3480 et
617 3427 771 3499 pervigiles
782 3429 854 3485 bene
866 3446 896 3485 se

64 3517 320 3572 conservaverunt.
337 3513 409 3568 Nam
426 3512 472 3568 die
483 3514 617 3586 sequenti
632 3516 773 3587 putabant
787 3517 895 3574 bellum

67 3621 85 3659 a
100 3601 274 3661 Sarracenis
288 3601 430 3665 reiterari,
447 3602 497 3673 qui
514 3607 611 3658 lamen
626 3604 731 3660 limare
746 3606 897 3681 valdoper-

63 3690 159 3749 territi
176 3694 259 3747 nocte
275 3691 340 3763 ipsa
355 3708 458 3747 omnes
474 3692 660 3764 aufugerunt.
673 3696 734 3760 Quo
746 3713 830 3752 mane
846 3714 896 3770 per

65 3780 262 3854 exploratores
278 3785 437 3852 comperto,
450 3781 571 3837 vocibus
585 3780 735 3839 laudifluis
745 3785 836 3840 Deum
849 3787 894 3842 be·

65 3870 278 3927 nedixeruntet
287 3867 532 3941 glorificaverunt,
545 3871 596 3943 qui
612 3875 655 3927 tot
671 3872 763 3928 millia
775 3874 896 3946 perfido-

65 3977 134 4016 rum
146 3975 213 4015 raro
224 3959 350 4014 exercitu
361 3959 593 4016 Christianorum
605 3961 742 4034 dissipari
751 3964 894 4034 permisit.

65 4047 232 4106 emcdlctus
247 4064 316 4119 ergo
327 4049 414 4114 Deus,
424 4051 473 4120 qui
486 4065 541 4104 teon
557 4049 629 4106 dedit
640 4066 689 4106 nos
704 4052 735 4105 io
745 4055 897 4123 captionem

65 4133 195 4195 dmtitus
209 4152 303 4193 eorum
325 4138 411 4205 (Psal.
425 4155 527 4205 cxxxu,
552 4141 589 4207 6).
613 4141 694 4195 Beata
718 4141 795 4195 enirn
818 4159 894 4213 pens,

63 4230 143 4301 cujus
156 4231 203 4283 est
215 4226 345 4282 Dominus
360 4227 429 4282 Deus
443 4227 512 4298 ejru.
529 4229 614 4295 (Paul.
632 4246 718 4296 xxxii,
730 4229 896 4299 ittNonne

65 4315 171 4374 minati
188 4315 304 4371 fuerant
327 4314 383 4387 ipsi
405 4315 567 4389 babylonii,
589 4317 736 4373 diceutes:
751 4341 764 4368 a
776 4320 894 4388 Eamus,

63 4410 91 4463 et
105 4404 261 4478 capiamus
276 4404 457 4460 Hierusalem
474 4407 667 4462 cumFrancis
678 4407 707 4461 in
724 4424 758 4462 ea
770 4409 897 4466 clausis?

64 4495 179 4564 Quibus
193 4493 332 4549 omnibus
343 4494 538 4567 interemptis,
552 4496 708 4551 eradamus
719 4495 790 4552 illud
802 4498 897 4571 sepul·
911 4517 934 4582 D

64 4600 149 4640 orum
164 4586 224 4639 tam
241 4582 297 4638 sibi
313 4583 487 4655 pretiosum,
504 4588 533 4640 et
547 4583 659 4656 lapides
672 4585 765 4658 ipsius
782 4588 894 4644 aedificii

64 4677 148 4729 extra
169 4672 273 4728 urbem
289 4673 413 4742 eJ'ectos:
424 4690 477 4729 nec
492 4673 602 4729 mentio
617 4674 740 4731 ulterius
755 4693 895 4749 umquam

63 4762 132 4819 inde
143 4762 203 4817 fiet.
217 4761 298 4817 »Sed
312 4761 545 4829 Deomiscrante,
557 4763 611 4819 hoc
623 4763 652 4818 in
664 4764 790 4821 nihilum
801 4783 894 4822 rever·

63 4868 105 4920 so,
124 4851 160 4906 de
176 4848 300 4923 pecunia
323 4851 412 4907 etiarn
437 4850 554 4908 illorum
581 4858 776 4909 oneraverunt
792 4855 893 4911 Franci

62 4957 156 5014 equos
170 4940 340 4995 eorumdem
353 4944 381 4996 et
397 4941 535 4998 camelos.
557 4942 610 5007 Qui
627 4959 694 4997 curn
716 4944 851 5012 tentoria,
867 4949 895 5000 et

62 5033 105 5086 tot
116 5027 218 5101 jacula
235 5028 264 5083 in
281 5030 393 5102 campis
409 5030 549 5101 jacentia,
566 5048 710 5104 arcusque
727 5036 755 5088 et
771 5033 893 5106 sagittas

62 5119 98 5175 ad
115 5119 219 5174 urbem
231 5121 363 5174 sanctam
375 5120 486 5176 deterre
500 5137 557 5175 non
574 5127 703 5192 possent,
715 5120 776 5177 hac
788 5127 894 5179 cuncta

62 5207 199 5265 incendio
214 5207 441 5277 commiserunt,
454 5209 558 5266 deindo
574 5210 754 5266 Hierusalem
767 5213 894 5285 gauden-

61 5300 106 5354 ter
120 5296 283 5354 redierunt.

382 5388 498 5444 CAPUT
518 5388 574 5444 XX.

195 5477 233 5533 ue
247 5480 400 5534 reversione
412 5481 571 5550 principum
585 5477 620 5542 ad
631 5480 763 5552 patriam.

96 5564 149 5622 His
163 5565 267 5639 gestis,
278 5565 389 5640 placuit
399 5566 577 5641 quibusdam
588 5567 617 5624 in
629 5568 753 5642 patriam
764 5571 891 5628 nationis

951 1816 999 1888 qni
1012 1816 1147 1872 similiter
1156 1817 1269 1872 Edessa
1278 1817 1410 1873 civitatis.
1422 1819 1580 1892 patriaque
1591 1821 1774 1878 altinistrans

951 1905 1070 1961 fiuvium
1088 1905 1264 1978 Euphratem
1290 1907 1508 1975 dominabatur,
1533 1909 1713 1965 Hierusalem
1738 1910 1774 1967 ab

950 1993 1009 2050 illis
1018 1994 1245 2068 quipraeiverant
1255 1994 1372 2068 collegis
1384 1997 1446 2051 suis
1456 2000 1570 2069 captain
1579 1997 1678 2065 luisse,
1691 1998 1774 2056 latis·

951 2084 1018 2140 simi
1031 2084 1123 2140 effecti
1139 2086 1195 2140 Deo
1219 2084 1321 2140 laudes
1336 2084 1519 2141 exsolverunt
1535 2086 1601 2143 iude
1616 2087 1773 2161 supplices.

950 2175 1031 2241 Quod
1048 2174 1072 2229 si
1088 2173 1138 2241 illi,
1156 2173 1205 2245 qui
1230 2172 1413 2229 testinatione
1439 2174 1551 2230 itineris
1567 2180 1776 2248 praecesserant

950 2281 1009 2330 eos,
1026 2265 1099 2319 bene
1114 2269 1142 2318 el
1158 2263 1267 2318 utiliter
1287 2264 1397 2335 operati
1420 2264 1555 2328 luissent,
1578 2266 1712 2338 quamvis
1726 2283 1776 2324 eos

950 2352 1063 2407 tardius
1079 2354 1264 2408 subsecuturi
1280 2357 1378 2408 esseut
1393 2353 1423 2408 hi
1440 2353 1496 2409 duo
1512 2371 1579 2410 cum
1595 2355 1667 2426 suis,
1684 2355 1776 2428 parti·

950 2442 1028 2513 cipes
1043 2445 1146 2497 tamen
1169 2443 1300 2514 ejusdcm
1322 2443 1382 2498 lore
1397 2442 1487 2498 bravii
1505 2461 1562 2499 nou
1578 2448 1623 2501 est
1637 2445 1776 2501 dubitan-

950 2531 1032 2586 dum.
1050 2531 1117 2586 Erat
1131 2531 1208 2588 enim
1225 2548 1342 2587 neeesse
1358 2536 1390 2587 ut
1410 2537 1488 2588 terra
1511 2538 1540 2589 et
1563 2534 1693 2590 civitates
1709 2550 1776 2590 cum

949 2624 1031 2676 tanto
1047 2620 1211 2692 laborejam
1227 2621 1329 2677 Turois
1346 2622 1448 2678 ablata
1466 2622 1587 2679 solerter
1597 2624 1777 2680 custodiren-

950 2713 1008 2778 tur,
1025 2727 1061 2766 ne
1077 2710 1149 2766 torte
1160 2714 1235 2765 terra
1246 2710 1361 2767 incaute
1376 2711 1557 2777 etderelicta,
1570 2712 1594 2768 si
1609 2713 1703 2769 canali
1713 2713 1777 2770 Hie·

951 2799 1079 2855 rusalem
1095 2802 1165 2854 tunc
1181 2800 1320 2868 abissent,
1339 2817 1459 2855 recursu
1475 2803 1626 2872 repentino
1642 2819 1659 2858 a
1673 2802 1777 2859 'furcis

951 2905 1044 2961 usque
1061 2889 1210 2944 Persidam
1227 2891 1289 2960 jam
1315 2889 1440 2960 repulsis
1463 2895 1669 2947 resumeretur.
1695 2891 1777 2949 Unde

951 2979 1092 3033 damnum
1106 2979 1223 3033 Francis
1237 2996 1294 3032 non
1306 2978 1461 3033 minimum
1474 2978 1587 3034 cunctis
1597 2979 1777 3053 contingeret

951 3069 1092 3134 evenisse,
1108 3072 1168 3122 lam
1180 3069 1418 3139 euntibus‘quam
1430 3068 1629 3124 redeuntibus.
1642 3069 1776 3125 Forsitan

952 3263 1041 3317 quam
1056 3246 1085 3301 in
1099 3245 1225 3318 peractis
1241 3246 1366 3318 negotiis
1377 3246 1519 3318 judicans
1534 3263 1583 3302 eos
1597 3249 1775 3320 prolaturos.

951 3336 973 3390 0
993 3336 1107 3407 quoties
1122 3334 1238 3390 interim
1254 3334 1317 3408 ipse
1339 3335 1501 3392 Balduinus
1516 3336 1545 3390 in
1562 3336 1776 3409 Mesopotamiae

952 3424 1059 3480 linibus
1074 3423 1181 3496 praeliis
1203 3427 1304 3479 contra
1326 3426 1437 3481 Tereos
1464 3425 1547 3481 iactis
1563 3425 1701 3498 fatigatus
1716 3425 1774 3483 estl

951 3519 1078 3586 quotque
1094 3513 1189 3586 capita
1203 3530 1304 3569 eorum
1328 3530 1402 3569 casa
1416 3513 1476 3570 illic
1501 3515 1634 3584 luissent,
1659 3515 1776 3572 recitari

951 3607 1117 3674 nonpotest.
1128 3603 1208 3674 Saepe
1217 3602 1337 3675 coartigit
1347 3602 1504 3658 illumcum
1517 3608 1601 3677 geute
1617 3622 1670 3660 sua
1682 3622 1776 3678 pauca

950 3697 1051 3749 contra
1068 3691 1285 3747 multitudinem
1307 3709 1407 3748 aarum
1432 3709 1570 3765 maguam
1585 3693 1721 3766 praeliari,
1737 3699 1775 3764 et,

952 3787 1007 3837 ttco
1018 3782 1150 3853 juvante,
1167 3781 1317 3853 triumpho
1328 3781 1428 3838 laetari.
1445 3783 1501 3838 Sed
1517 3799 1584 3838 cum
1600 3800 1650 3855 per
1660 3784 1777 3858 legatio

950 3887 1002 3927 nes
1013 3887 1079 3926 eum
1095 3871 1284 3926 Boamundus
1299 3871 1534 3942 paaemonuisset,
1549 3876 1581 3927 ut
1595 3872 1777 3930 Hierusalem

950 3961 1036 4016 autho
1052 3977 1118 4015 cun
1135 3959 1197 4015 suis
1213 3959 1266 4015 iter
1277 3960 1406 4015 nondum
1418 3961 1564 4034 expletum
1581 3961 1649 4017 ituri
1660 3963 1778 4035 perfice·

951 4054 1024 4116 rent,
1042 4048 1203 4104 Balduinus
1213 4049 1290 4104 illico
1302 4067 1371 4105 suas
1381 4067 1426 4106 res
1434 4051 1777 4124 opportunedisponens,

950 4156 981 4194 se
1004 4138 1116 4193 iturum
1140 4138 1321 4210 praeparavit.
1348 4138 1403 4193 Sed
1423 4143 1493 4194 tunc
1520 4140 1642 4196 audiens
1667 4142 1778 4198 Turcos

950 4245 1043 4283 unum
1060 4244 1150 4282 cornu
1168 4227 1266 4300 patria
1283 4244 1341 4282 suar
1357 4227 1539 4300 ingressione
1554 4231 1719 4302 pervadere,
1737 4231 1778 4286 in-

951 4323 1043 4389 empto
1055 4316 1187 4384 dimisso,
1198 4334 1263 4371 cum
1276 4318 1401 4372 necdum
1411 4316 1602 4374 exercitulum
1613 4336 1701 4375 suum
1711 4336 1777 4376 coa-

951 4410 1111 4481 gregasset,
1128 4405 1311 4478 campaneis
1327 4405 1427 4462 hostes
1446 4406 1528 4463 adiit.
1545 4407 1681 4474 Quicum
1698 4410 1777 4465 arhi-

951 4497 1019 4551 trati
1035 4499 1132 4551 essent
1139 4496 1202 4566 jam
1213 4513 1280 4550 eum
1296 4495 1351 4551 iter
1361 4512 1448 4551 suum
1459 4495 1626 4569 incoepisse,
1637 4497 1683 4553 die
1708 4516 1777 4570 qua-

951 4586 1018 4640 dam
1033 4602 1101 4639 cum
1117 4583 1146 4639 in
1171 4582 1368 4641 tabernaculis
1393 4585 1456 4641 suis
1472 4585 1567 4641 securi
1590 4589 1697 4654 essent,
1715 4586 1776 4643 viso

952 4675 1036 4748 signo
1052 4673 1128 4744 alho,
1146 4674 1224 4746 quod
1245 4674 1397 4745 bajulabat
1413 4674 1583 4746 balduinus,
1600 4675 1776 4748 quantocius

950 4764 1091 4837 pavefacti
1106 4765 1253 4835 fugerunt.
1270 4766 1347 4829 Quos
1370 4780 1558 4837 comparum
1582 4781 1649 4819 cum
1673 4763 1775 4837 paucis

949 4853 1089 4926 fugasset,
1106 4851 1183 4908 adid
1201 4852 1278 4923 quod
1295 4853 1377 4924 prius
1394 4852 1552 4925 incaeperat
1567 4852 1662 4909 rediit.
1679 4854 1715 4909 ut
1729 4853 1774 4910 in-

948 4959 1066 5015 gressus
1083 4942 1146 5009 iter,
1162 4941 1315 4997 Antiochia
1331 4943 1480 4997 dexterata
1503 4942 1580 4998 venit
1594 4941 1774 5012 Laodiciam,

949 5032 998 5087 ubi
1015 5031 1160 5105 stipendio
1177 5031 1279 5087 viatico
1295 5036 1402 5104 empto,
1424 5036 1452 5087 ct
1467 5031 1582 5087 clitellis
1598 5033 1773 5101 reformatis,

949 5120 1103 5177 abivimus.
1114 5121 1224 5177 Mensis
1235 5121 1395 5177 November
1405 5125 1475 5177 crat.
1488 5125 1618 5194 Cumque
1629 5121 1773 5180 Gibellum
1841 5154 1850 5161 ·

948 5210 1168 5279 transissemus,
1186 5211 1391 5265 boamundum
1403 5210 1431 5265 in
1444 5212 1577 5268 tentoriis
1592 5211 1655 5268 suis
1670 5211 1772 5285 hospi-

949 5303 1043 5356 tatum
1052 5299 1577 5373 antaoppidumqaoddamttatentum
1589 5301 1772 5360 nominatum

948 5389 1074 5447 assecuti
1090 5390 1275 5445 sumusErat
1285 5407 1352 5445 cum
1364 5407 1396 5445 eo
1406 5390 1643 5463 archiepiscopus
1652 5390 1772 5463 quidam

948 5478 1082 5546 Pisanus,
1107 5477 1224 5533 nomine
1244 5478 1409 5546 Daibertus,
1434 5479 1484 5552 qui
1505 5496 1573 5535 cum
1593 5479 1771 5552 quibusdum

947 5567 1089 5626 'tuscanis
1104 5570 1132 5624 et
1145 5565 1228 5623 Italis
1251 5568 1391 5624 Laodicia
1406 5568 1503 5641 portui
1523 5567 1663 5641 navigans
1677 5565 1771 5640 appli-
