3816 6006
385 249 539 316 otherus
559 248 684 316 Panis
707 249 807 314 ms'r.
830 247 1037 315 talehusen.
1057 282 1091 299 ·-
1107 249 1182 315 hta.
1204 249 1256 315 Vl.
1609 245 1673 316 990
1699 254 1707 262 ”

227 380 378 440 recreem
391 384 536 442 obsidetur.
808 385 835 454 Α
850 384 968 442 Pratuit
981 384 1111 444 acardus
1127 385 1236 443 Merula
1252 385 1288 442 de
1302 388 1401 442 monte
1415 382 1536 454 cohorti,

77 483 155 526 enus
170 487 319 528 armorum
335 474 476 547 gravitate
489 474 583 532 calore
598 491 740 548 repressa,
850 479 944 548 Atque
956 475 1143 532 Sabratensis
1155 473 1329 533 Guillelmus
1339 491 1406 530 cum
1422 474 1594 548 Raymundo

77 561 156 626 etate,
171 560 229 629 siti,
241 567 384 621 nocturno
398 569 539 638 tempore,
555 581 655 638 pugna
850 564 906 621 Sed
922 565 1032 638 probus
1046 566 1173 621 acardus
1188 581 1255 621 curn
1271 563 1372 637 paucis
1386 569 1453 620 ante
1468 563 1609 634 cucurrit,

77 647 145 705 tiata
157 649 262 707 cohors
277 656 408 724 optatam
423 654 501 709 venit
516 654 552 710 ad
568 654 681 720 urbem,
851 652 1001 727 Impulsus
1016 653 1132 711 levitate
1148 671 1202 711 sua
1217 652 1376 728 plusquam
1390 653 1512 719 ratione,

81 737 219 795 Salomon
233 740 339 814 opibus
354 741 464 811 ditavit,
476 742 609 799 Christus
623 743 741 799 honore.
850 743 903 799 Hie
918 743 1117 817 septingentos
1128 744 1238 799 Arabes
1253 743 1283 799 in
1298 741 1373 799 valle
1387 742 1532 815 protunda

77 828 226 897 tardabat,
243 833 272 885 et
286 829 329 886 sol
345 831 466 887 ardebat
479 831 509 886 in
525 831 625 901 armis,
851 831 1039 905 Repperiens,
1056 832 1162 906 irrupit
1176 832 1205 887 in
1221 831 1285 901 hos,
1301 832 1443 905 hastaque
1458 832 1577 904 rejecta,

77 916 171 973 esuis
187 922 281 975 texere
295 920 386 976 duces
400 920 462 977 loeo
479 937 607 995 congrua
621 920 737 977 eastris.
775 905 784 922 ⁴
851 920 1002 978 Fulmineo
1017 921 1125 978 scindit
1139 922 1236 995 gladio
1248 938 1336 994 quem
1351 921 1470 995 respicit
1485 921 1610 978 hostem.

77 1022 95 1063 n
111 1007 158 1062 eui
174 1014 307 1079 superest
321 1010 480 1082 septentrio
495 1015 590 1066 eastra
605 1011 714 1083 recepit
851 1011 981 1067 Tandem
996 1010 1153 1067 succubuit
1166 1028 1224 1067 non
1240 1010 1373 1084 pigritia,
1386 1010 1561 1067 sedhonesti
1654 1052 1658 1058 -

77 1095 166 1153 hanni
182 1097 308 1166 comitis,
321 1102 349 1154 et
364 1099 389 1154 ei
405 1099 593 1155 Flandrensis
605 1099 741 1167 adheret,
852 1099 973 1156 Funeris
987 1099 1129 1173 exemplo,
1142 1116 1194 1173 per
1208 1101 1285 1173 quod
1302 1102 1402 1156 monet
1416 1099 1478 1173 ipse
1494 1099 1619 1168 sedales,

77 1184 102 1241 rh
118 1201 224 1242 occasu
239 1190 327 1243 terret
341 1188 511 1245 tancretius
526 1189 640 1256 urbem,
850 1189 872 1244 hl
888 1188 996 1261 quihus
1010 1187 1129 1262 elapsus
1144 1206 1221 1245 unus
1236 1186 1353 1244 crudele
1368 1187 1480 1245 cohorti

77 1274 220 1331 rhoccasu
238 1276 331 1332 tendit
345 1278 519 1334 Godesridus
536 1278 565 1333 ia
581 1278 706 1334 hostem.
851 1276 972 1333 Nuntiat
985 1277 1117 1347 exitium,
1132 1278 1264 1334 clamans
1278 1276 1443 1346 crudeliter,
1460 1277 1532 1334 Eece
1631 1278 1639 1289 '

77 1362 120 1434 lis,
132 1364 315 1438 Raymunde,
326 1367 372 1423 die
388 1371 439 1422 tua
453 1366 575 1424 classica
588 1367 738 1441 clangunt,
851 1365 1010 1439 Exsequias
1025 1366 1112 1423 sociis
1128 1383 1262 1439 proceres
1277 1368 1354 1436 date,
1371 1383 1446 1440 quos
1461 1367 1529 1422 dare
1543 1365 1608 1423 vite

77 1469 133 1510 rem
148 1453 311 1511 Jerusalem
328 1460 494 1512 nostrorum
510 1457 606 1513 cincta
621 1473 737 1526 corona,
851 1455 913 1511 Non
930 1454 1007 1524 lieet,
1024 1460 1053 1510 at
1068 1460 1192 1512 mortem
1208 1455 1275 1512 lieet
1289 1455 1382 1513 hostis
1397 1458 1490 1512 morte
1504 1455 1595 1529 piare.

77 1539 209 1599 ¹leuitate
223 1561 308 1616 pares
323 1542 432 1600 Pilatus
448 1545 649 1618 Raymundus,
1013 1547 1083 1602 Sitis
1098 1547 1195 1615 ingens
1211 1546 1380 1602 Christianos
1393 1548 1509 1602 meiat.

77 1646 110 1689 aa
125 1632 195 1688 dum
211 1631 355 1689 lustratur
369 1634 453 1705 equis
469 1632 619 1707 oculisque
634 1638 756 1703 remota,
887 1633 1007 1692 Talibus
1021 1633 1128 1690 hortati
1145 1633 1263 1702 Pilatus,
1280 1632 1420 1708 piletique
1435 1633 1560 1701 sodales,

77 1723 155 1777 utum
171 1738 256 1777 casus
270 1723 380 1779 Arabes
395 1723 581 1796 praedonibus
597 1723 689 1791 ollert,
851 1727 929 1791 Quos
944 1723 1039 1796 magis
1055 1721 1211 1779 hortantur
1224 1723 1327 1791 virtus,
1342 1723 1473 1781 vindicta
1486 1740 1607 1781 suorum

77 1825 161 1883 reque
177 1811 253 1867 lacta
267 1811 313 1868 sui
329 1811 448 1868 cultoris
463 1813 584 1886 prodiga
598 1811 700 1880 virtus,
850 1813 925 1868 Vera
940 1812 1022 1879 fides,
1039 1810 1160 1868 alterius
1175 1829 1267 1879 amor,
1280 1813 1453 1885 requiesque
1469 1812 1611 1870 laborum.

78 1915 153 1956 snus
167 1901 275 1973 eripuit
291 1901 482 1969 numerosior,
501 1905 530 1957 at
545 1901 614 1974 luga
628 1900 733 1972 turpis.
852 1901 976 1958 interius
991 1905 1105 1957 mentes
1119 1900 1210 1958 armis
1224 1901 1390 1959 caelestibus
1405 1906 1520 1971 ornant,

79 2003 126 2062 ga,
142 1989 193 2046 sed
210 1989 307 2062 plures
323 2006 357 2045 ex
372 1988 430 2046 illis
445 1978 649 2063 precipitatus,
851 1990 984 2047 Exterius
999 2007 1054 2047 sua
1067 1989 1202 2046 membra
1216 1994 1319 2063 tegunt
1333 1995 1361 2046 et
1374 1989 1485 2047 viribus
1501 1993 1626 2047 armant.

78 2093 125 2153 ga,
141 2095 194 2134 nec
208 2078 324 2152 gladius
340 2079 471 2147 salvavit,
482 2097 556 2152 quos
571 2078 705 2152 spoliavit
852 2080 922 2135 {nde
937 2079 1089 2154 repentino
1104 2077 1167 2135 visu
1185 2079 1351 2146 turbantur,
1367 2083 1395 2135 et
1410 2080 1510 2135 hostes

77 2170 155 2224 ostra
169 2167 282 2237 cohors,
295 2174 323 2224 et
338 2185 428 2241 equos
443 2170 479 2225 ad
495 2174 590 2225 eastra
605 2167 729 2224 reduxit.
853 2169 982 2242 Digressi
996 2168 1093 2225 videre
1108 2184 1179 2225 suos
1194 2167 1319 2241 spoliare
1335 2173 1463 2237 necatos,

77 2272 111 2314 us
125 2257 231 2330 aptatis
246 2274 310 2330 qua
326 2263 396 2314 sunt
411 2259 539 2331 aptanda
553 2259 653 2325 ruine,
853 2259 887 2314 itt
902 2257 970 2315 licet
984 2258 1154 2314 innumeros
1169 2258 1287 2314 rideant
1301 2258 1330 2313 hi
1346 2259 1395 2331 qui
1411 2256 1560 2315 numerari

77 2350 127 2403 ant
141 2347 177 2402 ad
191 2350 258 2403 vcta
271 2346 336 2415 viri,
350 2364 527 2420 murumque
543 2348 669 2420 priorem
852 2348 918 2405 Mox
934 2352 1081 2422 poterunt,
1098 2353 1197 2404 tamen
1211 2353 1378 2415 occurrunt,
1394 2347 1522 2421 legitque
1536 2347 1632 2404 virum

77 2439 129 2504 rat,
146 2436 320 2509 magnisque
335 2441 439 2493 vocant
452 2437 630 2493 elamoribus
645 2437 770 2494 hostem.
854 2437 1070 2509 Prosternitquc
1085 2454 1172 2493 suurn
1189 2453 1347 2511 congressu
1363 2436 1489 2510 quisque
1505 2434 1604 2509 priori.

91 2524 208 2600 gentilis
224 2527 316 2594 adest,
327 2527 457 2594 Judaeus,
470 2528 593 2592 Turcus,
604 2527 766 2599 Arabsque,
853 2526 990 2583 Protinus
1004 2524 1153 2581 horribilis
1169 2525 1309 2582 miscetur
1320 2526 1349 2582 ln
1366 2525 1483 2599 agmine
1497 2540 1606 2598 pugna,

77 2613 147 2683 hus,
159 2614 268 2686 jaculis
282 2615 445 2684 obsistitur,
462 2616 539 2689 igne,
555 2632 675 2671 veneno.
852 2616 999 2672 Amittunt
1012 2613 1100 2688 galea
1118 2614 1234 2685 oristas,
1250 2614 1341 2689 clypei
1357 2632 1412 2672 sua
1426 2614 1521 2688 signa.

77 2703 119 2761 stri
129 2704 237 2778 jaculis
252 2709 405 2778 opponunt
419 2709 535 2777 pectora
550 2705 638 2774 nuda,
854 2705 1030 2762 Convertunt
1044 2702 1133 2776 gladii
1150 2703 1238 2759 lacies
1253 2703 1446 2776 hominesque
1461 2702 1564 2760 recisis

77 2793 261 2868 ePlagellato
276 2793 427 2867 patiuntur
443 2795 516 2850 dura
533 2792 656 2867 llagella.
855 2794 992 2874 Naribus,
1007 2793 1120 2865 expavit
1135 2792 1190 2848 tiro
1205 2792 1240 2847 dc
1255 2791 1421 2865 cognitione

81 2898 141 2951 ora,
152 2883 333 2957 magnanimi
355 2900 491 2957 persana
510 2900 560 2957 per
575 2900 656 2939 arma
671 2887 799 2953 ruentes,
853 2884 919 2940 tam
935 2881 1088 2950 dubitans;
1104 2879 1159 2936 hos
1174 2896 1231 2935 non
1247 2878 1392 2947 homines,
1408 2881 1458 2936 sed
1474 2885 1606 2938 monstra
1620 2898 1678 2954 pu·

77 2972 252 3046 oraecipitant
268 2973 450 3029 irritamenta
465 2973 578 3045 prioris.
1550 2967 1640 3036 [tavit.

77 3108 79 3117 .
95 3061 212 3135 sugium
226 3064 262 3118 ad
277 3063 385 3118 mcenia
400 3067 462 3117 tuta
478 3061 609 3134 manipli,
855 3061 954 3117 Hastis
969 3064 1069 3116 nostra
1083 3058 1187 3115 cohors
1202 3056 1268 3115 illos
1283 3058 1364 3131 petit,
1381 3057 1501 3115 ensibus
1516 3057 1589 3114 istos

77 3167 98 3207 n
113 3151 238 3224 quisque
253 3152 362 3207 timeus
377 3156 468 3208 certat
483 3151 562 3223 prior
575 3167 649 3218 esse,
666 3151 776 3224 priores
815 3132 837 3199 G
856 3148 986 3223 Impulit,
1000 3148 1054 3204 hos
1069 3165 1189 3204 currens
1204 3164 1333 3220 casuque
1347 3147 1468 3220 peremit
1483 3163 1584 3203 amaro

77 3256 218 3311 ‚sequens
231 3240 351 3297 inimica
366 3241 428 3297 suis
443 3241 473 3296 in
489 3238 589 3295 limine
607 3245 694 3312 portae
855 3240 922 3296 Illos
938 3243 1031 3295 morte
1047 3237 1134 3295 timor
1148 3237 1248 3294 subita
1261 3237 1420 3310 prosternit
1431 3236 1540 3293 inertes
1557 3253 1563 3292 :

77 3328 117 3397 aa,
135 3327 240 3401 hicque
253 3347 341 3385 suum
358 3329 471 3386 Pilades
487 3328 799 3402 prosternithrestem.
854 3328 978 3386 Casibus
992 3327 1119 3384 sillictus
1132 3326 1221 3384 variis
1237 3325 1355 3400 gentilis
1368 3327 1519 3399 Arahsque

77 3417 141 3474 ima
155 3435 223 3490 pars
238 3419 356 3475 exclusa
370 3419 472 3492 gemit,
489 3418 610 3490 natique
624 3421 759 3489 parentes
854 3418 931 3474 Dant
947 3416 1023 3473 facili
1037 3433 1091 3472 sua
1105 3420 1188 3488 terga
1202 3417 1287 3488 suge,
1299 3415 1460 3488 multisque
1475 3415 1595 3485 necatis,
1654 3451 1658 3462 ι

77 3522 98 3562 rs
111 3522 169 3563 non
184 3508 342 3580 excipiunt,
360 3509 466 3581 pietate
483 3512 628 3580 stupente.
855 3507 909 3563 Uni
924 3505 1016 3562 rietor
1030 3521 1120 3562 orans
1134 3504 1225 3560 dilata
1240 3508 1333 3561 morte
1349 3503 1486 3578 pepercit,

77 3612 113 3653 us
127 3595 238 3670 ingenti
255 3602 360 3653 conatu
376 3597 456 3653 scala
472 3597 564 3653 levata
856 3597 908 3652 Per
922 3612 1009 3668 quem
1025 3595 1179 3650 Persarum
1196 3598 1307 3650 secreta
1322 3592 1424 3650 dolosa
1438 3596 1581 3667 paterent,

77 3688 88 3742 t
102 3685 213 3742 adalta
227 3686 373 3753 riam,cui
391 3686 473 3742 sortis
490 3685 574 3741 miles
589 3685 751 3753 adherens,
853 3685 923 3740 Tres
939 3699 1055 3757 quaque
1071 3681 1154 3738 miles
1169 3699 1260 3754 equos
1275 3685 1303 3739 et
1313 3687 1430 3738 eentum
1442 3681 1525 3738 duxit
1535 3682 1572 3738 ab
1582 3680 1675 3739 hoste.

77 3774 168 3832 sudus
183 3773 330 3831 Ciminum
346 3775 433 3831 castri
451 3774 593 3831 [lunensis
608 3773 745 3830 alumnus
854 3773 928 3829 Dum
944 3777 1026 3831 vacat
1041 3773 1070 3827 in
1087 3770 1191 3827 eastris
1207 3769 1342 3844 populus,
1357 3769 1424 3827 sitis
1437 3769 1639 3839 immoderata,

77 3866 109 3921 at
121 3861 238 3937 gladiis,
250 3867 279 3920 et
293 3863 458 3920 comminus
472 3863 587 3936 impetit
602 3863 726 3930 hostem,
854 3862 1035 3919 Cnerueisvit
1050 3878 1128 3929 eum,
1144 3859 1250 3933 gladiis
1265 3858 1369 3917 tellure
1384 3864 1486 3916 cavata
1557 3872 1560 3877 '

78 3950 236 4019 scalarum,
248 3952 273 4009 si
289 3953 362 4008 lorte
377 3957 480 4025 parata
494 3952 606 4020 luisset,
855 3953 938 4009 Miles
954 3952 983 4008 in
1000 3956 1084 4008 antra
1098 3953 1185 4023 caput
1198 3949 1358 4023 mergebat,
1372 3948 1437 4007 luce
1452 3948 1553 4006 relicta

77 4038 126 4096 reri
140 4038 224 4096 lahor
236 4040 285 4097 ille
301 4039 370 4097 mali
387 4041 469 4098 labor
484 4041 607 4098 ultimus
622 4046 709 4098 esset.
854 4041 976 4116 Pinguis
990 4045 1022 4097 ut
1038 4041 1149 4095 humeae
1164 4043 1193 4094 et
1207 4037 1294 4095 tellus
1309 4039 1422 4095 arentia
1435 4037 1518 4095 labra

77 4127 97 4185 it
110 4127 166 4185 hoc
181 4127 277 4186 solum
293 4130 412 4198 nostris,
429 4132 603 4203 fortunaque
618 4129 686 4186 belli
855 4131 906 4188 llic
922 4130 999 4203 quod
1016 4128 1052 4185 ab
1067 4132 1132 4183 utre
1145 4127 1223 4183 cadit
1238 4127 1375 4200 resupino
1390 4127 1514 4201 suscipit
1528 4143 1587 4195 ore,

77 4218 106 4275 ad
121 4222 283 4275 extremum
298 4220 412 4287 ductos,
427 4220 539 4276 alterna
553 4219 693 4275 revisens.
855 4221 1001 4276 Marmora
1015 4215 1163 4272 lambebat
1177 4214 1253 4273 alius
1268 4216 1405 4274 sudantia
1420 4235 1493 4286 rore,

77 4323 107 4364 m
117 4311 212 4364 castra
227 4309 330 4365 cohors
345 4310 427 4382 petit,
439 4313 467 4365 et
483 4308 606 4382 respirat
621 4306 657 4363 ah
673 4309 774 4379 armis,
854 4307 1004 4380 aspiceres
1019 4309 1131 4377 pestem
1147 4304 1339 4378 languentum
1355 4310 1460 4363 cuneta
1474 4323 1525 4379 per
1538 4322 1615 4375 ossa,

78 4396 162 4468 aqui
178 4398 326 4470 quondam
342 4415 416 4454 nora
431 4397 562 4454 fastidire
578 4397 698 4466 solebat,
855 4397 920 4454 Jam
936 4394 1046 4451 rabiem
1062 4393 1185 4450 traxisse
1200 4410 1283 4450 suam
1300 4399 1403 4451 nutare
1419 4394 1549 4451 subactis

83 4501 186 4542 vocare
203 4486 310 4543 lumem
324 4486 480 4543 dulcedine
494 4486 665 4544 deliciarum
816 4503 840 4568 J)
854 4485 972 4541 Viribus
987 4483 1145 4551 incessum,
1158 4482 1323 4556 linguaque
1338 4481 1486 4539 retundier
1501 4500 1599 4540 usum.

77 4573 121 4630 ido
134 4573 246 4648 gulam,
262 4592 339 4631 aune
355 4575 432 4632 sicco
447 4593 522 4648 pane
537 4576 674 4649 repletur,
855 4576 884 4633 Si
901 4577 1010 4631 mactat
1025 4572 1201 4645 quandoque
1216 4572 1318 4627 horem
1333 4571 1439 4628 librata
1452 4571 1573 4641 securis,

77 4659 168 4716 utitur
182 4661 207 4717 ei
222 4658 363 4736 pigmenti
378 4662 497 4737 lympha
513 4681 658 4737 saporem,
854 4664 998 4721 Carnibus
1012 4661 1143 4734 abjectis,
1160 4661 1295 4716 sorbetur
1308 4660 1345 4716 ab
1360 4660 1477 4735 agmine
1492 4661 1623 4735 sanguis.

85 4748 190 4806 sitiens
205 4750 290 4808 miles
304 4752 431 4825 pretioso
446 4760 596 4825 comparat
611 4773 691 4814 auro.
855 4753 987 4811 Esuriem
1004 4751 1127 4808 tolerare
1144 4749 1223 4816 libet,
1239 4748 1322 4806 dolor
1336 4749 1384 4806 ille
1399 4750 1528 4811 dolorem

77 4837 120 4896 aia
135 4839 243 4913 quippe
258 4840 328 4896 Sion
343 4841 408 4897 lons
424 4842 552 4899 eradica
568 4845 687 4913 citatus,
855 4844 937 4899 Hunc
959 4840 1076 4897 minuit.
1093 4839 1234 4896 Prodesse
1253 4838 1361 4895 famem
1377 4839 1444 4914 quis
1467 4840 1597 4897 crederet
1619 4857 1677 4898 un-

77 4925 146 4985 lilee
160 4934 232 5001 potu
247 4929 369 4986 minimo
384 4929 528 5004 longeque
543 4934 643 5005 petito,
1517 4927 1643 5004 [quaml

77 5033 150 5074 teres
165 5018 257 5073 rellcit
273 5017 405 5091 populos,
423 5024 451 5074 ct
465 5020 602 5077 venditur
616 5024 696 5080 unda
854 5022 1006 5079 Clauserat
1020 5019 1151 5076 occultos
1165 5016 1285 5075 laticum
1301 5034 1373 5092 gens
1390 5035 1466 5076 sava
1480 5024 1605 5089 meatus,

86 5109 192 5162 natura
206 5110 311 5179 potens
324 5107 416 5180 gratis
429 5110 573 5165 concessit
588 5110 763 5169 hahendam.
856 5112 1076 5181 Immensosque
1091 5107 1173 5163 lacus
1188 5108 1357 5176 observans,
1372 5105 1531 5165 insidiatur

77 5193 147 5250 reric
162 5195 307 5268 premitur
321 5212 393 5269 gens
410 5200 509 5252 nostra
523 5197 632 5268 labore,
649 5206 753 5257 secutae
856 5197 1048 5263 Christicolis,
1060 5201 1242 5269 mortemque
1253 5197 1341 5253 dabat
1350 5197 1677 5270 quarentibusundam,

77 5280 166 5339 ieolas
180 5301 282 5342 venere
298 5292 384 5354 rates,
402 5303 475 5359 quas
489 5286 595 5360 Japhia
610 5293 694 5362 portu
855 5290 928 5346 Cum
943 5304 1015 5362 gens
1030 5285 1162 5342 lethifero
1178 5285 1286 5341 siccata
1301 5285 1396 5342 calore
1411 5285 1535 5344 calorem

76 5375 89 5428 t
103 5375 212 5447 optata,
225 5391 303 5431 nune
315 5375 396 5443 urbs,
408 5379 478 5430 tune
494 5376 576 5433 urbis
591 5378 697 5452 imago.
854 5376 980 5435 vitalem
996 5374 1102 5450 perdit,
1119 5373 1258 5447 nulloque
1272 5374 1385 5448 liquore
1400 5375 1495 5450 rigata

77 5461 156 5518 aviri
172 5466 291 5521 centum
308 5464 467 5520 mittuntur
480 5464 516 5520 ah
532 5466 694 5542 obsidione,
856 5466 997 5525 Intestina
1010 5464 1095 5521 honis
1111 5467 1232 5533 naturae,
1248 5464 1459 5522 destituuntur.

77 5566 163 5610 rrvare
178 5557 266 5622 rates,
278 5555 446 5626 'turcosque
461 5552 601 5626 repellere
615 5561 739 5632 possint.
891 5551 1077 5613 Construitur
1090 5552 1188 5611 studio
1197 5553 1346 5612 Codelridi
1359 5553 1497 5613 machina
1511 5554 1636 5615 sormam
