3816 6006
171 238 252 304 tm
811 235 1010 303 RADULPHI
1029 233 1235 302 lanensis.
1804 227 1877 294 ΗΜ

174 373 278 449 recipit
293 371 465 448 prophetam
480 367 510 428 in
527 368 645 429 nomine
658 371 816 445 prophete,
828 373 993 429 mercedem
1008 374 1035 441 Α
1050 369 1091 427 ris
1107 368 1285 443 quotidianis
1300 367 1456 438 contrahit,
1470 366 1598 426 charitas
1608 371 1636 425 et
1646 367 1803 442 proiectus
1818 384 1875 442 pro

174 465 319 542 prophetae
335 463 457 535 accipiet
471 462 575 530 (Mettis.
591 465 630 530 x).
647 486 661 512 »
676 461 738 516 Non
754 461 832 517 enim
848 461 902 517 ait:
920 462 995 518 Mer·
1047 460 1196 515 rimorum
1212 457 1404 529 abluit.,Poro
1427 459 1504 531 quod
1521 458 1560 516 sit
1575 458 1646 515 illud
1674 475 1773 515 unum
1801 458 1873 531 quod

176 555 276 611 cedem
292 552 487 626 depropheta,
499 552 548 606 sed
563 550 828 623 mercedemipsius
837 551 993 623 propheta,
1049 547 1872 618 omnibusestneeessariam,ostenditPsalmista‚dicene:

176 660 265 702 suurn
281 641 360 707 lacit,
371 642 441 696 dum
451 656 517 695 eum
526 639 661 707 sustinet,
671 640 881 712 utpropbetare
891 639 994 712 possit.
1049 662 1064 690 «
1082 638 1152 694 Mihi
1169 642 1266 694 autem
1282 639 1429 694 adherere
1444 638 1501 694 Deo
1517 639 1627 694 bonum
1647 642 1703 705 est,
1721 638 1871 710 ponerein

177 731 269 790 Maria
293 746 409 804 quoque
429 730 513 800 juvat
537 728 680 784 Maribam
706 746 758 802 pro
784 746 819 785 ea
841 729 996 786 bominum
1050 726 1173 782 Domino
1198 727 1256 784 Deo
1281 743 1362 798 spem
1380 742 1473 782 meam
1489 726 1574 794 (Psoi.
1591 727 1685 795 arra).
1704 748 1720 775 »
1736 726 1814 782 Huic
1828 726 1871 785 ud

177 821 297 888 orando,
310 837 346 876 na
360 818 519 891 aliquando
544 817 620 874 inter
634 822 676 873 tot
697 817 910 876 sollicitudines
933 835 994 874 cor·
1049 818 1190 887 tanquam
1199 814 1342 882 anchora,
1354 812 1400 869 cui
1411 812 1465 869 soli
1476 813 1632 869 intendunt
1643 805 1879 884 contemplativi,

177 915 252 980 ruat,
270 914 299 966 ct
312 909 354 965 ita
367 908 505 967 meritum
514 907 634 963 Martha
651 907 718 963 lacit
727 925 825 964 suum.
836 909 883 965 Sic
898 909 996 980 itaque
1050 904 1197 960 adherere
1213 920 1328 974 semper
1338 909 1367 959 et
1377 919 1430 959 nos
1443 903 1583 959 debemus
1593 900 1773 969 activi,dum
1784 901 1868 958 turbi-

178 998 402 1072 contemplativa
415 1002 444 1054 et
456 997 548 1054 activa
563 998 622 1053 vita
638 1014 701 1054 sese
716 999 891 1070 coadjuvant
906 1003 934 1054 et
948 1015 995 1054 co·
1050 1009 1102 1049 nes
1116 997 1145 1049 et
1159 996 1347 1065 tempestates
1359 992 1585 1049 sollicitudinem
1596 995 1624 1048 et
1639 990 1779 1047 laborum
1791 995 1819 1047 et
1828 992 1869 1047 tri

177 1089 330 1156 mitantur,
346 1105 404 1144 non
420 1087 515 1144 solum
532 1088 561 1142 in
574 1086 704 1152 diversis,
722 1086 876 1143 sedetiam
892 1087 922 1143 in
937 1105 997 1145 nna
1050 1082 1234 1138 bulationum
1250 1081 1455 1155 temporalium
1471 1099 1524 1139 noe
1534 1083 1658 1153 jactent.

176 1184 205 1236 et
219 1179 320 1235 eadem
336 1194 469 1251 persona.
486 1175 590 1232 Nullus
605 1175 682 1232 enim
698 1177 809 1232 activus
824 1177 893 1232 vivit
909 1183 997 1245 recte,
1085 1173 1251 1229 Notandum
1263 1177 1382 1228 veroest
1396 1172 1473 1244 quod
1485 1171 1634 1239 Dominus,
1646 1172 1786 1244 quamvis
1798 1189 1868 1246 roge-

177 1268 232 1325 nisi
250 1267 276 1324 ei
290 1267 353 1340 ipse
369 1266 526 1339 aliquando
546 1264 759 1338 contempletur
772 1271 801 1322 et
816 1270 887 1337 oret,
912 1267 998 1323 aliter
1050 1265 1108 1331 tus,
1126 1279 1183 1318 non
1200 1261 1331 1334 precipit
1342 1261 1463 1317 Mariam
1475 1261 1600 1317 transire
1611 1261 1647 1317 ad
1658 1260 1792 1317 officium
1804 1262 1868 1318 Mar·

176 1357 255 1415 enim
269 1354 483 1412 rationabiliter
497 1371 582 1428 agere
597 1354 709 1426 nequit.
727 1354 784 1412 Nec
799 1355 906 1427 aliquis
928 1373 996 1412 coa·
1050 1352 1116 1420 tha,
1133 1356 1163 1407 et
1179 1351 1311 1424 quamvis
1331 1350 1429 1407 laudet
1446 1355 1559 1423 partem
1573 1349 1682 1416 Maria,
1699 1367 1759 1408 nen
1774 1351 1867 1425 preci·

175 1445 363 1518 templativus
377 1448 473 1516 potest
488 1443 517 1498 in
542 1443 597 1499 bac
618 1443 678 1498 vita
692 1443 735 1498 sic
758 1443 996 1517 contemplationi
1051 1440 1094 1514 pit
1109 1441 1252 1496 Martham
1268 1441 1384 1497 adeam
1400 1439 1535 1496 transire.
1552 1440 1586 1496 lit
1600 1439 1716 1511 quare‘l
1731 1441 1869 1507 Quoniam

77 1528 78 1535 '
174 1551 288 1601 vacare,
304 1532 374 1606 quin
400 1549 518 1589 neeesse
531 1531 571 1588 sit
593 1532 710 1588 eumad
728 1532 825 1588 active
853 1535 996 1605 operatio·
1050 1529 1209 1586 novitbanc
1220 1529 1314 1603 magis
1322 1529 1526 1587 esscidoneam
1536 1528 1777 1602 contemplationi
1787 1545 1869 1602 qnam

175 1639 243 1680 nem
259 1623 444 1691 descendere,
460 1621 566 1679 similis
581 1620 698 1695 aquila,
715 1621 776 1693 qui,
791 1618 947 1695 postquam
960 1625 996 1679 ad
1051 1619 1167 1684 actioni,
1184 1623 1214 1675 et
1229 1619 1310 1674 illam
1325 1619 1418 1692 magis
1433 1635 1497 1675 esse
1516 1617 1623 1674 actioni
1637 1634 1730 1690 quam
1745 1622 1869 1675 contem·

176 1717 255 1769 astra
265 1711 379 1780 volavit,
396 1715 425 1767 et
438 1711 529 1768 solem
545 1710 758 1783 contemplatus
774 1716 828 1778 est,
846 1729 949 1768 rursus
959 1714 995 1769 ad
1012 1744 1036 1809 B
1051 1709 1183 1781 plationi,
1200 1714 1229 1765 ct
1242 1707 1306 1764 idco
1321 1707 1383 1763 vult
1397 1712 1553 1780 utromque
1577 1708 1607 1764 in
1631 1708 1692 1764 vita
1707 1708 1807 1783 magis
1819 1707 1870 1765 sibi

176 1801 356 1859 cadaverain
369 1804 478 1856 terram
496 1799 656 1856 descendit.
681 1800 736 1856 Sed
753 1817 844 1872 quare
867 1818 995 1873 conque·
1050 1798 1155 1854 idonce
1170 1797 1290 1855 salvare.
1302 1798 1377 1854 Sunt
1387 1798 1465 1854 enim
1477 1798 1609 1870 quaedam
1626 1813 1759 1870 persone
1768 1796 1870 1867 tardio-

175 1891 251 1947 ritur
264 1890 342 1963 apud
358 1888 515 1946 Dominum
530 1889 645 1945 Martha
661 1889 695 1945 de
704 1889 806 1960 Maria,
818 1890 932 1946 dicens:
943 1892 995 1949 llo·
1050 1886 1091 1943 ris
1106 1892 1134 1943 et
1148 1887 1303 1960 grossioris
1314 1886 1434 1960 ingenii,
1446 1887 1540 1960 magis
1551 1887 1588 1942 ad
1600 1885 1777 1958 temporalia
1786 1902 1870 1959 quam

175 1982 260 2048 mine,
275 1995 332 2036 ooo
345 1980 452 2036 esttibi
471 1994 544 2033 curce
559 1979 629 2051 qood
649 1995 726 2035 soror
744 1996 805 2035 meo
827 1980 940 2053 reliquit
953 1997 997 2037 nse
1050 1976 1088 2032 ad
1101 1976 1265 2050 spiritualia
1288 1976 1409 2043 idonee,
1425 1980 1453 2033 et
1474 1979 1602 2044 econtra,
1622 1977 1761 2048 quedam
1776 1975 1868 2033 subti-

175 2069 264 2126 solom
277 2069 454 2124 ministrare?
472 2068 521 2122 llic
544 2083 606 2139 erpo
623 2068 668 2123 tttc'
687 2075 771 2123 etme
791 2068 907 2140 adjacet.
932 2069 996 2125 Non
1050 2064 1132 2122 lioris
1147 2065 1246 2140 igenii,
1260 2065 1355 2138 magis
1377 2066 1413 2122 ad
1434 2064 1598 2138 spiritualia
1618 2081 1709 2137 quam
1726 2065 1762 2121 ad
1789 2082 1869 2122 mun·

176 2158 240 2215 ideo
255 2157 333 2231 quod
349 2160 432 2229 putet
446 2156 574 2212 cilicium
588 2155 684 2212 Maria
696 2155 822 2213 otiosum
837 2162 866 2214 et
880 2156 995 2214 nullum
1050 2155 1126 2212 dana
1141 2159 1224 2228 apta.
1240 2156 1374 2226 Utraque
1398 2171 1466 2228 crgo
1490 2155 1526 2210 ad
1549 2171 1624 2226 quos
1648 2154 1747 2228 magis
1765 2155 1869 2212 idonee

175 2263 251 2314 esse,
266 2250 299 2302 ut
311 2244 430 2318 quidam
439 2244 525 2301 bodie
540 2248 692 2317 potentat
705 2244 769 2301 ideo
777 2245 846 2302 velit
862 2247 898 2301 ad
907 2264 995 2304 suum
1050 2248 1188 2301 suntsese
1199 2248 1360 2310 exerceant,
1369 2260 1414 2312 ne,
1427 2244 1531 2301 silorte
1544 2243 1579 2299 ad
1590 2244 1663 2300 idad
1673 2245 1868 2316 quodidoaee

175 2335 286 2392 bonum
301 2333 431 2390 olilcinm
447 2333 568 2390 Mariam
578 2333 714 2402 transire,
724 2335 773 2390 sed
783 2335 922 2406 quoniam
932 2337 996 2408 ipsa
1050 2350 1108 2389 non
1124 2337 1202 2402 sunt,
1215 2337 1375 2402 transcant,
1387 2333 1505 2390 inutiles
1516 2334 1595 2389 fiant.
1604 2334 1685 2400 Quod
1702 2334 1778 2391 bene
1788 2334 1870 2408 signi·

175 2424 255 2481 novit
268 2424 397 2481 cilicium
414 2424 509 2479 Maria
523 2423 718 2496 peroptimum
731 2441 805 2492 esse,
822 2429 851 2481 et
866 2425 997 2482 ideovel·
1050 2424 1155 2480 licetur
1167 2441 1218 2496 per
1233 2424 1287 2479 hoc
1302 2424 1380 2496 quod
1395 2423 1616 2480 tabernaculum
1632 2423 1727 2497 Moysi
1743 2430 1806 2481 erat
1823 2441 1868 2481 ex·

174 2513 214 2572 let
228 2513 257 2569 in
273 2529 327 2569 suo
342 2512 472 2569 inferiori
488 2512 595 2582 officio,
610 2517 707 2570 tamen
722 2514 896 2583 necessario,
911 2532 928 2570 a
942 2532 996 2572 sua
1049 2513 1141 2570 terius
1156 2518 1326 2586 coopertum
1343 2512 1469 2585 pellibus
1483 2518 1511 2570 et
1525 2513 1605 2586 sagis
1619 2512 1769 2583 cillicinis,
1785 2515 1869 2571 adex-

174 2619 272 2661 sorore
284 2601 392 2676 juvari,
402 2606 560 2674 quatenus,
569 2619 602 2658 eo
612 2601 667 2658 cite
681 2608 895 2673 consummato,
908 2608 996 2675 queat
1049 2601 1213 2675 pellendam
1225 2601 1426 2675 intemperiem
1438 2600 1523 2659 aeris.
1533 2601 1735 2658 interiusvero
1744 2602 1869 2676 splendc·

174 2709 242 2749 eum
257 2707 356 2749 sorore
370 2691 471 2748 eadem
487 2691 599 2747 diutius
622 2689 791 2747 desideratae
816 2692 995 2765 contempla·
1050 2691 1100 2747 bat
1114 2708 1228 2759 coecus,
1245 2708 1375 2765 purpura
1390 2696 1418 2747 et
1431 2691 1547 2765 byssus.
1564 2691 1637 2757 Onia
1657 2690 1737 2748 enim
1755 2692 1867 2766 quidem

173 2781 246 2838 tioni
260 2796 372 2837 vacare.
389 2779 469 2845 Quod
494 2784 593 2852 aperte
618 2785 721 2837 eontra
746 2782 890 2853 quosdam
905 2781 995 2838 ialsos
1049 2779 1184 2837 homines
1199 2797 1307 2855 grosse
1322 2780 1617 2837 mentissuntminns
1632 2780 1732 2838 idonei
1748 2786 1868 2838 tractare

174 2870 282 2928 activos
298 2873 353 2937 ost,
379 2868 428 2941 qui
444 2884 597 2940 nunquam
617 2868 786 2925 desiderant
807 2871 843 2926 ad
867 2870 994 2943 quietem
1049 2869 1224 2942 spiritualia,
1248 2869 1313 2926 ideo
1337 2870 1444 2926 debent
1458 2869 1530 2925 illud
1543 2871 1580 2926 ad
1595 2870 1673 2943 quod
1688 2870 1788 2928 idonei
1804 2875 1869 2927 sunt

173 2956 430 3032 contemplationis
445 2958 579 3026 transire,
597 2958 648 3014 sed
663 2974 779 3031 semper
787 2975 872 3016 curas
881 2963 909 3015 et
919 2958 996 3016 lobo-
1050 2960 1153 3027 lacere,
1171 2959 1281 3016 scilicet
1304 2960 1461 3015 exteriores
1482 2976 1568 3015 curas
1592 2964 1620 3015 et
1636 2961 1868 3033 perturbationes

174 3064 221 3105 res
235 3047 389 3104 seculares
403 3051 505 3102 amant
515 3051 651 3115 tractare,
668 3047 717 3119 qui
735 3051 763 3103 ot
778 3048 802 3103 si
817 3049 995 3120 quandoque
1050 3048 1237 3121 suscipiendo
1252 3049 1288 3106 ab
1302 3066 1402 3106 eorum
1419 3049 1536 3120 injuriis
1549 3049 1794 3122 contemplativos
1806 3066 1868 3124 pro·

176 3137 248 3193 lorte
261 3139 365 3193 vacant
379 3152 508 3209 corpore,
518 3139 617 3192 tamen
629 3141 700 3192 tunc
711 3135 907 3193 sollicitantur
917 3137 995 3193 etla-
1010 3115 1032 3182 (l
1050 3140 1156 3210 tegere.
1173 3140 1207 3194 nt
1220 3139 1290 3210 quia
1300 3139 1419 3210 quidem
1431 3137 1564 3194 homines
1575 3137 1791 3210 spiritualesad
1802 3143 1870 3196 exte

175 3226 280 3283 borant
295 3229 402 3293 mente,
420 3240 472 3281 nec
488 3224 518 3279 in
534 3223 612 3281 euris
627 3229 655 3280 et
670 3225 794 3298 negotiis
811 3225 856 3282 sni
872 3226 994 3296 coadju-
1048 3227 1126 3283 riora
1150 3228 1302 3283 tractanda
1330 3232 1400 3283 sunt
1422 3228 1523 3284 minus
1546 3227 1654 3298 idonei,
1677 3228 1787 3285 debent
1801 3229 1868 3285 inte·

173 3317 251 3372 tores
266 3317 402 3386 quaerunt
422 3312 539 3380 habere,
556 3314 606 3369 sed
629 3312 726 3386 potius
746 3314 803 3388 ipsi
824 3314 879 3370 soli
895 3314 995 3370 omnia
1048 3316 1125 3372 riora
1138 3321 1167 3372 et
1182 3316 1346 3389 spiritualia
1358 3318 1394 3373 ad
1410 3317 1488 3389 qnod
1504 3316 1598 3389 magis
1613 3315 1711 3372 idonei
1727 3322 1800 3374 sunt
1813 3323 1866 3374 tra·

172 3403 275 3459 volunt
289 3406 423 3469 tractare,
433 3401 991 3476 curasetlaborcshabeatesproquiete,
1047 3409 1174 3472 ctarc,ne
1191 3406 1300 3473 lortc,si
1312 3423 1442 3478 purpura
1452 3411 1481 3462 ot
1495 3407 1601 3479 byssus
1616 3407 1652 3462 ad
1666 3405 1865 3480 intemperiem

172 3495 201 3546 et
215 3491 344 3562 quietern
369 3507 420 3562 pro
449 3490 556 3545 labore.
583 3491 639 3546 Sed
663 3493 780 3563 quando
805 3493 882 3548 inter
905 3509 992 3548 curas
1046 3493 1116 3551 loris
1132 3495 1281 3567 prodeant,
1299 3495 1423 3568 gratiam
1439 3512 1524 3552 suam
1538 3495 1684 3551 amittant.
1701 3497 1737 3551 llt
1752 3503 1865 3554 econtra

172 3579 299 3651 quietem
314 3575 421 3633 habere
430 3578 633 3650 poterunt,qui
643 3579 991 3654 neeinipsaquietequie
1046 3583 1070 3638 si
1087 3600 1162 3656 saga
1177 3589 1206 3639 ct
1221 3583 1310 3655 pelles
1321 3583 1445 3641 interius
1461 3587 1616 3656 ponantur,
1632 3584 1774 3643 indecora
1788 3592 1816 3643 et
1829 3587 1866 3643 in·

170 3670 230 3723 tem
245 3666 352 3722 babere
367 3682 424 3722 non
440 3671 574 3738 possunt.
592 3667 665 3734 Quid
674 3673 772 3724 autem
782 3669 922 3726 llominus
938 3686 990 3742 pro
1044 3670 1129 3728 utilia
1143 3673 1224 3730 liant.
1240 3672 1306 3728 Vidi
1320 3673 1399 3728 enim
1410 3674 1552 3746 quosdam
1564 3689 1581 3728 a
1594 3670 1724 3730 elaustro
1739 3680 1865 3733 contem·

171 3755 263 3812 Maria
278 3755 461 3828 respondeat,
477 3755 650 3823 ostenditur,
666 3773 734 3812 cnm
751 3757 901 3814 subditur:
918 3760 989 3814 llor-
1044 3759 1182 3832 piationis
1196 3776 1339 3835 egressos,
1366 3779 1424 3818 non
1447 3778 1595 3835 regressos
1616 3777 1692 3830 esse,
1708 3765 1773 3831 sed,
1789 3779 1864 3823 more

170 3845 226 3913 tho,
249 3845 367 3910 Martha,
390 3844 511 3899 sollicito
530 3861 557 3900 es
572 3853 598 3900 et
620 3847 742 3901 turbaris
766 3862 831 3916 erpo
854 3848 987 3916 pluriam.
1043 3848 1120 3904 corvi
1136 3848 1217 3905 missi
1234 3851 1334 3919 aNoe,
1351 3852 1541 3908 cadaveribus
1562 3850 1731 3908 adhaesisse.
1750 3854 1826 3911 Sunt
1838 3857 1864 3910 et

168 3936 254 3991 Porro
269 3949 357 3989 anum
370 3941 410 3989 eet
422 3935 615 3990 croccesorium.
631 3936 719 3990 Mario
737 3937 867 4007 optimum
883 3945 990 4008 portem
1043 3936 1105 3992 aliae
1122 3953 1262 4009 persona,
1280 3955 1343 4010 qua
1354 3938 1390 3995 ad
1406 3943 1564 4011 utrumque
1578 3943 1648 3994 sunt
1662 3939 1786 4010 idonee,
1803 3958 1862 4015 qua

168 4023 250 4092 clepit
274 4038 334 4094 pom
347 4024 562 4094 concuteretur
586 4023 620 4079 ab
634 4040 676 4079 eo.
695 4025 725 4079 ln
742 4023 788 4079 his
811 4025 907 4081 verbis
932 4025 988 4082 Do·
1043 4025 1861 4087 etextcrioraetinterioraconvenienternoruattractare.

169 4111 267 4167 minus
284 4114 396 4183 partem
412 4111 599 4167 Martbaenon
609 4111 805 4184 reprehendit,
815 4114 866 4169 scd
875 4118 988 4187 partem
1043 4113 1206 4170 lstidebent
1216 4118 1342 4171 rectores
1352 4115 1547 4172 Ecclesiarum
1558 4117 1710 4185 constitui,
1721 4119 1773 4190 qui
1784 4120 1864 4176 vicis-

169 4200 266 4258 Μανία
280 4199 431 4273 praeponit.
448 4200 583 4256 Officium
593 4199 670 4257 enim
680 4202 799 4258 Martbae
808 4203 864 4259 sibi
876 4203 989 4275 placere
1042 4203 1098 4258 sim
1110 4204 1276 4259 sciantcum
1288 4204 1396 4276 Moyse,
1404 4204 1468 4260 etin
1477 4205 1664 4262 tabernaculo
1674 4196 1727 4279 per
1737 4213 1862 4265 contem·

168 4290 451 4358 demonstratam
476 4287 548 4344 illud
573 4290 707 4362 suscipit,
734 4295 843 4348 etcum
870 4294 987 4363 Martha,
1043 4292 1200 4365 plationcm
1216 4293 1861 4362 Dominumconsulcre,etlorasaderudien·

166 4378 321 4443 Marthama
336 4379 444 4451 inagna
459 4378 621 4443 affectione,
639 4379 777 4452 geminat.
795 4381 849 4437 Sed
866 4381 986 4438 demon·
1041 4381 1110 4436 dum
1124 4382 1341 4455 regendumque
1351 4381 1686 4455 populumexire.0uiod
1697 4385 1859 4460 exemplum

166 4471 241 4527 strat
255 4466 325 4524 illud
341 4466 788 4539 inferiusesseellicioMariae,in
798 4468 906 4527 tribus:
918 4473 987 4544 quia
1001 4485 1025 4550 D
1040 4470 1181 4527 columbe
1196 4471 1255 4527 Noe
1270 4471 1391 4543 egrossi,
1407 4488 1460 4528 nec
1475 4471 1505 4527 in
1524 4473 1717 4530 exterioribus
1732 4478 1859 4549 requiem

164 4556 299 4614 videlieet
313 4555 647 4613 Martbasollieitaestin
659 4556 802 4629 pluribus,
813 4560 916 4631 etquia
926 4567 985 4617 tur·
1040 4561 1229 4628 invenientes,
1246 4579 1313 4617 cum
1330 4579 1410 4618 ramo
1434 4562 1525 4631 oliva,
1542 4562 1571 4618 id
1586 4567 1630 4620 est
1645 4566 1860 4637 operemiseri·

164 4645 260 4713 batur,
277 4649 306 4702 et
314 4645 383 4718 qaia
394 4662 462 4718 pars
469 4645 534 4716 ejus
543 4644 684 4701 aufertur.
694 4645 766 4712 Quia
774 4647 852 4702 onim
861 4647 986 4708 sollicita
1040 4650 1444 4722 cordia,oxteriusadepto,ad
1455 4667 1553 4706 arcam
1560 4652 1817 4725 contemplationis
1828 4662 1861 4712 te·

164 4739 209 4792 est
220 4735 250 4790 in
266 4734 411 4807 pluribus,
426 4734 492 4790 ideo
508 4734 558 4789 uni
576 4735 740 4791 necessario
757 4736 855 4792 minus
872 4737 985 4797 intenta
1039 4737 1149 4794 atinent
1158 4738 1318 4804 redire.Qui
1329 4755 1408 4794 more
1418 4738 1507 4796 Jacob
1518 4740 1644 4812 speciem
1652 4740 1771 4815 Rachel,
1779 4745 1808 4800 id
1820 4750 1861 4801 est

164 4826 218 4880 est.
235 4822 501 4895 thuiaturhatur,
515 4821 579 4878 ideo
587 4822 736 4878 veritatem
748 4823 847 4880 minus
858 4832 985 4883 contem·
1038 4828 1303 4900 contemplationis,
1316 4828 1410 4901 magis
1420 4827 1585 4902 diligant,et
1595 4829 1776 4897 Liam,idest
1791 4836 1859 4891 acti·

163 4910 236 4984 plari
250 4915 354 4983 potest.
364 4913 397 4967 nt
411 4910 701 4983 quiaaulertur,ideo
712 4911 810 4967 minus
820 4917 984 4986 appetenda
1036 4932 1101 4972 vam
1117 4916 1343 4990 n'tam,propter
1357 4933 1477 4989 operum
1491 4917 1698 4976 fecunditatem
1716 4924 1859 4982 sustinere

163 5003 218 5055 est.
234 4998 270 5053 Et
284 5004 402 5054 etontra
411 5017 479 5072 pars
487 4999 581 5055 Maria
596 4999 625 5054 in
635 5016 735 5055 corum
745 5002 983 5059 contrariiscom-
1036 5021 1094 5060 non
1105 5006 1372 5078 recusantMystice
1383 5005 1858 5080 verocastelluminquoDominus

162 5084 328 5150 mandatur,
344 5087 413 5158 quia
429 5089 478 5142 uni
495 5092 608 5143 tantum
625 5093 669 5145 est
684 5089 795 5144 intenta
807 5093 980 5162 necessario,
1037 5091 1164 5162 intravit,
1181 5099 1282 5149 uterus
1297 5098 1341 5150 est
1356 5094 1445 5150 beate
1461 5093 1600 5168 Virginis.
1613 5097 1693 5163 Quod
1710 5098 1859 5158 benecan-

161 5177 190 5231 et
205 5172 275 5245 quia
286 5189 344 5228 non
358 5175 504 5242 turbatur,
515 5178 865 5247 scdmanetineoncussa,
876 5185 904 5235 et
915 5182 983 5254 quia
1036 5181 1115 5254 gruit
1129 5181 1155 5236 ci
1169 5186 1198 5237 et
1213 5181 1329 5238 nomiae
1345 5186 1374 5237 et
1393 5182 1617 5255 significatione.
1635 5185 1770 5255 Nomine,
1786 5206 1857 5262 quo·

163 5278 222 5318 non
238 5260 379 5330 aufertur,
394 5263 444 5318 sed
460 5280 575 5337 semper
588 5272 632 5322 est
642 5284 792 5335 mansura,
809 5272 838 5323 et
848 5269 912 5325 idco
923 5287 983 5326 ma·
1036 5269 1115 5326 niam
1131 5269 1283 5326 castellum
1304 5271 1363 5326 sive
1388 5277 1516 5327 castrum
1537 5272 1644 5329 dicitur
1659 5291 1676 5328 a
1690 5279 1855 5346 castrando,

160 5349 206 5422 gis
221 5350 394 5421 appetenda.
405 5353 540 5408 Attamen
550 5370 618 5425 pars
627 5354 745 5410 Martbac
755 5356 982 5414 fructuosiorest
1035 5375 1068 5415 co
1082 5359 1158 5430 qood
1173 5364 1290 5431 propter
1303 5358 1417 5432 vigilias
1432 5365 1459 5416 et
1483 5361 1612 5417 laborem
1628 5379 1780 5422 armorum
1796 5383 1856 5423 om·

159 5435 189 5523 in
205 5436 341 5509 operibus
356 5443 385 5496 et
400 5440 517 5513 prodest
530 5441 674 5513 pluribus,
688 5461 739 5498 nee
751 5443 873 5501 minoris
885 5446 981 5502 meriti
1035 5447 1082 5502 nis
1102 5446 1191 5502 libido
1216 5446 1382 5502 eliminetur
1405 5452 1541 5506 acastre.
1569 5450 1613 5506 Ab
1639 5455 1723 5507 utero
1739 5469 1856 5528 quoque

157 5528 211 5584 est.
227 5525 300 5596 Quia
315 5527 339 5583 si
353 5527 424 5601 quid
439 5529 566 5602 pulveris
580 5532 746 5588 exterrente
756 5533 879 5606 negotiis
894 5539 923 5592 et
932 5552 980 5592 cu·
1035 5536 1124 5593 beatae
1138 5534 1267 5608 Virginis
1282 5536 1379 5594 omnis
1393 5537 1483 5596 libido
1495 5543 1614 5614 propter
1628 5537 1744 5600 labores
1758 5548 1790 5599 et
1803 5544 1856 5602 ho·
