3816 6006
58 260 119 323 ete

273 391 445 450 ttulit-
465 393 563 448 furcos
582 393 672 463 [unu.

57 484 135 559 Ergo
151 498 252 541 recens
267 482 345 540 acies
356 483 418 555 jorn
435 480 531 538 multa
545 481 621 537 caedo
638 485 768 546 cruento,

57 573 186 646 Jamque
200 572 321 646 fatigato
336 571 436 627 comiti
455 586 621 644 congressa,
638 570 766 627 laborem

58 654 265 737 Sudoremque
278 660 332 717 viri
349 658 460 716 erudeli
476 665 633 732 exaggerat
647 658 700 716 ira.

60 752 181 809 Sauciet
196 756 272 818 ante,
285 755 372 813 retro,
384 749 485 805 dextra
501 748 639 821 laevaque,
650 765 703 804 nec
718 748 809 804 ullam

59 838 117 898 Dat
131 840 262 913 requiem
276 838 424 913 gravibus,
438 836 518 893 nullo
534 838 641 894 sudore
651 842 778 911 gravata.

59 928 220 1002 Postquam
236 927 319 984 nulla
333 925 408 984 valet
422 926 467 983 ris
482 927 652 983 innumeros
668 944 812 983 revocare.

58 1018 104 1076 ad
120 1032 287 1086 numerum,
301 1018 453 1089 majorque
468 1014 543 1071 redit
556 1030 645 1088 quam
661 1017 770 1072 corruit
783 1014 889 1075 bostis.

60 1097 169 1181 hagno
185 1120 283 1165 comes
297 1122 392 1179 parva
408 1104 565 1162 miseratus
581 1104 685 1161 funera
700 1105 791 1160 turbae

59 1194 119 1252 Ora
133 1194 163 1250 in
179 1198 261 1269 terga
276 1198 374 1260 refert,
386 1193 447 1249 hec
460 1192 523 1249 sola
537 1193 669 1249 timentis
682 1193 778 1267 imago
792 1211 799 1250 :

60 1282 173 1340 Caetera
185 1283 304 1341 victoris
319 1281 487 1350 lacerantis,
502 1280 675 1352 dejicientis,

59 1374 156 1446 Atque
169 1371 300 1445 fugantis
316 1376 399 1428 erant
416 1388 423 1426 :
440 1370 470 1426 in
486 1375 567 1444 terga
581 1371 697 1444 fugacia
711 1371 811 1443 cuspis

60 1461 151 1519 Ensis
166 1461 337 1527 dimidians,
349 1476 443 1533 equus
458 1460 576 1525 ardens,
589 1459 706 1515 dextera
721 1459 859 1533 flagrans,

60 1549 176 1623 Quippe
192 1548 368 1616 retrocessit,
386 1547 437 1621 qui
452 1552 527 1604 retro
543 1547 688 1603 occiderat
702 1548 795 1604 bostis
811 1565 818 1602 :

61 1636 100 1695 Ut
114 1655 229 1695 versam
244 1636 347 1696 faciem
363 1638 452 1705 videt,
469 1641 680 1709 aspectumque
698 1637 853 1705 minacem,

60 1727 174 1800 Expers
188 1725 239 1800 qni
255 1731 376 1783 mortem
395 1724 511 1798 fugiens
526 1723 650 1780 incurrit
665 1724 770 1792 eidem,

61 1816 171 1874 'l‘utius
186 1816 293 1890 ignotis
309 1832 431 1888 sperans
447 1830 598 1870 occurrere
614 1813 727 1881 multis,

62 1906 158 1974 Ouum
174 1905 265 1963 semel
281 1908 405 1978 experta
421 1907 531 1959 restare
547 1902 582 1957 ad
598 1902 717 1958 verbera
732 1902 847 1958 dextra.

62 1996 174 2053 Consul
189 1995 251 2069 agit
266 1994 405 2067 trepidos,
418 1992 601 2066 graviterque
616 1991 744 2047 instatur
757 1992 865 2065 agenti,

64 2084 102 2143 Et
116 2085 193 2157 fugit
206 2088 234 2140 et
249 2083 392 2156 sequitur,
404 2080 512 2155 pariter
528 2080 609 2153 fugat
624 2085 712 2152 atque
727 2080 856 2153 fugatur.

119 2173 215 2230 XXIX.
233 2205 266 2214 -
281 2172 313 2229 St
326 2187 389 2228 cum
402 2187 432 2228 co
447 2171 576 2226 liebertus
590 2185 676 2225 conus
689 2169 840 2227 Ftnudrire

64 2261 170 2320 Obu'at
184 2261 231 2318 hie
246 2260 332 2317 hasta
346 2258 533 2326 metuendus,
543 2263 572 2314 ct
587 2275 656 2314 ense
672 2259 815 2316 Rcbertus

64 2351 273 2427 Flandrigena,
289 2349 449 2422 effrenique
464 2348 566 2405 volans
582 2349 616 2403 ad
634 2348 732 2421 prelia
748 2366 849 2416 cursu,

64 2440 181 2498 Damna
198 2454 354 2512 morasque
374 2438 460 2507 levat,
477 2439 548 2494 dum
564 2452 654 2511 quam
675 2436 798 2493 ultimus
818 2438 894 2493 hau-

69 2541 73 2547 “
665 2529 753 2593 [serat
768 2528 859 2582 aure‘l

66 2617 185 2674 Primus
201 2615 361 2674 inardescit
376 2632 505 2689 pugnam
523 2613 708 2688 impinguare
724 2630 836 2670 cruore.

65 2706 177 2765 Obvius
190 2722 260 2785 ergo
277 2708 362 2781 fuge,
374 2703 534 2779 pertransit
548 2703 577 2759 in
594 2720 688 2776 usqne
704 2704 852 2778 fugantes,

66 2800 188 2871 Quaque
202 2797 282 2852 videt
296 2796 402 2851 densas
418 2794 494 2855 scies
510 2792 618 2850 fervere
634 2793 760 2866 sagittis,

65 2885 102 2943 Et
117 2884 241 2941 stridere
256 2884 361 2951 minis;
377 2884 417 2939 ibi
434 2883 542 2939 fervere
556 2882 680 2939 stridere
695 2883 799 2938 tendit.

66 2973 226 3030 Incurrunt
240 2972 328 3029 'l'urci
343 2973 373 3027 in
388 2972 536 3038 comitem,
549 2988 647 3028 comes
666 2988 733 3028 acer
747 2972 776 3026 in
792 2971 876 3028 illos:

65 3052 321 3133 l'landrenaesque
336 3061 395 3117 fere
411 3076 544 3126 numero,
555 3064 584 3116 et
598 3060 703 3116 virtute
719 3060 879 3133 phalanges

66 3151 137 3225 Igne
149 3150 212 3224 pari
224 3164 367 3218 acceneoe;
379 3148 462 3221 pede,
475 3153 581 3221 strage,
594 3149 707 3222 fragore
719 3155 893 3222 sequuntur.
910 3133 932 3201 C

66 3239 217 3297 Sternitur
231 3238 396 3295 arcitenens
413 3238 502 3305 acies,
516 3243 696 3311 sparguntur
710 3243 738 3294 et
753 3254 849 3295 arcus.

66 3331 261 3401 Rumpuntur
276 3328 428 3402 pharetrae,
446 3324 597 3382 calcantur
610 3329 643 3383 nt
657 3324 723 3400 alga
738 3328 861 3399 sagittae,

67 3417 167 3482 Pettae,
178 3417 313 3472 thoraces
329 3415 413 3489 quasi
428 3415 556 3470 stamina
571 3414 649 3469 linea
665 3415 700 3471 ad
718 3431 813 3484 enses,

65 3505 190 3562 Sarcina
205 3508 275 3560 sunt
289 3504 386 3571 tectis,
397 3509 426 3560 et
442 3520 499 3558 non
516 3502 663 3558 tutamina
676 3503 789 3560 Turcis.

65 3594 114 3650 Sic
130 3607 231 3650 comes
247 3591 427 3664 armipotens
443 3591 593 3648 Gallorum
608 3595 691 3664 terga
704 3598 869 3666 sequentes,

64 3682 184 3739 Rursus
198 3686 281 3755 terga
296 3680 365 3737 dare
379 3697 385 3736 :
398 3686 426 3736 et
439 3697 524 3736 versa
538 3679 598 3736 vice
614 3686 730 3753 pectora
746 3681 843 3738 Gallos

62 3770 186 3829 Vertere
203 3768 367 3843 compellit;
383 3785 563 3841 numeroque
578 3770 707 3824 carentia
723 3787 852 3842 primum

63 3859 193 3935 Agmina
207 3860 263 3915 snb
280 3876 435 3914 numerum
453 3858 609 3914 sternendo
625 3861 756 3914 necando
772 3860 896 3916 reducit.

63 3952 99 4007 At
113 3950 203 4006 Turni
220 3963 273 4005 nec
287 3948 348 4004 ulla
363 3948 494 4021 quidem,
508 3964 561 4003 nec
575 3945 670 4002 multa
686 3948 859 4020 rependunt.

64 4038 205 4105 Vulnera,
216 4053 284 4109 spes
298 4053 424 4109 quorum
441 4036 553 4091 ferrato
569 4034 668 4091 nescia
682 4035 780 4104 calcis,

65 4128 141 4183 Tota
155 4125 334 4181 retrosuadae
349 4125 516 4181 deverbero
531 4124 638 4195 pendet
652 4122 788 4194 habenae;

66 4214 148 4270 More
164 4217 265 4268 tamen
280 4211 374 4285 patrio
388 4209 506 4285 fugiens
521 4227 579 4284 quc
595 4208 728 4267 vulnerat
743 4228 846 4280 arcus;

68 4302 125 4359 Sed
140 4300 336 4358 tremebunda
350 4305 430 4356 metu
446 4299 522 4370 ferit,
533 4303 563 4355 et
579 4316 636 4355 non
651 4299 730 4354 ledit
745 4300 868 4367 arundo,

67 4391 182 4448 Tantus
199 4390 235 4445 ad
251 4388 382 4445 internas
397 4387 567 4461 pertransiit
582 4405 675 4460 nsque
691 4387 846 4444 medullas.

68 4478 171 4554 lapsi
189 4493 277 4553 quem
302 4477 405 4552 genuit
432 4476 620 4535 flandrensis
646 4476 766 4532 flamma
788 4481 896 4534 tremo-

773 4567 858 4635 [reml

67 4658 144 4717 Dum
165 4673 265 4714 comes
295 4656 457 4713 indomitus
482 4655 583 4712 domat
611 4654 721 4722 hostes,
750 4656 899 4729 densaque

738 4742 863 4819 [spargit

66 4836 208 4910 Agmiua;
225 4848 329 4907 sparsa
343 4837 432 4902 secat,
444 4838 525 4890 secta
543 4831 650 4900 abruit,
667 4832 773 4890 obruta
788 4833 881 4892 calcat

67 4924 173 4998 llagno
190 4923 380 4996 magnanimo
394 4921 501 4978 comite
516 4922 643 4995 stipatus
659 4923 789 4995 Hugone.

66 5014 125 5072 Nec
140 5016 238 5071 cessat
253 5016 376 5087 strages,
387 5011 479 5068 donec
495 5010 573 5069 socia
586 5028 669 5068 arma
683 5010 800 5085 fugatos

66 5101 240 5176 Excipiunt3
258 5104 438 5174 nectuntque
453 5117 562 5170 moras,
577 5105 735 5175 arcentque
751 5102 896 5175 fugantes.

66 5191 109 5249 lln
126 5192 235 5247 iterum
250 5190 384 5263 viresqne
400 5206 489 5247 novas
504 5188 678 5262 animosque
692 5194 821 5246 recentes

65 5284 308 5354 Congressusque
325 5296 432 5337 manus
447 5279 557 5348 avidas,
569 5283 598 5335 et
612 5284 714 5335 catera
730 5278 766 5334 sd
783 5294 870 5335 usum

66 5370 204 5444 congrua
219 5356 376 5436 bellorum,
389 5385 463 5427 nova
477 5371 584 5424 cuncta
599 5364 729 5423 recentia
744 5366 837 5423 nostri

67 5458 234 5541 Invenient,
250 5454 403 5533 multaque
418 5457 485 5514 licet
495 5457 559 5530 jam
575 5457 653 5512 caede
668 5455 790 5530 gravati,

64 5546 224 5626 Accipiunt
237 5560 331 5624 acres,
344 5544 374 5609 et
386 5544 512 5608 reddunt
526 5543 633 5607 acritu
648 5544 735 5619 ictus,

734 260 861 322 ossan
881 258 1089 322 annonam.

899 393 927 460 A
942 392 1117 450 bollandum
1133 392 1214 448 dicas
1229 390 1446 463 oliveriumque
1460 395 1587 460 renatos,

1705 258 1764 318 ott

943 482 972 538 Si
987 482 1127 538 comitum
1139 484 1251 552 spectes
1264 480 1343 535 hunc
1355 479 1441 536 hasta
1451 478 1529 534 hunc
1541 495 1608 535 ense
1620 478 1748 535 furentes

1090 570 1168 626 XXX.
1180 602 1214 610 -
1228 569 1387 641 Gadesridua
1404 570 1432 624 ia
1448 569 1535 624 lasus
1550 570 1616 624 ruit.

942 658 1007 715 Dux
1021 659 1195 716 Godefridus
1210 657 1297 714 homo
1314 663 1393 714 totus
1409 656 1535 730 bellique
1551 656 1660 728 Deiqne

942 751 1032 818 Cujus
1047 764 1103 802 non
1121 748 1224 811 fervor,
1237 765 1293 802 non
1308 748 1395 806 vires,
1412 763 1469 802 non
1486 747 1638 802 animosus

943 836 1069 909 Spiritus
1084 837 1231 892 Hectoreis
1247 836 1350 905 cessit3
1367 835 1482 908 prefuit
1496 836 1597 901 armis,

944 928 1040 982 Latus
1056 925 1182 981 adestO
1199 941 1272 998 quas
1286 925 1373 991 acios,
1386 942 1449 998 qua
1465 929 1582 997 pectora
1597 922 1665 980 ferrl
1759 928 1761 934 ’

944 1017 1037 1081 Quam
1054 1014 1174 1087 longum
1191 1013 1322 1086 calybem
1338 1012 1436 1069 lateris
1452 1013 1616 1069 munimina
1635 1012 1697 1069 levi

945 1105 1066 1161 Cernere
1081 1106 1144 1158 erat
1169 1103 1307 1158 comitata
1322 1101 1448 1158 dueeml
1473 1103 1539 1174 quis
1565 1103 1654 1159 flatus
1679 1118 1767 1176 equo·

1644 1195 1731 1260 trum,

945 1282 1015 1349 Quis
1030 1280 1163 1337 fremitus
1176 1279 1341 1346 hominurn,
1350 1297 1413 1353 quaa
1421 1279 1513 1353 gloria
1526 1278 1769 1337 Lotharidarumf

945 1371 1008 1427 Dux
1023 1387 1092 1444 orgo
1107 1371 1217 1426 Turcus
1233 1369 1310 1425 acies
1325 1368 1442 1442 premit,
1460 1368 1684 1443 insequiturque

944 1461 1007 1516 Non
1025 1463 1091 1515 astu
1106 1458 1196 1532 vigili,
1212 1475 1269 1513 non
1287 1457 1491 1514 commodltate
1506 1456 1602 1526 loculi,

945 1550 1007 1605 Non
1024 1566 1088 1620 quae
1104 1547 1147 1603 vel
1163 1546 1282 1602 timidos
1298 1547 1327 1602 in
1344 1548 1434 1603 fortes
1449 1547 1563 1617 excitat,
1580 1551 1642 1605 arte

945 1640 1074 1709 adjutus
1091 1655 1098 1692 :
1114 1654 1215 1692 verum
1231 1637 1354 1692 turbans
1372 1635 1418 1692 his
1433 1635 1571 1693 omnibus
1587 1636 1685 1694 hostes

947 1727 1063 1782 Scilicet
1078 1727 1195 1797 adjutos
1211 1728 1345 1797 astuque,
1361 1723 1492 1798 locoque,
1509 1724 1643 1799 doloque.

947 1833 1041 1890 XXXI.
1054 1864 1085 1873 -
1099 1833 1200 1904 Aggere
1219 1833 1340 1903 potitum
1359 1833 1492 1903 sapientes
1517 1835 1679 1906 insequitur,
1695 1850 1772 1893 moue

1213 1905 1322 1958 vicinas
1336 1903 1408 1959 hosti
1420 1905 1502 1974 [rivet.

948 1995 1049 2051 Stabat
1064 1992 1091 2049 in
1108 2009 1229 2049 occursu
1248 1991 1332 2048 ducis
1347 2009 1445 2065 agger,
1461 2010 1587 2066 agerque
1603 1993 1658 2050 sub
1674 1995 1738 2068 ipso

948 2083 1187 2139 Retrooedentem
1205 2080 1362 2137 dirimebat
1376 2081 1413 2135 nb
1428 2098 1532 2154 aggere
1547 2088 1688 2140 montem.

949 2175 1010 2229 lluc
1025 2172 1064 2227 ibi
1081 2172 1135 2227 fisa
1150 2171 1225 2226 dolis
1240 2187 1312 2243 gens
1327 2169 1393 2243 plus
1411 2188 1498 2244 quam
1515 2173 1569 2226 fisa
1586 2171 1700 2246 sagittis

947 2262 1105 2333 Diffugium
1122 2260 1189 2316 fecit
1204 2277 1210 2314 :
1227 2265 1310 2315 ratus
1326 2277 1431 2332 aggere
1446 2260 1517 2316 velle
1532 2262 1629 2334 potiri,

947 2353 990 2408 Ad
1007 2367 1134 2423 pugnam
1152 2351 1279 2422 refugos,
1294 2350 1352 2404 dux
1368 2350 1479 2406 fraudis
1494 2354 1523 2406 et
1533 2350 1604 2408 artis
1618 2350 1725 2425 inique

949 2442 1081 2511 Ignarus,
1098 2437 1165 2494 belli
1182 2438 1286 2493 faciem
1302 2438 1444 2493 conrertit
1459 2437 1488 2493 in
1505 2438 1581 2507 illos,

948 2526 1082 2584 niceten
1099 2525 1218 2580 incursu
1235 2525 1383 2581 tumulum
1399 2525 1482 2598 prius
1496 2527 1579 2584 hoste
1594 2533 1747 2600 gravatum

950 2617 1075 2682 Liberat,
1088 2615 1155 2671 inde
1171 2615 1269 2687 fugam
1285 2616 1321 2669 ad
1334 2619 1462 2671 montem
1477 2632 1527 2687 per
1539 2617 1627 2688 plana
1639 2623 1771 2676 coactum

949 2707 1051 2776 Strage
1067 2705 1172 2776 premit
1187 2703 1292 2769 multa,
1304 2704 1398 2760 hostis
1413 2705 1525 2761 scilicet
1539 2711 1626 2779 atque
1639 2724 1775 2784 suorum,

949 2795 1094 2851 Nimirum
1111 2810 1182 2866 gens
1198 2791 1247 2847 illa
1262 2792 1338 2848 dolis
1353 2797 1466 2849 armata
1481 2799 1653 2866 sequentem

949 2885 1040 2955 AEque
1055 2882 1201 2955 transfigit
1217 2881 1348 2948 loricam,
1364 2899 1451 2954 quarn
1470 2882 1627 2956 fugientem
1644 2901 1651 2942 ε

949 2973 984 3027 ai
998 2972 1052 3026 nisi
1069 2988 1163 3043 equus
1177 2970 1259 3026 velox
1274 2970 1454 3042 fugientibus
1471 2971 1581 3045 iggerat
1596 2973 1709 3043 hastas,

951 3064 1012 3127 Quo
1028 3059 1121 3133 magis
1143 3058 1286 3130 effugiunt
1308 3059 1402 3131 magis
1417 3059 1537 3117 horrida
1551 3061 1671 3119 vulnera
1692 3081 1776 3138 spar-

1681 3157 1775 3227 [gunt,

953 3239 989 3295 Ut
1004 3237 1091 3293 faciat
1105 3236 1191 3292 anci
1208 3234 1287 3309 lngo,
1301 3237 1378 3308 quod
1395 3236 1515 3294 victoria
1531 3239 1643 3298 Franci.

952 3328 1049 3384 Monte
1064 3330 1179 3399 recepta
1194 3325 1308 3391 cohors,
1326 3343 1383 3381 non
1399 3343 1453 3382 iere
1469 3334 1588 3400 gravata
1603 3347 1655 3387 nec
1673 3329 1775 3401 armis,

952 3419 1016 3473 AEre
1031 3433 1142 3488 graves,
1160 3416 1309 3486 armisque
1322 3415 1399 3470 viros
1416 3421 1481 3488 post
1495 3420 1577 3491 terga
1591 3424 1710 3477 ruentes

952 3504 1053 3560 Evadit
1070 3504 1162 3575 facile,
1174 3508 1203 3560 ct
1218 3503 1294 3559 facili
1312 3521 1462 3577 pronaque
1477 3507 1585 3579 sagitte

952 3594 1091 3663 sauciati,
1103 3593 1216 3648 intortae
1233 3593 1428 3664 contemptrix
1442 3595 1558 3651 eminus
1574 3595 1675 3653 hastae.

950 3683 1062 3738 Anxius
1076 3681 1181 3753 objecti
1198 3681 1256 3736 dua
1273 3680 1411 3737 frondens
1426 3680 1457 3737 in
1472 3684 1544 3755 pede
1562 3687 1672 3743 montis

952 3773 1080 3828 Rursum
1093 3771 1122 3824 in
1135 3769 1222 3842 plana
1233 3768 1308 3825 redit
1320 3785 1326 3824 :
1339 3768 1363 3825 si
1376 3787 1450 3842 quos
1461 3789 1546 3829 mons
1558 3774 1669 3832 invidet
1678 3776 1778 3837 hostes

951 3860 1085 3930 Eiiciant,
1102 3875 1194 3914 vacua
1208 3874 1277 3913 arra
1291 3858 1356 3913 duri
1374 3859 1514 3932 repetitus
1529 3865 1557 3917 et
1572 3879 1670 3939 agger.

951 3948 1049 4005 Hostis
1065 3948 1101 4003 ad
1118 3947 1178 4002 haec
1194 3946 1312 4020 gaudet,
1324 3947 1484 4016 descendit,
1499 3954 1527 4005 et
1543 3951 1619 4009 ultro
1633 3952 1760 4025 lacessit,

951 4038 1073 4110 Semper
1088 4036 1266 4104 discurrens,
1280 4039 1308 4091 et
1323 4052 1439 4108 semper
1454 4037 1575 4095 vulnera
1591 4059 1742 4116 spargens.

952 4129 1055 4183 fretus
1069 4143 1144 4198 equo
1159 4124 1255 4185 celeri.
1271 4125 1438 4197 montisque
1455 4127 1551 4184 favore
1566 4131 1733 4205 propinqui,

952 4213 1780 4288 Duxiterumqueiterumquesequensinpectoramnltos

951 4302 1072 4374 Excipit.
1088 4307 1116 4357 et
1132 4301 1230 4374 plures
1247 4301 1275 4356 in
1292 4306 1375 4375 terga
1391 4310 1559 4361 remunerat
1574 4305 1661 4364 ictus.

952 4392 1049 4447 Monte
1066 4397 1164 4447 tamon
1185 4391 1305 4445 meritos
1324 4408 1440 4463 semper
1454 4398 1587 4452 curtante
1601 4397 1780 4472 triumphos,

913 4500 936 4565 D
952 4480 1064 4552 Quippe
1078 4479 1146 4535 sinu
1161 4477 1255 4547 victis,
1268 4478 1437 4535 victricibus
1451 4481 1533 4538 obice
1548 4483 1650 4555 signis,

951 4568 995 4624 Ce·
1024 4568 1170 4640 quondam
1189 4567 1359 4640 accipitrem
1376 4569 1425 4640 qui
1441 4569 1563 4627 circinat
1577 4589 1645 4630 aera
1657 4590 1737 4648 gyro,

952 4656 1009 4713 Ceu
1021 4657 1071 4729 qui
1086 4655 1116 4712 in
1129 4656 1224 4712 fronte
1235 4655 1317 4711 sedet
1328 4656 1519 4729 querularum
1531 4662 1618 4718 turba
1628 4661 1780 4723 volucrum

952 4746 1140 4819 circumagit,
1153 4745 1292 4817 variaque
1308 4745 1400 4818 replet
1414 4747 1542 4822 virgulta
1556 4749 1663 4808 latratu
1682 4768 1689 4808 :

952 4836 1027 4892 Tum
1044 4837 1067 4891 si
1085 4838 1157 4891 forte
1173 4851 1280 4906 procax
1295 4836 1396 4891 cornix
1412 4839 1545 4910 propiore
1560 4839 1655 4897 volotu

951 4924 1017 4981 Jarn
1032 4924 1180 4979 tumidum
1205 4923 1342 4990 ostendit,
1356 4924 1404 4981 ille
1426 4925 1596 5000 indignatus
1621 4935 1650 4986 et
1673 4931 1780 4989 ardens

952 5015 1055 5070 fertur
1069 5014 1097 5068 in
1113 5013 1222 5069 aeriam
1238 5017 1298 5069 toto
1315 5015 1470 5072 conamine
1485 5018 1603 5074 turbam
1619 5036 1626 5075 ε

952 5101 1005 5160 llla
1020 5102 1095 5175 fugit
1109 5102 1231 5175 trepidis
1245 5106 1380 5174 repetens
1395 5105 1542 5162 cunabula
1556 5107 1670 5179 pennis,

951 5196 1021 5248 Cum
1038 5192 1164 5247 similem
1180 5190 1286 5246 hesuro
1302 5192 1442 5262 porrectis
1455 5195 1605 5268 unguibus
1620 5200 1705 5254 arctoe

952 5282 1017 5338 Saxi
1034 5298 1084 5337 scu
1101 5279 1187 5336 terris
1202 5279 1340 5335 cohibent
1355 5284 1383 5337 te
1397 5283 1494 5352 prado
1511 5283 1628 5342 latebre
1645 5303 1652 5343 :

951 5371 1053 5444 Ungue
1068 5386 1172 5425 oanren
1189 5368 1304 5441 plumas
1320 5368 1450 5428 referens
1467 5372 1595 5448 insignia
1609 5373 1723 5448 palme,

951 5457 1042 5513 Nacta
1056 5457 1125 5513 sede
1139 5455 1230 5523 dolos,
1245 5455 1366 5530 alasque
1381 5474 1528 5532 expansus
1543 5461 1636 5520 hianti

952 5545 1066 5620 Rostro,
1082 5542 1246 5604 luminibus
1261 5541 1431 5620 flammatis,
1447 5553 1563 5626 pectore
1577 5548 1693 5613 anhelo.
