3816 6006
94 193 153 259 983
358 190 412 256 Ab
433 189 692 257 uobaaalnon
712 177 881 255 APPNND.
896 188 934 255 ll.
946 224 986 238 ·-
1000 186 1155 255 NONUM.
1177 188 1230 254 1111
1249 188 1375 255 ababa
1397 186 1535 254 SAGRO.
1736 187 1799 253 md

95 330 133 389 ilt
146 345 200 386 sua
214 324 339 385 lenirent
353 327 433 384 mala
446 325 569 384 consilio
584 325 713 393 meliore,
928 327 956 394 A
970 325 1005 382 at
1019 325 1146 382 Marram
1161 323 1279 399 populis
1291 323 1445 381 minimum
1458 325 1521 397 jam
1540 323 1659 382 reddere
1672 325 1797 393 victum,

95 420 131 478 aa
144 419 270 476 subeant
283 421 393 474 turrem
406 434 469 491 quae
486 415 622 490 presidet
636 417 728 473 ardua
742 419 841 489 pottae,
973 413 1041 473 Plus
1057 414 1124 470 ssdei
1140 415 1212 471 fisus
1228 430 1316 488 quam
1331 413 1452 482 viribus,
1470 414 1568 472 omnia
1582 415 1697 473 Christo

96 512 154 569 llos
168 508 304 583 equidem
321 513 399 582 teget
413 508 443 564 in
459 509 568 564 misera
579 525 633 563 sua
646 507 763 563 dextera
778 510 882 562 morte.
974 503 1147 570 Committit‚
1165 504 1275 577 latique
1289 504 1367 560 vices
1382 504 1456 559 duce
1472 520 1529 560 non
1543 504 1627 560 timet
1640 505 1707 562 isto.

95 601 241 658 Victorem
256 598 425 670 victumque
441 598 511 654 lacit
526 614 582 653 nox
596 595 787 668 irrequietum
975 595 1056 650 Tunc
1072 594 1197 666 pedibus
1214 593 1317 660 nullis,
1333 592 1420 649 solito
1436 596 1565 649 cessante
1580 598 1694 666 paratu,

96 690 180 747 Victa
194 689 270 762 rapit
280 687 380 756 victor,
396 686 474 743 videt
488 686 534 742 hic
549 703 700 742 accurrere
711 684 835 742 lethum.
974 682 1129 757 Egreditur
1143 682 1269 738 Marcam
1286 699 1353 738 cum
1369 681 1481 755 plebeio
1496 683 1644 740 comitatu.

99 781 225 852 Jamque
239 778 316 833 diem
333 776 488 848 luctusque
503 792 592 832 novos
607 792 713 831 aurora
726 775 857 840 vocabat,
976 772 1116 839 Qualibet
1130 771 1199 828 huic
1214 771 1320 845 populo
1337 788 1456 828 cessura
1471 771 1598 844 pericula
1608 772 1700 844 jurat.

98 869 208 927 Vicina
224 866 312 925 morti
327 883 358 923 se
372 865 442 921 civis
456 866 486 920 in
503 865 574 921 urbe
589 865 720 937 parabat.
977 862 1034 919 Nec
1049 878 1152 918 secura
1167 861 1240 917 sides
1254 877 1355 934 regum
1372 860 1520 918 consortia
1533 867 1625 917 curat.

99 955 277 1016 christicole
291 955 441 1029 stringunt
456 971 551 1023 enses,
567 957 596 1010 et
608 959 686 1010 tecta
701 953 829 1010 cruentis
978 951 1085 1008 Cedere
1099 951 1278 1024 pauperibus
1293 950 1377 1007 fortis
1393 955 1476 1023 putat
1489 949 1538 1007 ille
1553 949 1656 1020 fidelis,

100 1046 275 1122 Corporibus
289 1044 445 1117 complent,
463 1043 622 1117 populique
635 1060 737 1099 cruore
751 1042 893 1099 cadentis.
977 1041 1071 1097 Audet
1086 1045 1113 1097 et
1128 1041 1191 1113 ipse
1206 1044 1299 1096 ratem
1315 1040 1420 1096 laceris
1435 1041 1618 1097 committere
1630 1042 1712 1100 velis.

100 1137 153 1195 llic
167 1136 256 1194 etiam
270 1133 386 1190 virtutis
402 1151 477 1206 opus
492 1133 599 1207 gladiis
615 1132 714 1201 iniere,
980 1130 1064 1187 Plebs
1079 1146 1218 1203 aggressa
1231 1129 1309 1186 viam
1326 1132 1445 1202 propter
1455 1129 1570 1201 jejunia
1586 1131 1676 1200 tarda,

100 1227 225 1300 Corpore
238 1223 288 1297 qui
302 1222 383 1279 tenui
394 1224 469 1278 vires
484 1221 614 1278 modicas
630 1221 767 1278 habuero.
979 1220 1014 1275 Et
1029 1219 1150 1275 comites
1165 1218 1281 1274 comitis
1298 1219 1428 1291 primum
1442 1233 1546 1274 venere
1561 1218 1722 1292 capharda.

100 1317 234 1388 Denique
249 1328 335 1369 senes
349 1311 510 1368 decollandi
528 1326 643 1383 peanum
659 1309 820 1383 graviorem
980 1308 1089 1365 Consul
1109 1307 1341 1375 Nortbmannus,
1368 1307 1696 1384 Northmannorumque
1717 1312 1808 1369 cohor

102 1408 195 1474 Quam
206 1405 348 1475 juvenes;
375 1400 509 1474 producit
524 1399 601 1456 enim
622 1400 666 1456 vis
681 1416 770 1473 parva
786 1400 924 1456 dolorem.
1704 1399 1771 1476 [leq

102 1500 136 1552 at
149 1493 240 1551 veluti
254 1491 413 1548 minimum
429 1490 593 1564 potuissent
605 1507 670 1547 esse
685 1507 788 1547 nocere
980 1491 1058 1556 Quos
1074 1488 1168 1545 reddit
1183 1505 1237 1544 sua
1252 1492 1329 1544 terra
1343 1486 1451 1562 pigros,
1469 1488 1621 1563 incognita
1636 1491 1734 1561 fortes,

102 1588 247 1659 Tempora
262 1582 458 1657 quorumdam
473 1579 586 1653 laqueis
598 1580 641 1637 sic
656 1579 836 1654 implicuere.
980 1579 1033 1635 Hic
1048 1578 1156 1634 animis
1171 1583 1199 1634 et
1213 1577 1386 1650 corporibus
1401 1578 1511 1636 nostris
1527 1579 1687 1636 sociantur.

103 1676 140 1734 Ut
153 1675 271 1748 laquem
288 1670 411 1730 baculus
427 1669 617 1744 constringat,
633 1673 662 1727 et
676 1669 814 1727 interiora
982 1668 1022 1724 De
1037 1667 1105 1724 Adai
1120 1667 1181 1722 zclo
1198 1665 1273 1722 mole
1288 1682 1410 1739 quaeque
1426 1667 1526 1723 subire
1541 1673 1703 1726 morantur.

103 1764 231 1824 Perloret
244 1780 312 1820 ossa
326 1761 424 1836 rigens
440 1759 530 1828 lunis,
547 1776 633 1817 cruor
648 1758 770 1833 impleat
785 1758 873 1828 intra,
986 1758 1044 1814 Rex
1060 1773 1177 1830 quoquc
1192 1756 1347 1812 Caesareae
1362 1757 1471 1813 nostris
1500 1758 1653 1829 praetendit
1667 1776 1810 1829 amorem,

105 1857 188 1913 'l'unc
202 1854 308 1910 educta
323 1852 386 1909 suis
396 1850 549 1907 exstabant
564 1850 665 1906 oribus
681 1849 786 1906 horum
983 1849 1018 1903 nt
1032 1846 1128 1919 specie
1142 1846 1224 1919 pacis
1235 1844 1309 1902 malo
1324 1844 1425 1918 palliat
1439 1843 1488 1902 illo
1503 1846 1649 1903 timorem.

106 1943 241 2012 Lumina,
254 1942 380 1999 loedabat
394 1939 491 1996 sanies
505 1939 613 1995 barbas
628 1939 813 1996 miserorum.
984 1936 1114 2009 Denique
1129 1937 1288 1992 Cesaream
1303 1934 1377 1991 serie
1392 1935 1508 1991 ssrmata
1522 1935 1668 1994 malorum

106 2032 189 2090 'Pelia
204 2030 333 2104 lingebat
347 2029 410 2085 anri
427 2026 491 2085 sitis
506 2027 673 2084 ellodiondi.
986 2026 1084 2083 Turba
1095 2026 1178 2099 petit,
1195 2025 1265 2097 quia
1281 2023 1368 2098 longa
1383 2024 1466 2096 quies
1482 2024 1655 2082 laborasset
1670 2044 1784 2084 eorum.

106 2117 738 2193 Namquidnonsuudctamorimmoderatus
749 2115 895 2172 habendi?
985 2115 1153 2187 Inseditque
1169 2131 1258 2186 super
1272 2113 1394 2169 lluvium
1411 2113 1520 2181 Farlar,
1537 2116 1607 2188 quia
1618 2115 1675 2172 tale

106 2209 225 2266 Viscera
238 2209 331 2264 morte
346 2205 425 2278 gravi
438 2205 500 2276 jam
515 2204 622 2278 frigida
636 2205 736 2261 dextra
751 2210 872 2261 cruenta
985 2205 1095 2261 Nomen
1112 2204 1200 2260 habat
1215 2204 1324 2260 Numen
1339 2203 1387 2259 hic
1401 2204 1467 2260 urbi
1484 2202 1660 2261 collaterale.

107 2296 231 2365 Scindit,
247 2299 275 2351 et
289 2309 324 2350 ex
337 2292 411 2366 ipsis
426 2309 533 2348 manus
548 2292 647 2349 haurit
661 2309 747 2349 avara
756 2293 875 2349 talenta.
984 2296 1019 2351 Et
1034 2294 1127 2350 muris
1143 2294 1262 2349 admota
1277 2293 1367 2347 nimis
1383 2292 1508 2349 tentoria
1522 2292 1594 2349 vidit

106 2389 160 2445 Ast
174 2383 247 2441 ulios
263 2397 377 2440 servare
391 2381 476 2437 ducis
491 2397 565 2454 quos
581 2397 651 2438 cura
664 2380 787 2450 volebat,
985 2385 1045 2440 lton
1056 2382 1147 2449 urbis,
1163 2383 1257 2439 vetuit
1272 2383 1458 2448 commercia,
1475 2388 1561 2456 pacta
1575 2383 1690 2442 recidit.

107 2472 295 2534 Irrevocabile
309 2472 415 2546 vulgus
431 2471 467 2527 ad
483 2470 574 2544 impia
587 2471 648 2527 iata
661 2471 805 2528 trahebat.
985 2474 1075 2531 Nocte
1090 2473 1141 2529 sed
1156 2477 1265 2540 exacta,
1281 2470 1389 2544 populo
1400 2472 1463 2543 jam
1478 2473 1690 2545 progrediente,

107 2568 169 2625 lma
183 2579 268 2621 senes
283 2560 361 2619 erebi
377 2563 523 2633 repetunt,
539 2561 705 2616 venduntur
716 2560 830 2633 ephebi.
984 2563 1036 2618 llis
1052 2565 1241 2619 occurrerunt
1256 2560 1313 2616 duo
1328 2561 1428 2626 Tiarai,
1446 2578 1513 2635 rege
1524 2562 1659 2633 jubente,

105 2653 239 2715 Detiuuit
252 2655 368 2708 nostros
385 2649 414 2705 in
430 2649 540 2705 linibus
554 2649 600 2706 his
616 2666 699 2706 mora
714 2651 835 2706 mensis.
984 2653 1124 2710 Hostibus
1140 2650 1323 2724 obsequium,
1342 2650 1409 2707 licet
1423 2651 1533 2721 hostes,
1550 2651 1756 2711 exhibuerunt.

106 2746 239 2803 Mortuus
253 2740 366 2797 interea
380 2738 487 2812 praesul
503 2738 558 2794 luit
568 2738 616 2794 hic
632 2739 774 2796 Oriensis.
985 2743 1019 2798 ut
1033 2741 1107 2797 vada
1122 2758 1194 2813 quos
1211 2738 1321 2796 nollent
1335 2740 1455 2796 evadere
1469 2741 1702 2814 praedocuerunt.

110 2836 216 2892 Nostra
226 2830 330 2887 cohors
344 2829 447 2902 paucis
462 2829 625 2885 consumsit
638 2827 733 2884 multa
744 2827 866 2884 diebus:
984 2829 1070 2887 Venit
1085 2834 1113 2886 ct
1129 2830 1164 2885 ad
1180 2828 1284 2884 vallem
1299 2829 1459 2900 quamdam
1480 2847 1553 2902 gens
1568 2834 1669 2886 nostra
1684 2831 1809 2890 duorum

111 2921 210 2980 Nescit
221 2918 300 2976 enim
315 2917 407 2992 partis
420 2915 540 2973 victoria
553 2932 669 2989 parcere
682 2917 780 2974 rebus.
985 2920 1146 2987 conductu,
1163 2917 1297 2991 cepitque
1312 2918 1399 2974 boves
1414 2919 1488 2988 (115)
1503 2924 1531 2974 ot
1546 2935 1689 2991 equorum

110 3011 172 3069 lllic
186 3025 254 3083 crgo
270 3007 377 3063 famem
393 3021 465 3079 gens
488 3004 610 3079 pertulit
631 3004 864 3072 immoderatam,
988 3009 1130 3075 Praedam;
1147 3024 1252 3080 nempe
1267 3007 1354 3063 boves
1369 3010 1397 3063 et
1412 3006 1479 3080 equi
1495 3024 1546 3080 per
1557 3009 1692 3081 gramina
1708 3008 1765 3066 late

107 3101 142 3157 Et
158 3099 350 3171 susceperunt
364 3097 486 3151 mortem
503 3093 633 3168 plerique
647 3098 789 3163 vocatam,
947 3083 968 3150 C
988 3097 1072 3154 lbant
1086 3096 1236 3170 graminea
1251 3096 1411 3170 gaudentes
1426 3095 1583 3153 fertilitate.

108 3191 142 3247 ill
158 3188 298 3263 quianon
315 3183 418 3241 habuit
433 3181 560 3257 populus
576 3185 653 3256 quod
668 3184 775 3241 habere
789 3184 904 3253 licebat,
985 3187 1080 3259 thue
1096 3187 1194 3244 icrunt
1208 3186 1317 3258 quibus
1331 3183 1382 3241 illa
1395 3185 1451 3240 luit
1462 3186 1601 3258 praedatio
1617 3191 1707 3256 tenta,

109 3276 216 3336 Tendit
229 3276 260 3332 in
276 3272 423 3339 illicitum,
441 3272 578 3329 fecithoc
593 3274 671 3346 quod
681 3274 733 3344 jus
746 3272 930 3347 prohibebat.
987 3277 1221 3350 bopraedatorum
1237 3279 1307 3330 sunt
1322 3272 1416 3331 millia
1430 3275 1561 3348 quinque
1576 3281 1702 3349 reperta,

109 3366 183 3425 Proh
199 3362 294 3421 dolori
307 3360 505 3418 heusacinusl
521 3363 649 3418 verubus
664 3378 787 3434 posuere
802 3366 931 3419 recentes
984 3367 1094 3440 Aggere
1110 3365 1258 3420 munitum
1275 3363 1352 3432 forti,
1371 3381 1515 3437 muroque
1530 3367 1666 3433 rotundo,

108 3457 270 3513 'lurcorum
283 3468 396 3518 carnes,
407 3449 536 3507 lacerant
549 3451 689 3507 cadavera
704 3452 815 3509 dentes.
985 3456 1086 3512 Stabat
1101 3454 1140 3510 ibi
1156 3457 1297 3520 castrum,
1313 3455 1364 3509 sed
1381 3454 1513 3510 redditur
1528 3453 1582 3510 hoc
1598 3455 1781 3528 linymundo.

106 3561 246 3620 narcara
264 3561 337 3615 aare
350 3557 581 3615 boamundanae
602 3560 737 3614 comeam.
758 3558 787 3614 s.
813 3559 927 3630 spara
983 3545 1125 3600 Hostibus
1140 3543 1170 3599 in
1185 3542 1290 3599 mediis
1303 3560 1355 3615 ver
1370 3543 1499 3616 quinque
1515 3543 1578 3600 dies
1593 3543 1736 3602 habitare·

239 3631 340 3686 Fausta
353 3630 448 3686 omnia
463 3628 628 3685 Christiania
640 3629 795 3686 succedunt.
924 3687 930 3699 ,
984 3634 1105 3701 Proluit,
1121 3634 1145 3691 ci
1160 3633 1263 3706 spoliis
1275 3633 1411 3704 jumenta
1424 3633 1500 3689 datis
1515 3651 1646 3691 onerare.

106 3722 400 3794 Tuucperscrutatur
414 3718 569 3774 boimundi
585 3734 674 3774 causa
689 3720 816 3775 secundo
983 3726 1065 3780 Tunc
1079 3740 1151 3797 gens
1166 3721 1220 3779 illa
1235 3723 1291 3778 nde
1307 3722 1406 3778 firmat
1420 3739 1451 3779 se
1466 3722 1562 3780 loedua
1576 3722 1683 3779 habere

104 3812 163 3869 Nec
177 3807 346 3867 concordari
362 3805 457 3880 potuit
471 3807 605 3863 duacum
621 3808 806 3881 Raymundo,
983 3812 1158 3886 Perpetuam
1174 3827 1241 3867 cum
1256 3810 1446 3879 Christicolis,
1460 3810 1590 3885 nullique
1605 3826 1714 3868 nocere.

105 3901 214 3974 Regem
228 3914 286 3955 non
301 3896 391 3971 recipi
406 3895 776 3969 constantinopolitanum,
983 3901 1046 3957 Nou
1060 3905 1158 3956 tamen
1173 3899 1243 3955 huic
1260 3899 1324 3956 lirici
1341 3900 1415 3956 foret
1428 3899 1489 3957 ulla
1504 3901 1576 3956 fides
1592 3897 1766 3970 adhibenda,

103 3989 162 4045 Nec
176 3988 246 4045 dare
256 3986 401 4059 juratum,
418 4000 516 4041 comes
529 3985 636 4041 asserit
649 4001 715 4042 esse
729 3986 895 4059 profanum.
983 3989 1041 4045 Nec
1054 3988 1126 4045 levis
1141 3986 1259 4044 illorum
1275 3988 1431 4061 promissio
1447 3990 1641 4062 suscipienda.

103 4077 178 4150 Ergo
192 4075 246 4131 via
258 4090 360 4131 curam
375 4076 482 4130 sancta
498 4074 583 4130 ducis
598 4073 642 4131 ira
656 4075 767 4147 rejecit,
983 4078 1051 4134 Post
1063 4077 1191 4133 Arabum
1207 4076 1316 4150 petitur
1331 4081 1470 4149 castrum,
1486 4079 1565 4151 quod
1581 4093 1643 4135 mex
1658 4078 1797 4150 aperitur.

103 4164 150 4222 lra
165 4165 282 4230 ducem,
298 4163 356 4218 dux
370 4178 476 4237 agmen
490 4162 546 4218 iter
562 4166 738 4236 postponere
752 4164 829 4221 fecit.
982 4166 1134 4225 Proximus
1149 4167 1202 4223 hos
1216 4165 1298 4223 labor
1311 4167 1345 4222 ad
1360 4166 1466 4224 vallem
1481 4167 1615 4240 perduxit
1626 4183 1780 4239 amanam,

103 4253 153 4311 ille
168 4253 288 4327 quidem
301 4268 368 4308 cum
385 4251 569 4326 principibus
584 4254 719 4326 repetivit
734 4258 832 4311 amata
983 4257 1137 4312 Fructibus
1152 4255 1314 4312 innumeris
1330 4255 1450 4313 hiemali
1465 4262 1596 4330 tempore
1611 4254 1733 4329 plenam.

105 4343 222 4411 Nmnia,
239 4341 380 4416 plebsque
394 4339 472 4398 dolet
484 4341 575 4397 tantis
590 4343 724 4415 patribus
739 4344 868 4401 viduata.
982 4345 1057 4403 Urbs
1071 4346 1111 4401 ibi
1127 4348 1212 4419 grata
1226 4345 1285 4401 situ
1301 4349 1400 4401 manet
1415 4343 1472 4401 alto
1487 4344 1637 4419 splendida
1651 4362 1747 4414 muro,

14 4446 17 4454 ’
105 4432 161 4490 Sed
177 4447 275 4488 comes
290 4429 394 4504 AEgidii
410 4430 508 4486 Sancti
525 4435 624 4487 manet
637 4431 824 4504 irrequietus,
942 4436 1049 4520 DQrvoe
1065 4435 1148 4508 quasi
1164 4450 1282 4508 gemma
1296 4434 1395 4502 micat,
1413 4451 1484 4490 auro
1500 4434 1674 4490 circundata
1689 4453 1773 4508 puro.

104 4521 216 4578 Anxius
232 4520 262 4576 in
278 4517 389 4588 multis,
406 4535 544 4575 curarum
560 4521 636 4575 mole
651 4520 789 4593 repletus.
984 4523 1081 4581 lncola
1094 4521 1262 4597 caphaliam
1277 4527 1360 4579 vocat
1375 4523 1450 4579 hanc
1465 4523 1515 4596 qui
1530 4528 1600 4580 tunc
1610 4522 1750 4597 fugiebat,

105 4609 151 4666 sit
163 4610 250 4666 modo
265 4607 345 4665 salva
360 4609 433 4665 lldes
448 4607 544 4682 placet
558 4614 590 4664 ut
605 4609 761 4666 descendat
776 4611 811 4667 ad
827 4611 886 4668 ima
982 4612 1096 4670 Gentius
1111 4617 1144 4669 ut
1158 4612 1232 4668 vidit
1246 4629 1319 4685 quos
1329 4613 1393 4684 jam
1409 4629 1526 4669 rumore
1540 4613 1659 4670 videbat.

104 4697 254 4766 Qualibet,
269 4702 298 4755 ct
312 4714 465 4771 procerum
481 4703 646 4754 summetur
660 4715 707 4756 res
721 4716 755 4756 ea
769 4699 849 4768 lima,
982 4702 1099 4759 Civibus
1113 4701 1239 4774 egressis
1253 4703 1378 4757 victores
1393 4701 1602 4775 ingrediuntu,

104 4786 311 4860 Mandavitque
325 4785 395 4843 viris
410 4787 581 4843 absentibus
596 4791 629 4843 ut
644 4789 803 4863 Rugiosam
982 4792 1053 4868 Tres
1067 4795 1095 4847 ct
1108 4791 1137 4846 in
1153 4791 1225 4846 urbe
1236 4789 1298 4846 dies
1314 4789 1469 4863 complent,
1482 4774 1796 4864 opibusqueiruuntun

103 4876 184 4934 Juris
200 4893 298 4933 amore
312 4880 420 4949 petant,
438 4893 497 4932 rem
509 4876 668 4932 discutiant
682 4877 823 4935 odiosam.
982 4880 1098 4938 Hostica
1112 4894 1183 4953 gens
1199 4878 1307 4935 harere
1322 4879 1383 4947 diu,
1399 4883 1515 4937 montes
1530 4879 1670 4954 superavit

104 4963 295 5032 Conveniunt,
308 4981 368 5020 rem
384 4963 556 5031 discutiunt,
573 4965 623 5022 sed
637 4965 717 5022 fraus
732 4967 772 5022 ibi
788 4967 852 5024 dira
982 4970 1024 5027 Im
1031 4986 1155 5037 mensos,
1172 4967 1201 5023 in
1216 4966 1291 5024 valle
1306 4967 1411 5025 Desem
1426 4985 1480 5024 sua
1494 4973 1582 5025 castri
1597 4966 1712 5025 locavit.

104 5053 250 5110 Damonis
266 5054 384 5122 insedit,
401 5069 454 5109 nec
469 5052 557 5108 linem
573 5056 702 5128 repperit
717 5056 770 5111 ira.
981 5059 1033 5115 ilic
1049 5073 1165 5131 quoque
1181 5057 1263 5129 larga
1278 5056 1329 5113 Dei
1343 5057 1436 5130 pietas
1451 5057 1531 5114 dedit
1544 5057 1606 5114 heic
1622 5057 1692 5114 aciei

104 5144 185 5200 Tunc
202 5143 328 5199 Marcam
343 5141 427 5214 petiit
441 5156 539 5198 comes
553 5144 730 5216 exspectatio
746 5147 849 5215 turba,
982 5150 1115 5215 Fructus,
1132 5147 1324 5214 frumentum,
1339 5145 1382 5202 vel
1399 5147 1549 5204 sufficiens
1564 5144 1742 5205 dimentum.

102 5230 281 5305 Collegitque
295 5245 350 5285 sua
359 5229 482 5285 comites
496 5230 679 5288 Boimundus
695 5232 725 5289 in
740 5234 821 5291 urhe.
980 5238 1035 5295 Sed
1053 5253 1115 5308 quaa
1132 5235 1305 5309 proveniunt
1319 5235 1354 5291 ad
1371 5240 1469 5292 votum
1484 5235 1687 5309 despitiuntur.

102 5318 141 5376 Ut
155 5334 254 5375 comcs
268 5334 286 5373 a
300 5317 415 5374 cunctis
430 5332 462 5374 se
476 5318 618 5392 conspicit
628 5337 692 5378 esso
707 5321 853 5393 relictum,
981 5325 1138 5383 Interdicis
1152 5323 1277 5397 placent,
1294 5324 1389 5397 magis
1405 5325 1558 5382 interdicta
1569 5329 1730 5396 sequuntur

140 5475 215 5551 (115)
229 5477 317 5536 Deest
330 5477 379 5536 hic
393 5494 486 5535 unum
500 5478 633 5537 verbum.
