3816 6006
95 185 172 252 itai

729 184 930 251 RADULPHI
951 183 1158 251 dllDllN'llS.

1727 182 1801 254 stiffi

97 340 151 382 me
166 317 357 380 beatitudinis
380 317 538 395 participes
562 320 681 378 erimus.
698 320 779 386 Quod
803 319 916 377 meritis
931 322 957 388 Α
972 325 1042 378 tem.
1060 319 1145 379 Tales
1161 327 1245 380 erant
1259 319 1301 380 illi
1317 320 1375 380 duo
1394 338 1479 381 senes
1502 321 1660 381 inveterati
1685 322 1801 381 dierum

96 417 266 470 sanctorum
283 415 444 484 martyrum
461 429 582 468 suorum
598 410 741 483 largiatur
761 409 845 466 nobis
861 409 917 465 Do·

97 504 196 559 minus
212 504 310 558 noster
324 501 411 558 lesus
426 500 621 573 Christus,qui
638 517 705 555 cum
722 500 805 555 Patre
819 502 846 554 et
857 499 919 572 Spi·

96 591 154 648 ritu
170 595 271 648 sancto
285 589 356 645 vivit
370 594 398 646 et
412 593 514 663 regnat
531 589 607 645 Deus
622 607 674 662 por
690 588 789 645 omnia
812 587 919 644 saecula

95 679 279 737 seculorum.

483 768 528 823 Xl.

144 876 232 916 nnius
252 874 406 914 assereres.
427 873 522 912 scauro
542 874 577 912 ns
599 874 681 912 arnno
702 872 867 912 sarianum.

129 954 224 1008 intes
248 949 274 1003 si
296 954 500 1019 praeoccupatas
523 955 609 1002 morte
630 949 726 1019 suerit,
743 948 837 1000 nnirran
860 947 918 1017 ejus

96 1041 127 1095 in
140 1038 285 1111 refrigerio
299 1038 352 1091 crit
366 1034 439 1108 (Snp.
457 1036 507 1105 tv),
525 1040 580 1091 otc.
597 1035 670 1090 Cum
687 1035 830 1108 praecipue
842 1032 918 1105 justi

94 1127 243 1202 patiantur
259 1126 287 1180 in
304 1125 358 1181 hoc
373 1123 478 1180 sacnlo
493 1123 708 1189 tribulationes,
720 1123 916 1190 infirmitates,

94 1222 123 1274 et
139 1215 366 1291 persecutiones,
383 1219 411 1269 et
430 1213 602 1286 plerumque
627 1211 734 1286 gladio,
750 1211 795 1267 vel
820 1210 919 1284 aliqua

94 1307 152 1365 alia
167 1309 260 1362 morte
275 1305 420 1371 festinata,
434 1302 496 1358 sine
512 1306 730 1368 testamento,st
746 1302 807 1357 sine
820 1317 917 1356 rerum

94 1395 286 1469 dispositione
301 1391 441 1448 tollantur
456 1392 491 1447 de
506 1392 560 1447 hoc
576 1391 918 1458 mundo‚considerantes

94 1485 149 1542 hoc
164 1483 306 1540 mundani
321 1481 466 1547 homines,
476 1485 580 1554 putant
595 1498 644 1537 eos
659 1480 703 1536 uel
719 1499 736 1537 a
751 1481 808 1535 Deo
820 1494 918 1550 repro·

94 1576 178 1631 batos
192 1589 267 1641 essa,
283 1571 326 1627 vel
342 1571 435 1627 Deum
452 1571 600 1626 mundana
617 1587 674 1625 non
691 1586 802 1624 curare.
812 1568 919 1623 Contra

95 1664 185 1738 igitur
198 1663 286 1717 istam
302 1660 521 1716 mundanorum
535 1659 702 1732 opinionem
717 1658 848 1730 loquitur
863 1658 916 1712 Su·

95 1754 178 1827 piens
193 1751 221 1806 in
238 1751 293 1807 hac
305 1750 439 1817 lectione,
458 1749 615 1805 ostendens
631 1749 686 1803 tria
702 1765 708 1803 :
728 1748 824 1803 Primo
840 1746 916 1818 quod

90 1843 191 1915 justus
207 1844 468 1914 quantumcunque
483 1842 703 1910 praeoccupatus
717 1837 859 1904 videatur,
876 1840 918 1891 ta·

95 1948 162 1987 men
178 1929 308 2003 requiem
324 1927 498 2001 ingreditur.
521 1927 664 1993 Secundo,
682 1926 759 1999 quod
787 1926 816 1981 in
841 1925 918 1980 bona

95 2023 243 2077 senectute
263 2018 396 2073 moritur.
414 2015 523 2082 Tertio,
540 2017 721 2072 demonstrat
745 2031 834 2086 quare
860 2031 916 2069 non

95 2110 152 2167 cito
166 2110 202 2165 de
220 2107 331 2164 mundo
355 2104 484 2162 tollatur.
501 2103 596 2160 Primo
621 2104 711 2177 igitur
735 2105 919 2159 demonstrat

95 2198 283 2272 quodjustus
299 2199 571 2268 quantumcumque
588 2197 806 2266 preoccupatus
821 2192 919 2247 videa-

95 2290 256 2354 tur,tamen
264 2283 394 2357 requiem
403 2281 918 2356 ingreditur.Beneautemdioo,prae·

95 2378 256 2448 occupatus
264 2371 555 2445 videatur,quoninm
566 2376 787 2444 praeoccupatus
797 2373 917 2438 nonest,

96 2463 147 2522 setl
162 2461 287 2520 videtur.
309 2461 363 2526 Oui
388 2460 465 2516 enim
491 2477 606 2535 semper
632 2465 750 2533 paratus
772 2463 919 2533 exspectat

96 2557 231 2622 mortem,
248 2549 443 2625 praeoccupari
460 2551 517 2605 iton
535 2550 700 2622 potest.Qni
716 2567 783 2605 voro
799 2553 918 2621 paratus

97 2660 154 2700 non
171 2645 224 2709 est,
241 2640 295 2697 etsi
310 2656 399 2696 senex
419 2643 447 2695 et
463 2639 627 2711 decrepitus
651 2637 803 2707 moriatur,
820 2642 918 2694 tamen

96 2734 316 2807 preoccupatus
332 2727 551 2785 moritur.Unde
567 2726 750 2784 Psalmistan
764 2727 825 2782 Viri
836 2725 919 2799 impii

97 2838 155 2878 non
170 2818 368 2876 dimidiabunt
383 2817 446 2873 dics
461 2834 531 2873 suos
547 2818 631 2890 (Psoi.
648 2818 713 2889 arv).
733 2839 746 2866 a
761 2819 797 2872 At
805 2818 919 2889 justus,

96 2909 144 2967 cui
159 2912 204 2967 est
215 2907 296 2964 oneri
306 2906 364 2963 vita
373 2906 753 2979 praesensetquiventuram
762 2906 918 2973 desiderat,

98 2998 176 3057 etad
193 2997 275 3053 illam
292 2995 361 3053 totis
375 2994 497 3063 viribus,
515 3012 546 3051 sc
567 2999 720 3068 praeparat,
737 2994 843 3051 similis
867 2994 919 3049 ho·

973 411 1182 485 malorum‚qui
1198 411 1326 486 puellam
1342 417 1470 470 nuaram
1487 413 1658 469 Susannam
1670 430 1801 470 corrum-

972 518 1040 573 pere
1054 501 1218 570 voluerunt,
1236 503 1286 558 sed
1301 503 1337 558 ab
1353 520 1387 559 ea
1402 502 1529 575 superati
1546 507 1617 559 sunt
1635 505 1801 576 (Danant).

973 591 1148 663 Hujusmodi
1164 609 1248 649 senes
1263 610 1320 665 prae
1336 591 1451 648 cunctis
1467 592 1603 649 aetatibus
1619 596 1706 649 tanto
1722 593 1799 650 dam·

972 680 1084 737 nabiles
1100 686 1291 754 sunt,quanto
1307 681 1387 738 ineis
1403 699 1455 738 nec
1463 681 1609 754 frigiditas
1618 683 1800 739 artatisardo·

973 786 1034 825 rem
1048 770 1246 839 libidinis,nec
1261 770 1524 845 gravitascorporis
1535 770 1684 827 lenitatem
1696 771 1798 827 mentis

972 876 1111 932 superero
1126 861 1327 932 potcstSenex
1341 858 1619 916 verodiebussimul
1632 861 1798 918 etmoribus

972 947 1067 1002 bonus
1083 952 1111 1002 et
1121 947 1294 1003 venerabilis
1307 947 1415 1011 estOui
1423 948 1632 1004 convenienter
1643 950 1799 1022 respondet

973 1037 1142 1092 maturitate
1158 1037 1254 1093 cordis
1273 1035 1435 1092 maturitati
1460 1037 1601 1109 corporis,
1619 1042 1650 1094 et
1676 1039 1787 1094 candor

973 1125 1079 1181 mentis
1103 1126 1221 1182 candori
1247 1124 1351 1193 menti,
1367 1129 1395 1181 et
1420 1126 1561 1199 gravitate
1586 1125 1681 1182 animi
1704 1132 1794 1201 gran·

972 1215 1024 1270 tati
1041 1215 1147 1271 carnis.
1165 1214 1250 1271 Tales
1265 1219 1348 1270 erant
1364 1213 1406 1269 illi
1421 1215 1479 1270 duo
1504 1215 1691 1272 sanctissimi
1716 1232 1792 1274 senas

973 1303 1090 1360 Simeon
1114 1308 1143 1360 et
1165 1306 1258 1372 Anna,
1280 1304 1330 1376 qui
1356 1309 1422 1360 ante
1449 1304 1542 1360 Deum
1567 1309 1654 1361 erant
1673 1306 1749 1377 justi
1770 1309 1794 1361 et

973 1393 1113 1462 timorati,
1130 1411 1188 1450 non
1203 1394 1372 1449 recedentes
1387 1411 1404 1448 a
1427 1391 1547 1466 templo,
1564 1394 1729 1451 servientes
1744 1395 1793 1451 Dea

968 1483 1091 1555 jejuniis
1106 1487 1134 1538 et
1149 1483 1400 1539 obsecrationibus
1414 1482 1461 1539 die
1476 1487 1506 1539 et
1520 1487 1651 1550 nectant
1665 1483 1732 1540 ideo
1743 1500 1794 1540 me

973 1577 1095 1628 ruerunt
1109 1590 1126 1626 a
1141 1571 1250 1644 Spiritu
1276 1576 1377 1628 sancto
1402 1571 1542 1629 illustrari
1569 1576 1599 1629 et
1622 1589 1793 1646 responsum

973 1662 1103 1734 accipere
1117 1660 1232 1717 ridendi
1248 1660 1408 1728 Christum,
1425 1668 1585 1734 antequam
1601 1667 1793 1730 morerentur,

971 1757 999 1808 et
1014 1753 1112 1825 ipsum
1129 1752 1157 1806 in
1174 1750 1259 1806 ulnas
1274 1767 1344 1807 suas
1360 1751 1489 1824 accipere
1500 1752 1611 1808 etdeeo
1624 1752 1795 1826 prophetare

973 1843 1047 1913 (lue.
1064 1842 1106 1910 u).
1123 1840 1216 1895 Senex
1230 1856 1296 1895 voro
1312 1840 1445 1896 moribus
1461 1844 1489 1896 et
1504 1857 1562 1896 non
1585 1840 1694 1897 diebus
1720 1846 1794 1896 tanto

972 1930 1101 1988 sanctior
1114 1933 1159 1984 est
1173 1933 1202 1984 et
1216 1927 1425 1997 admirabilior,
1442 1935 1551 2001 quanto
1567 1930 1679 1986 virtute
1693 1930 1794 1987 mentis

972 2021 1090 2091 superat
1114 2022 1249 2072 naturam
1274 2016 1378 2084 artatis,
1403 2016 1561 2072 observans
1591 2015 1793 2088 injuventute

973 2107 1183 2174 maturitatem,
1201 2105 1230 2160 in
1246 2105 1343 2161 carnis
1357 2104 1453 2161 calore
1468 2105 1649 2172 castitatem,
1660 2106 1690 2161 in
1706 2104 1795 2161 aetatis

973 2197 1088 2253 levitate
1103 2195 1285 2268 gravitatem.
1302 2192 1387 2250 Tales
1402 2210 1488 2250 senes
1503 2193 1622 2250 luerunt
1649 2191 1753 2250 Daniel
1770 2198 1793 2249 et

973 2285 1055 2358 pueri
1085 2286 1114 2340 in
1144 2284 1291 2338 fornacem
1321 2283 1415 2353 missi,
1443 2282 1512 2339 talis
1546 2299 1635 2339 senex
1668 2281 1724 2339 luit
1749 2282 1792 2339 Jo-

973 2374 1055 2447 scph,
1072 2373 1141 2429 talis
1158 2390 1246 2429 senex
1267 2373 1323 2428 luit
1347 2372 1475 2429 loannes
1501 2371 1633 2444 baptista
1657 2377 1688 2428 et
1710 2372 1791 2428 Joaa·

973 2482 1025 2521 nes
1052 2461 1240 2536 evangelista,
1269 2461 1336 2517 talis
1365 2478 1451 2518 senes
1480 2462 1600 2517 luerunt
1627 2460 1794 2517 innumera·

973 2552 1046 2610 biles
1061 2552 1199 2626 virgines,
1216 2569 1278 2624 qua
1295 2567 1353 2608 non
1369 2551 1465 2608 solum
1491 2555 1618 2619 aetatem,
1634 2551 1698 2608 imo
1713 2550 1793 2607 etiam

974 2659 1075 2700 sexum
1092 2646 1120 2697 et
1135 2640 1274 2696 smculum
1297 2646 1325 2696 et
1349 2640 1436 2696 etiam
1459 2639 1553 2713 ipsam
1569 2643 1698 2696 mortem
1714 2655 1794 2712 supe·

974 2735 1120 2797 raveruut,
1147 2735 1176 2785 et
1199 2746 1251 2802 per
1273 2729 1488 2786 immanitatem
1519 2733 1737 2786 tormentorum
1761 2727 1793 2784 etl

974 2822 1065 2878 Deum
1082 2819 1367 2893 peruenerunt.Vera
1382 2824 1425 2874 cst
1439 2817 1650 2892 igitur‚lratrcs
1660 2816 1793 2884 meiana·

974 2908 1217 2982 tentia,quoniam
1229 2911 1330 2980 justus
1346 2913 1796 2980 quantumcunquepraeoccupa·

973 3004 1022 3055 tus
1038 2998 1290 3066 moriatur,tamen
1307 3014 1364 3053 non
1380 2995 1571 3052 moriturnisi
1586 3012 1683 3052 canus
1697 3000 1727 3052 et
1741 3009 1795 3050 ms·

98 3087 229 3145 minibus
243 3085 638 3160 exspectantibusdominum
653 3084 920 3156 suum,quandore-
935 3068 956 3135 G
975 3094 1070 3145 turus,
1087 3087 1229 3144 canitiem
1245 3086 1336 3159 igitur
1351 3102 1465 3141 morum
1474 3090 1502 3141 et
1517 3083 1723 3141 maturitatem
1736 3082 1794 3138 aits

97 3179 227 3236 vertatur
239 3192 256 3232 a
270 3175 391 3248 nuptiis.
408 3173 482 3230 Etsi
499 3173 529 3229 in
544 3174 640 3246 prima
658 3173 703 3229 vol
719 3174 857 3242 secunda,
873 3169 918 3227 vol

98 3266 129 3323 in
143 3263 239 3334 tertis,
255 3263 300 3320 vel
316 3263 345 3319 in
361 3280 400 3335 qu
413 3269 467 3319 aas
490 3262 590 3336 vigilia
613 3262 733 3330 venerit,
750 3263 852 3319 beatus
876 3264 921 3316 est

97 3371 184 3430 quem
200 3352 338 3411 dominus
353 3352 415 3409 suis
429 3352 572 3408 invenerit
585 3350 764 3425 vigilantem,
780 3350 920 3423 quoniam

98 3461 188 3518 super
216 3441 316 3498 omnia
343 3442 420 3498 bona
448 3458 502 3497 sua
529 3440 686 3496 constituet
719 3457 786 3495 eum
817 3440 918 3512 (llottlr.

96 3533 183 3605 xxiv).
200 3531 273 3596 Quia
287 3529 378 3604 igitur
392 3529 454 3585 dies
470 3529 597 3596 Domini,
614 3529 690 3585 sicut
706 3530 754 3584 fur
772 3529 801 3584 in
827 3534 919 3598 nocte,

96 3620 139 3677 ita
152 3620 256 3686 veniet,
274 3635 397 3691 semper,
414 3619 518 3674 iratres
538 3617 604 3686 mei,
620 3617 785 3691 vigilemus,
807 3635 921 3689 sempor

99 3709 192 3784 parati
208 3708 313 3775 simus,
324 3711 446 3763 mortem
463 3706 548 3762 nobis
564 3707 673 3763 instare
688 3724 802 3780 semper
817 3708 923 3780 cogite-

100 3813 177 3854 mus.
194 3797 315 3869 Propter
338 3796 392 3852 hoc
416 3795 524 3868 quippe
548 3795 641 3851 voluit
657 3795 798 3853 Dominus
820 3795 922 3852 mortis

100 3890 204 3944 nostre
222 3883 380 3942 terminum
397 3883 561 3943 nobisesse
577 3884 732 3951 incertum,
751 3891 783 3941 ut
807 3902 923 3958 semper

100 3980 225 4034 mortem
240 3975 326 4048 quasi
342 3973 776 4046 praesentemtimoremus,etad
787 3992 850 4030 cana
861 3991 923 4030 sus·

101 4062 267 4138 cipiendam
287 4079 529 4136 praepararemur.
547 4062 690 4129 Secundo,
707 4063 924 4120 demonstratur

101 4152 180 4226 quod
192 4153 294 4225 justus
310 4156 574 4225 quantumcunque
589 4150 626 4208 sit
642 4155 734 4208 morte
745 4169 925 4225 preoccupa·

101 4246 160 4312 tus,
177 4246 277 4298 tamen
293 4241 323 4296 in
339 4241 416 4296 bona
431 4244 579 4297 senectute
594 4241 726 4306 moritur,
737 4259 804 4297 cum
821 4242 925 4298 subdi-

100 4335 151 4387 tur
167 4347 174 4386 ε
190 4329 318 4386 Senectus
336 4331 411 4386 enirn
434 4329 598 4385 venerabilis
617 4337 674 4399 cat3
698 4347 753 4386 nora
781 4331 923 4396 diuturno,

103 4604 148 4656 est
162 4600 239 4655 bona
254 4597 378 4655 canities
388 4595 631 4664 hominisetaetua
645 4600 789 4654 senectutis
804 4602 859 4654 trito
874 4601 926 4654 im·

102 4689 253 4755 maculato,
271 4686 300 4745 id
315 4692 369 4755 est,
386 4685 464 4743 bona
477 4685 535 4742 vita
550 4689 595 4741 cst
610 4685 686 4741 bona
701 4691 845 4743 senectus.
859 4688 927 4742 Duce

103 4781 266 4835 senectutes
281 4775 365 4833 nobis
379 4777 628 4844 demonstrantur,
645 4792 705 4830 una
717 4775 928 4844 annorum,al·

104 4873 167 4923 tera
181 4882 308 4922 morum.
325 4864 422 4920 Prima
436 4863 499 4920 sine
516 4864 645 4919 secunda
661 4869 705 4919 est
722 4865 858 4937 pessima.
873 4865 931 4920 Pri·

105 4971 155 5010 ma
169 4952 257 5008 simul
270 4957 298 5009 et
314 4953 452 5018 secunda,
469 4953 555 5008 bona.
574 4951 710 5008 Secunda
734 4954 798 5010 sine
823 4954 928 5026 prima,

106 5040 229 5112 optima.
246 5040 339 5096 Senex
353 5041 431 5096 enim
448 5040 552 5097 diebus
567 5045 595 5096 et
605 5057 662 5095 non
675 5041 806 5098 moribus
822 5042 930 5099 abomi-

106 5125 214 5184 nabilis
229 5130 284 5184 est.
298 5127 447 5201 Scriptum
461 5133 507 5186 est
522 5129 600 5185 enim
612 5145 618 5183 :
632 5152 646 5178 «
662 5129 735 5185 Puer
751 5135 866 5187 centum
882 5150 931 5188 an·

107 5231 211 5272 norum
228 5214 401 5273 maledictus
416 5216 470 5272 erit
485 5219 548 5289 (iso.
565 5219 638 5290 nav).
658 5240 671 5267 a
687 5218 753 5281 Oua
774 5220 852 5276 eninr
869 5238 930 5277 rna-

103 5305 152 5377 jor
167 5303 344 5362 abominatio
356 5322 445 5378 quam
461 5321 613 5362 canescere
630 5323 749 5378 corpore
761 5312 786 5363 et
799 5326 857 5364 non
868 5327 929 5366 cor-

107 5394 161 5460 de3
179 5397 287 5459 mento,
303 5399 332 5451 et
346 5411 403 5450 non
419 5398 534 5462 mente3
550 5411 639 5466 quam
666 5399 780 5467 gestare
802 5397 930 5456 exterius

107 5497 248 5555 rugosum
264 5499 374 5552 senem,
386 5501 476 5556 quam
491 5482 615 5540 interius
627 5485 766 5555 juvenem
781 5486 932 5544 lascivien-

973 3179 1080 3234 babere
1103 3181 1282 3249 satagamus,
1304 3173 1410 3231 fratres
1435 3174 1502 3243 mei,
1528 3189 1619 3246 quam
1644 3173 1793 3230 habentes.

974 3271 1098 3324 mortem
1114 3265 1207 3322 securi
1223 3261 1590 3337 exspectamus:praeveniri
1604 3280 1621 3317 a
1636 3264 1795 3318 mortenon

974 3371 1204 3429 possumus;non
1214 3354 1243 3409 in
1255 3352 1440 3421 dimidio‚sed
1450 3353 1478 3407 in
1492 3351 1677 3426 plenitudine
1686 3350 1794 3408 dierum

975 3445 1010 3501 de
1026 3445 1135 3500 mundo
1151 3443 1187 3498 ad
1203 3442 1308 3498 coelum
1325 3441 1582 3514 transmigramus.

1011 3533 1117 3598 Tertio,
1133 3532 1352 3588 demonstratur
1367 3547 1457 3603 quare
1467 3528 1542 3601 justi
1557 3528 1615 3585 cito
1631 3529 1668 3585 do
1689 3526 1794 3584 mundo

974 3622 1283 3679 tolluntur.Ponuntur
1297 3624 1394 3676 autem
1411 3619 1458 3675 hic
1474 3618 1606 3691 quinque
1621 3612 1798 3675 caussari·

976 3729 1024 3768 ma
1038 3716 1092 3779 est,
1104 3709 1243 3782 quoniam
1258 3709 1322 3765 ideo
1338 3708 1395 3764 cito
1412 3708 1446 3764 de
1462 3707 1573 3763 mundo
1587 3705 1715 3773 tollitur,
1732 3719 1796 3778 quo-

976 3801 1054 3856 niam
1072 3798 1148 3854 Deus
1164 3797 1261 3870 diligit
1275 3799 1385 3864 sumet
1399 3794 1461 3851 vult
1476 3811 1543 3850 cum
1559 3793 1616 3850 cito
1632 3792 1662 3848 iu
1679 3790 1798 3849 beatitu-

976 3889 1044 3945 dine
1056 3905 1110 3944 sua
1124 3886 1231 3942 habere
1247 3900 1358 3941 seeum.
1376 3885 1456 3940 Hanc
1472 3899 1592 3939 causam
1609 3879 1721 3947 innuit,
1738 3893 1799 3936 eum

976 3977 1099 4034 subdit:
1115 3977 1229 4031 Ptnccna
1258 3978 1312 4030 Deo
1331 3975 1420 4045 finctae
1445 3973 1569 4029 dilectus.
1586 3972 1627 4027 Ac
1650 3968 1676 4025 si
1702 3969 1798 4026 dicat:

977 4066 1050 4130 Ouia
1065 4064 1213 4137 placuerat
1228 4063 1284 4119 Deo
1301 4061 1490 4118 immaculata
1503 4059 1644 4127 vita,ideo
1655 4057 1798 4113 uultDeus

977 4158 1010 4210 ut
1025 4155 1075 4208 siat
1090 4152 1116 4209 ei
1132 4151 1255 4207 dilectus
1270 4156 1299 4207 ct
1315 4150 1467 4207 familiaris
1479 4150 1508 4205 in
1520 4149 1604 4205 beata
1617 4147 1801 4203 vitaSecun·

978 4244 1015 4299 da
1030 4241 1227 4314 est‚quoniam
1237 4241 1337 4311 justus
1352 4240 1416 4295 ideo
1432 4239 1489 4295 cito
1504 4240 1540 4294 de
1556 4236 1667 4292 mundo
1676 4233 1798 4298 tollitur,

978 4331 1118 4405 quoniam
1134 4347 1167 4385 oo
1183 4329 1292 4402 dignus
1307 4345 1365 4383 non
1389 4332 1451 4383 erat
1476 4326 1616 4382 mundus.
1634 4324 1717 4380 Hane
1737 4337 1801 4378 cau·

102 4420 131 4476 id
147 4418 924 4491 estnondiarumncquenumeroannorumcomputa·
940 4440 963 4505 D
980 4438 1043 4478 sam
1072 4421 1164 4493 ponit,
1190 4435 1258 4475 cum
1283 4417 1409 4473 subdit:
1437 4417 1533 4473 Vivens
1558 4418 1630 4471 inter
1653 4419 1802 4485 peceatum

102 4515 142 4567 ta.
159 4510 229 4567 Cani
243 4511 318 4565 enim
331 4517 396 4565 rant
409 4525 504 4564 sensus
518 4508 647 4577 borninia,
664 4509 693 4563 id
709 4513 762 4576 est,
783 4509 926 4582 sapientia
980 4510 1132 4566 annotatas
1148 4515 1194 4565 est.
1210 4509 1249 4562 Ac
1263 4506 1286 4563 si
1302 4510 1400 4579 aperte
1416 4504 1511 4561 dicat:
1529 4503 1602 4568 Quia
1616 4505 1721 4558 sancte
1736 4498 1804 4555 vire

981 4600 1032 4655 bat
1046 4599 1122 4653 inter
1136 4600 1369 4669 peccatores,nec
1380 4599 1478 4650 tamen
1490 4596 1657 4666 peccatores
1667 4589 1705 4646 ad
1716 4603 1805 4645 exem·

984 4687 1065 4760 plum
1081 4691 1110 4742 ct
1125 4685 1287 4742 doctrinam
1304 4683 1368 4755 ejus
1383 4683 1614 4755 corrigebantur,
1624 4679 1690 4735 ideo
1707 4675 1806 4734 merito

983 4775 1113 4849 indignis
1128 4772 1311 4830 subtrahitur
1325 4773 1360 4829 ad
1376 4773 1441 4845 ejus
1455 4770 1622 4845 gloriam,ct
1637 4767 1675 4825 sd
1690 4765 1806 4824 illorum

984 4863 1196 4921 contusionem.
1212 4862 1254 4917 Ad
1275 4862 1338 4934 ejus
1364 4862 1472 4934 quippe
1496 4859 1620 4934 gloriam
1646 4856 1716 4925 suit,
1731 4852 1806 4929 quod

983 4954 1059 5009 inter
1074 4955 1239 5025 peccatores
1255 4952 1327 5007 bene
1340 4949 1488 5006 vixitNon
1503 4947 1581 5004 enim
1593 4945 1687 5020 gloria
1701 4957 1808 5017 magns

984 5042 1060 5098 inter
1074 5045 1193 5096 sanctos
1208 5044 1308 5095 sancte
1328 5039 1445 5105 vixisse,
1463 5038 1515 5094 sed
1538 5036 1615 5093 inter
1641 5037 1807 5105 peccatores

985 5134 1083 5188 sancte
1097 5128 1202 5184 vixisse
1221 5128 1303 5184 valde
1327 5127 1474 5184 laudabile
1498 5129 1552 5183 est.
1569 5124 1644 5180 Hine
1669 5121 1809 5178 laudatur

984 5220 1038 5278 Job
1054 5234 1121 5275 cum
1136 5217 1261 5272 dicitur:
1278 5239 1291 5267 a
1309 5217 1376 5273 Erat
1391 5216 1435 5271 vir
1450 5215 1479 5270 in
1501 5218 1578 5270 terra
1602 5211 1676 5279 llus,
1692 5207 1809 5265 nomine

984 5310 1051 5377 Job,
1067 5305 1192 5378 simplex
1204 5310 1232 5362 et
1246 5309 1341 5361 rectus
1358 5305 1414 5376 (iob
1431 5305 1461 5374 a).
1476 5327 1489 5354 υ
1505 5302 1578 5359 llinc
1593 5304 1622 5356 ot
1637 5300 1670 5357 in
1678 5295 1807 5354 Canticis

985 5397 1165 5455 canticorum
1183 5394 1307 5449 dicitur:
1328 5416 1338 5443 a
1357 5393 1438 5449 Sicut
1452 5391 1547 5449 lilium
1563 5390 1640 5446 inter
1653 5384 1809 5461 spinas,sio

987 5487 1080 5545 amica
1094 5501 1159 5541 mea
1175 5483 1250 5538 inter
1265 5481 1340 5539 filias
1356 5483 1444 5556 (Cant.
1461 5482 1502 5552 u).
1520 5503 1534 5531 a
1550 5479 1593 5536 Ad
1608 5476 1813 5536 confusionem
