3816 6006
172 251 230 316 2'II
617 249 735 317 PAULI
758 249 792 314 S.
814 240 931 315 rarat
954 250 1227 316 nannonurtffls
1249 250 1436 317 benacan.
1818 255 1897 328 272,

172 384 224 447 atii
241 384 412 453 Germundi,
427 382 478 456 qni
498 382 575 439 hano
590 387 701 438 cartam
725 382 788 438 fleri
804 381 905 452 jussit.
928 383 996 439 Ger·
1011 384 1039 450 Α
1053 382 1195 440 decimam
1212 401 1229 440 a
1244 383 1331 452 cocis,
1348 400 1398 440 seu
1414 400 1431 440 a
1446 382 1653 456 piscatoribus,
1679 399 1767 456 super
1780 383 1875 457 ripam

171 472 275 531 mundi
290 472 479 530 vicecomitis.
493 471 633 546 llugoois,
645 471 792 545 praepositi
805 469 910 529 clerici.
927 471 996 528 Ger·
1051 472 1201 546 Sequanae,
1218 473 1377 546 supradicti
1389 471 1524 529 monachi
1536 468 1706 544 reciperent,
1722 490 1780 529 non
1791 474 1876 532 edere

169 563 240 620 vini.
256 562 378 631 aitardi,
406 561 490 618 fratis
511 561 682 627 Germundi‚
708 560 758 632 qui
780 559 856 617 hanc
885 565 995 617 cartam
1050 578 1144 634 neque
1158 561 1290 619 CarnotIs
1301 561 1440 618 fratribus
1451 561 1566 618 mittere
1580 566 1696 634 gratum
1709 578 1772 618 asse
1787 564 1875 620 dure·

54 645 59 656 “
171 652 249 711 tecit.
265 651 384 718 Odonis,
402 649 455 706 filii
475 649 600 708 ascelini
628 649 755 708 Bordeti.
780 649 921 721 Hugonis,
938 649 994 705 lra-
1049 649 1138 720 hant;
1156 655 1210 720 set,
1235 650 1351 723 pubIIce
1373 667 1473 707 eorum
1489 649 1619 724 precium
1635 651 1671 706 ab
1694 651 1875 724 emptoribus

168 741 222 799 tris
231 741 305 814 eJus.
320 740 456 797 Bodonis.
468 739 588 807 ildonis,
600 738 653 794 filii
664 738 823 812 Ragenadi.
839 737 993 812 borgereti.
1049 739 1235 811 accipientes,
1253 739 1282 794 in
1298 739 1361 806 suis
1385 739 1572 800 conserebant
1587 740 1746 796 crumenis.
1762 741 1874 815 Exque

168 828 327 899 Guillslmi,
343 829 395 885 filii
408 826 587 896 Guascelini,
604 832 682 882 recto
699 826 817 884 nomino
832 827 965 884 bahardi.
979 848 993 878 a
1048 843 1133 900 opere
1149 829 1185 885 ab
1202 827 1281 884 omni
1297 827 1380 901 plebe
1395 827 1477 884 urbis
1493 827 1541 884 Osi
1559 833 1630 901 aput
1645 828 1781 886 comitem
1798 831 1876 887 fama

431 916 639 974 CAPITULUM
655 916 731 975 VIII.
1047 916 1185 990 pervolat,
1203 935 1289 990 aquo
1309 917 1409 985 etiam,
1424 921 1543 991 propter
1556 917 1635 974 hunc
1651 918 1780 975 avaaieia
1797 936 1875 979 mor-

260 1009 298 1067 lia
313 1015 387 1064 terra
400 1006 465 1064 data
480 1007 510 1063 ia
524 1007 593 1063 vitaz
608 1021 671 1080 quae
684 1005 788 1067 dicitur
798 1007 896 1063 Picus.
1047 1005 1128 1074 hum,
1151 1005 1229 1079 jussi
1253 1010 1323 1065 sunt
1339 1023 1354 1062 a
1369 1005 1432 1062 loco
1457 1005 1564 1079 egredi.
1587 1007 1685 1064 Abhas
1708 1025 1785 1076 vero,
1802 1009 1873 1069 dum

461 1095 544 1168 (Ante
559 1112 586 1153 a.
603 1095 693 1167 1034.)
1044 1094 1125 1162 visit,
1142 1094 1222 1154 nullo
1238 1095 1324 1153 modo
1339 1095 1486 1152 tramitem
1503 1095 1608 1169 regula
1619 1113 1793 1171 equaquam
1806 1115 1873 1171 pas·

203 1207 217 1239 a
234 1186 266 1244 ln
282 1183 390 1243 Christi
405 1183 533 1243 nomine.
551 1185 609 1258 Ego
625 1183 711 1241 miles
725 1183 873 1241 Guarinus
890 1185 925 1240 de
948 1201 993 1240 ca·
1046 1188 1152 1241 susest
1163 1184 1287 1253 deviari;
1305 1188 1358 1241 set.
1370 1183 1434 1258 ipso
1449 1183 1565 1259 previa,
1582 1201 1684 1241 omnes
1700 1185 1872 1259 magistram

165 1277 226 1332 stro
242 1275 360 1344 Bracara
376 1273 456 1331 tilius
470 1272 605 1342 elberici,
622 1273 726 1330 militis
742 1271 901 1348 Reganoldi
915 1273 990 1330 vica·
1045 1273 1243 1345 sequebantur
1268 1270 1410 1345 regulam.
1437 1277 1466 1329 et
1491 1273 1629 1346 operibus
1656 1275 1745 1330 variis
1767 1275 1870 1332 diatim

164 1363 286 1432 domist,
302 1366 405 1421 notum
420 1379 485 1420 esse
498 1362 562 1420 volo
577 1362 715 1420 omnibus
728 1361 902 1420 Christianis
917 1379 990 1436 praa·
1044 1361 1204 1422 affluebant
1217 1361 1247 1417 in
1261 1361 1394 1421 Domino.
1405 1360 1641 1432 Undediabolus,
1654 1363 1787 1420 invidens
1797 1381 1871 1420 sem·

162 1452 296 1512 sentibus
311 1455 398 1526 atque
414 1450 530 1521 futuris,
554 1450 680 1526 qualiter
695 1450 801 1508 Sancto
822 1451 906 1508 Petro
922 1451 990 1508 Car·
1044 1466 1096 1522 per
1109 1450 1284 1507 felicissimis
1300 1450 1425 1520 actibus,
1446 1467 1498 1526 per
1513 1451 1654 1524 quasdam
1670 1469 1781 1520 earum,
1797 1470 1868 1526 qua-

162 1542 277 1600 notensi
301 1541 443 1611 caenobia,
469 1539 516 1597 coi
538 1539 713 1597 venerahilis
735 1540 827 1597 abbas
852 1538 990 1599 ernulfus
1044 1556 1110 1597 rum
1121 1538 1181 1597 leve
1191 1540 1423 1614 eratIngenium,
1436 1557 1555 1614 persepe
1566 1540 1718 1599 inmeritas
1729 1542 1869 1599 actitabat

162 1635 276 1703 praest,
291 1629 451 1705 proanima
461 1628 579 1687 meavcl
589 1632 744 1704 parentum
757 1645 900 1697 meorum,
912 1629 989 1686 dono
1043 1628 1127 1686 heato
1142 1634 1171 1686 ct
1186 1628 1312 1704 simpIIci
1328 1629 1389 1687 viro
1399 1629 1534 1702 injurias.
1550 1630 1598 1686 Set
1609 1629 1678 1703 quia
1689 1629 1810 1705 longum
1823 1634 1869 1689 est

160 1718 280 1778 alodum
306 1736 404 1776 meum
430 1719 460 1775 in
476 1735 550 1793 pago
566 1717 741 1776 DrocassIno
758 1717 794 1774 ad
809 1716 908 1777 villam
924 1735 988 1791 qua
1043 1716 1084 1773 ire
1100 1735 1151 1792 per
1173 1719 1316 1790 singulas,
1332 1735 1422 1775 unam
1444 1734 1545 1775 earum
1571 1718 1668 1792 palam
1693 1719 1754 1777 ficri
1778 1718 1866 1790 volui,

159 1813 279 1867 vocatur
294 1809 394 1877 Piens,
419 1813 564 1882 quantum
580 1806 691 1865 suflicit
708 1807 745 1863 ad
760 1807 834 1864 duos
850 1807 937 1865 boves
952 1808 987 1865 ad
1043 1821 1131 1878 quam
1160 1806 1185 1864 ei
1210 1807 1331 1865 humani
1357 1807 1472 1881 generis
1488 1807 1626 1864 inimIous
1647 1809 1794 1883 congessit
1817 1826 1869 1883 per

159 1913 263 1956 amnes
292 1898 440 1968 sationes;
465 1915 499 1954 ea
514 1896 625 1954 ratlane
640 1901 674 1952 ut
688 1896 818 1970 quandiu
834 1895 929 1952 vixero
945 1900 987 1954 te·
1041 1894 1225 1966 Walterium,
1252 1896 1420 1954 monasterii
1436 1896 1590 1968 decanum,
1606 1897 1666 1970 qui,
1688 1898 1821 1971 quamvis
1838 1899 1869 1954 iu

160 2003 245 2043 neam
260 1985 341 2045 illam
354 1991 471 2054 terram,
484 1990 512 2041 et
522 1984 724 2042 investituram
741 1984 847 2042 habeat
861 1985 986 2042 Sanetus
1041 1983 1147 2042 studiis
1164 1983 1378 2042 aecclesiasticis
1393 1984 1574 2043 honorabilis
1589 1984 1755 2055 haberetur,
1770 1990 1868 2043 tamen

158 2075 262 2133 Petrus
276 2080 306 2132 et
320 2075 417 2148 campi
429 2078 542 2148 partem
557 2074 741 2130 etdecimam
757 2073 792 2129 de
803 2090 850 2129 me
865 2072 941 2129 sicut
951 2075 986 2130 de
1040 2071 1069 2129 in
1092 2074 1198 2132 exteris
1222 2074 1309 2130 rebus
1334 2091 1383 2131 cor
1405 2073 1489 2130 facile
1512 2076 1698 2146 sequebatur.
1725 2075 1776 2133 llic
1800 2093 1868 2132 cum

158 2181 217 2221 uno
232 2169 379 2225 extraneo.
395 2165 430 2221 Et
444 2168 477 2220 ut
489 2163 550 2220 hac
565 2162 673 2218 noticia
686 2161 724 2218 sit
734 2162 846 2218 tirmior
860 2179 984 2237 perom·
1040 2161 1206 2219 fautoribus
1231 2163 1293 2222 suis
1317 2167 1388 2236 aput
1402 2163 1605 2230 Teodoricarm,
1631 2167 1701 2220 tunc
1724 2164 1867 2238 temporis

158 2254 217 2322 niu,
233 2253 307 2310 meis
323 2252 460 2310 manibus
474 2252 561 2309 istam
576 2255 687 2309 cartam
697 2251 782 2326 posui
793 2269 882 2326 saper
893 2251 984 2309 altare
1038 2252 1213 2320 antistitem,
1238 2251 1297 2326 egit
1312 2256 1376 2308 ota
1402 2251 1580 2308 monasterIo
1604 2252 1781 2325 pellerentur
1800 2252 1867 2310 reli·

157 2341 257 2400 Sancti
272 2342 358 2412 Petri,
384 2341 552 2398 videntibus
567 2340 614 2399 his
634 2357 760 2414 quorum
775 2339 896 2396 nomina
909 2341 982 2397 sub·
1037 2340 1111 2414 giesi
1128 2340 1274 2414 etobtimi
1292 2339 1438 2410 monachi,
1464 2341 1613 2397 Ehrardus
1636 2341 1756 2413 scilicet,
1774 2343 1865 2400 abbas

155 2431 265 2505 sarapta
279 2435 351 2489 sunt
365 2435 393 2489 et
408 2430 473 2488 aliis
489 2429 727 2503 quamplurimis.
743 2430 778 2487 Et
792 2434 894 2502 postea
908 2430 982 2487 Dro·
1037 2430 1168 2504 Britogili
1192 2431 1290 2498 castri,
1308 2429 1358 2503 qui
1385 2435 1454 2486 tunc
1470 2430 1570 2486 aderat
1595 2430 1645 2496 ibi,
1662 2446 1695 2488 ac
1719 2431 1806 2487 certis
1829 2449 1865 2489 ex

154 2536 215 2589 aas,
231 2520 398 2581 videntibus
414 2524 442 2576 et
456 2520 656 2577 annuentibus
666 2518 740 2575 meis
755 2517 919 2576 sectoribus
935 2519 982 2577 Ri-
1035 2519 1132 2576 causis
1146 2537 1179 2578 eo
1193 2523 1323 2593 tempore
1338 2519 1486 2576 abbatiam
1503 2536 1587 2576 suam
1604 2517 1774 2592 reliquerat;
1791 2521 1862 2577 Gui-

154 2608 242 2669 bolda
266 2614 296 2672 et
318 2609 458 2678 Ansofflo,
474 2613 503 2665 et
518 2607 732 2666 contribulibus
753 2608 826 2666 meis
853 2609 903 2682 qui
927 2610 979 2666 ad·
1034 2609 1181 2679 aelredus,
1198 2609 1364 2676 Durandus,
1376 2609 1525 2664 arefastus
1540 2612 1627 2682 atque
1641 2607 1796 2666 Ernaldus.
1811 2610 1857 2668 Ilii

153 2701 247 2767 orant,
263 2697 317 2757 faoi
332 2698 441 2772 legere:
454 2703 481 2754 et
492 2696 670 2755 monachum
679 2698 775 2753 Sancti
785 2697 859 2754 Petri
871 2697 938 2754 misi
949 2698 977 2754 in
1033 2697 1159 2772 denique
1174 2697 1280 2771 regula
1294 2697 1422 2772 vigorem
1433 2714 1498 2754 cum
1510 2697 1616 2756 abbate
1626 2698 1751 2755 maxime
1761 2700 1857 2757 fovere

152 2785 283 2855 modum,
298 2787 359 2845 vice
369 2787 468 2844 Sancti
480 2786 565 2856 Petri,
577 2791 607 2845 et
616 2785 664 2862 ille
677 2802 724 2843 me
739 2787 826 2856 foras,
844 2786 920 2843 sicut
932 2792 977 2845 est
1031 2786 1175 2858 volebant,
1187 2792 1324 2844 eteorum
1336 2785 1456 2844 consilio
1472 2786 1523 2843 ubi
1538 2785 1588 2842 uhi
1606 2804 1679 2860 opus
1692 2792 1752 2843 erat
1764 2787 1856 2847 abbas

149 2877 341 2937 eonsuetudo.
1031 2876 1176 2934 utebatur.
1202 2876 1275 2933 Cum
1291 2876 1326 2933 ad
1342 2875 1397 2932 hoc
1413 2875 1538 2951 denique
1551 2881 1669 2932 ventum
1690 2880 1776 2944 esset,
1792 2876 1854 2952 epi·

184 2969 218 3023 1n
232 2965 402 3040 supradicta
424 2964 503 3034 villa,
525 2964 700 3049 post'multa
723 2965 869 3023 curricula
883 2983 975 3026 anno·
1030 2982 1136 3039 scopus
1151 2965 1341 3040 cum'magna
1355 2964 1527 3022 clericorum
1538 2965 1716 3023 etlaicarum
1727 2970 1852 3038 caterva,

148 3072 225 3123 rum,
243 3054 364 3128 quidam
388 3054 552 3117 monachus
567 3053 666 3112 Sancti
681 3054 768 3122 Petri,
790 3055 975 3130 Hildsgarius
1029 3055 1065 3112 ad
1080 3055 1292 3112 monasterium
1305 3055 1393 3120 venit,
1409 3060 1447 3121 et,
1464 3058 1531 3111 ante
1544 3054 1621 3111 beati
1638 3054 1712 3112 Petri
1727 3055 1852 3129 apostoli

147 3145 277 3214 nomine,
293 3145 329 3202 ab
345 3142 481 3217 agricolis
496 3143 575 3200 illius
591 3144 662 3201 emit
678 3160 735 3201 non
751 3143 895 3201 modicum
910 3135 1008 3218 part}
1028 3144 1134 3202 sedens
1148 3144 1249 3212 altare,
1266 3160 1354 3202 aurea
1366 3160 1436 3200 vasa
1456 3142 1591 3200 ecclesie
1604 3148 1691 3217 atque
1715 3149 1852 3218 argentea

146 3236 206 3291 tem
221 3237 314 3291 terra.
332 3233 444 3291 Guaszo
460 3249 577 3306 quoque
596 3231 645 3289 ille
660 3232 876 3290 famosissimus
889 3250 972 3290 areas
1025 3250 1139 3292 necnon
1154 3232 1252 3292 atalia
1266 3236 1438 3290 ornamenta
1452 3231 1481 3288 in
1497 3232 1572 3289 ceris
1583 3232 1740 3290 conscribit
1746 3233 1849 3309 jussit,

141 3321 299 3382 atomorum
314 3325 344 3380 ct
367 3321 501 3378 curtillos
516 3321 601 3392 villae,
616 3322 742 3394 pecunia
755 3322 832 3390 data,
849 3321 920 3378 emit
935 3324 970 3379 ab
1025 3323 1131 3381 deiude
1165 3323 1298 3399 prelatos
1326 3321 1485 3379 monachos
1514 3338 1531 3377 a
1560 3321 1736 3379 monasterio
1769 3322 1850 3380 abira

143 3408 197 3479 eis,
214 3410 338 3485 penuria
350 3410 456 3482 victus,
472 3409 609 3483 deditque
624 3410 730 3466 Sancto
746 3409 840 3477 Petro,
856 3428 908 3485 pro
922 3429 970 3469 sa·
1024 3412 1169 3486 pracepit.
1187 3411 1281 3468 lhhas
1306 3428 1433 3484 quoque,
1449 3410 1489 3484 pii
1510 3411 1636 3485 pastoris
1651 3427 1777 3485 sequens
1800 3429 1848 3468 ve-

141 3497 204 3556 late
227 3499 331 3558 animae
346 3517 417 3568 suae,
432 3504 461 3556 et
480 3496 622 3573 agricolas
638 3503 710 3572 aput
724 3499 865 3557 Sanctm
880 3501 968 3558 Geor·
1023 3501 1120 3575 stigia,
1137 3501 1300 3558 testabatur
1324 3500 1404 3574 quia,
1420 3499 1444 3556 si
1471 3499 1537 3556 illos
1560 3500 1686 3573 ejiceret,
1703 3517 1767 3556 sese
1780 3517 1848 3559 oum

138 3585 224 3661 aium
240 3588 352 3647 abitare
368 3588 445 3645 fecit.
1022 3588 1065 3646 eis
1079 3590 1278 3663 profecturum
1295 3605 1471 3662 omnemque
1491 3605 1592 3647 sorum
1607 3587 1735 3645 laborem
1752 3589 1846 3663 perla-

177 3676 251 3750 (160)
266 3676 393 3750 ExpletIs
408 3676 533 3749 denique
544 3675 631 3732 cartis
644 3676 796 3734 scribendo
812 3696 886 3751 quas
901 3679 966 3736 novi
1020 3682 1118 3736 turum
1133 3697 1139 3748 ;
1152 3679 1308 3754 episcopus
1331 3695 1409 3750 vero,
1435 3678 1500 3751 ejus
1520 3678 1607 3734 verbu
1622 3677 1844 3751 parvipendens,

139 3781 203 3822 esse
219 3766 397 3839 profuturas,
414 3765 480 3824 illas
496 3783 559 3822 esse
581 3764 789 3839 relinquendas
804 3766 964 3824 existimavi
1020 3769 1140 3826 domum
1157 3786 1240 3825 suam
1264 3768 1359 3825 rediit.
1376 3767 1473 3824 Abbas
1494 3783 1572 3840 ergo,
1589 3766 1634 3823 die
1649 3770 1759 3838 octavo,
1775 3783 1844 3824 cum

138 3853 292 3928 inquibus
316 3855 537 3914 rememorando
565 3854 646 3911 nulla
662 3854 773 3912 utilitas
791 3857 827 3913 ad
844 3874 963 3929 presens
1018 3857 1164 3930 predictis
1180 3854 1545 3916 monachisamonnsterio
1560 3872 1706 3931 egressus,
1718 3856 1845 3913 abomni

137 3946 267 4016 putatur.
283 3943 391 3999 Verum
408 3945 443 4000 de
467 3944 551 3999 beato
567 3943 637 4015 viro,
663 3943 774 4000 scilicet
790 3945 893 4001 abbate
908 3948 962 4002 Ar·
1017 3945 1295 4018 plebecamtlctibus
1302 3945 1497 4018 prosequitur,
1506 3949 1607 4012 et,non
1619 3961 1705 4018 parva
1716 3945 1843 4021 equitate

135 4030 228 4100 nquo,
253 4032 309 4090 sub
333 4033 420 4104 cujas
441 4032 544 4091 diebus
568 4033 703 4106 praefatas
718 4037 813 4090 cartas
827 4035 961 4091 novimus
1017 4033 1118 4101 fretus,
1134 4034 1163 4090 in
1178 4033 1328 4093 Gosiacam
1345 4033 1448 4091 cellam
1464 4048 1495 4089 se
1510 4033 1635 4107 recepit;
1653 4032 1752 4106 ibique
1763 4051 1841 4090 com·

134 4119 196 4179 fere
210 4120 312 4190 factas,
330 4122 436 4179 cudere
452 4120 575 4194 dignum
586 4121 654 4177 duxi
667 4121 742 4178 mela
755 4139 817 4194 qua
834 4124 960 4181 ademe-
1016 4140 1134 4181 morans
1160 4141 1211 4196 per
1236 4128 1295 4180 tres
1321 4140 1445 4191 menses,
1471 4140 1523 4195 per
1537 4121 1667 4179 Odonem
1692 4123 1840 4188 comitem,
1897 4172 1906 4197 ,

131 4208 216 4266 elicis
231 4210 262 4266 in
272 4214 421 4268 senectute
432 4227 486 4267 sua
495 4227 601 4284 passus
612 4214 666 4267 est.
678 4211 745 4267 Fuit
754 4212 832 4268 enim
843 4228 860 4267 a
871 4230 959 4289 puero
1013 4213 1201 4286 postmodum
1213 4213 1329 4269 rediens
1340 4212 1368 4269 in
1383 4211 1529 4268 abbatiam
1541 4228 1637 4279 suam,
1653 4227 1718 4266 eum
1731 4209 1841 4269 honore
1899 4202 1906 4212 ⁴

133 4314 274 4356 monacus
283 4301 312 4356 et
321 4297 443 4372 adplene
452 4298 745 4355 monialihnsstudiis
755 4299 896 4370 eruditus,
908 4318 960 4375 pu·
1013 4302 1111 4362 debito
1121 4307 1165 4359 est
1175 4306 1322 4375 receptus;
1333 4301 1361 4356 in
1372 4318 1430 4374 qua
1445 4290 1727 4373 ferepcrtrienninm
1739 4305 1841 4374 postea
1898 4336 1906 4388 ᾗ

130 4385 195 4444 dics
210 4404 300 4461 agens
314 4386 541 4447 adolescentiam
557 4405 652 4456 suam,
664 4387 807 4462 bonisque
820 4390 957 4464 operibus
1012 4389 1135 4448 feliciter
1148 4391 1257 4458 visens,
1284 4407 1372 4446 senex
1387 4394 1415 4447 et
1428 4387 1533 4462 plenus
1553 4389 1677 4459 dieram,
1703 4388 1839 4447 laborum

130 4476 261 4548 quotidie
276 4493 430 4545 exornans,
448 4476 555 4535 meruit
565 4477 849 4551 postMagenardum
867 4480 955 4536 abha-
969 4506 994 4570 D
1011 4496 1132 4536 suorum
1144 4480 1307 4536 mercedem
1320 4477 1586 4535 aChristollomino
1597 4478 1725 4550 recipere
1732 4477 1840 4535 meruit
1902 4534 1906 4548 ,

128 4568 189 4622 tem
205 4582 223 4621 a
237 4566 344 4622 domna
364 4565 499 4622 fulberto
520 4564 643 4638 presule
666 4565 773 4621 sacrari
789 4570 818 4622 et
832 4566 861 4621 in
878 4569 954 4643 regi-
1009 4568 1328 4624 sinefinemansuram.
1340 4567 1472 4640 Cumque
1482 4565 1606 4624 hamum
1618 4567 1750 4623 foderent
1760 4567 1838 4624 intra
1901 4612 1906 4624 .

127 4654 208 4711 mine
222 4655 344 4713 abbatia
354 4654 516 4729 subrogari.
533 4655 622 4726 Cujus
633 4653 692 4709 vita
704 4658 733 4710 et
745 4653 912 4714 innocentIa
921 4674 956 4717 ea
1009 4657 1162 4713 basilicam
1178 4657 1270 4714 beatri
1287 4655 1361 4712 Petri
1373 4655 1509 4729 apastoli,
1523 4655 1658 4712 videlicet
1668 4661 1734 4712 ante
1746 4655 1838 4712 altare
1900 4640 1906 4717 ]

125 4746 300 4818 tempestate
315 4761 348 4799 eo
364 4741 513 4810 rutilabat,
531 4747 563 4798 ut
578 4744 613 4800 ab
635 4742 744 4813 Odone,
760 4741 888 4815 palatIno
904 4762 953 4803 co·
1008 4746 1144 4820 martyris
1161 4745 1319 4813 Laurentii,
1337 4746 1372 4802 ad
1389 4743 1481 4801 levam
1498 4744 1618 4818 quidem
1631 4745 1769 4801 liodberti
1782 4744 1836 4800 filii

124 4832 206 4902 ruite,
222 4832 381 4889 admodum
406 4831 586 4906 diligeretur,
612 4837 699 4904 atque
716 4831 852 4888 Richardi
880 4835 952 4892 Nor·
1006 4835 1123 4892 comitis
1140 4834 1286 4900 Richardi,
1298 4832 1413 4890 nullum
1430 4833 1572 4890 habentes
1587 4833 1835 4906 sarchophagum,

123 4921 250 4977 mannia
267 4919 382 4977 comitis
393 4919 644 4986 confessorfreret‚
656 4921 741 4993 cujus
752 4937 819 4995 sepe
834 4921 950 4981 honori·
1004 4923 1141 4982 inventus
1158 4928 1202 4980 est
1226 4923 1266 4979 ihi
1292 4941 1381 4991 unus,
1399 4928 1432 4980 at
1444 4923 1593 4997 opinor,a
1617 4923 1675 4980 Deo
1700 4927 1834 4996 paratus,

123 5008 248 5066 licentiis
265 5009 423 5064 fruebatur.
438 5010 514 5065 later
525 5025 599 5082 quas
610 5008 949 5070 acclesiamsenctorum
1004 5013 1084 5069 mire
1099 5012 1339 5086 pulchritudinis,
1357 5029 1389 5068 ac
1409 5011 1434 5070 si
1449 5030 1482 5068 eo
1495 5011 1541 5068 die
1556 5030 1573 5068 a
1596 5010 1713 5068 latomis
1728 5011 1835 5068 fuisset

122 5096 250 5155 Gervasii
267 5101 296 5152 et
312 5096 444 5163 Protasii,
462 5115 528 5152 cum
544 5098 719 5173 appenditiis
731 5098 804 5167 suis,
820 5099 845 5156 ei
858 5102 947 5161 dedit.
1002 5092 1111 5175 politus
1126 5105 1215 5174 atque
1231 5101 1308 5158 beati
1322 5101 1377 5156 viri
1392 5101 1483 5175 gleba
1503 5105 1631 5175 aptatae.
1649 5100 1691 5156 lbi
1709 5101 1835 5157 menbra

119 5186 172 5243 eat
187 5184 347 5241 insatiabili
372 5185 499 5241 orariola
520 5187 717 5259 quorumdam
734 5188 946 5247 monachornm
1002 5189 1082 5247 illius
1097 5190 1193 5264 posita
1216 5190 1407 5263 requiescunt
1431 5206 1535 5247 secura
1550 5191 1586 5245 de
1609 5188 1833 5246 resurrectionis

119 5273 248 5346 quesibi
271 5278 409 5346 posuerat
428 5278 529 5345 postea
549 5274 685 5345 perdidit.
711 5280 760 5333 Est
782 5276 860 5334 enim
883 5278 947 5355 ipsa
1000 5279 1103 5355 gloria.
1120 5280 1223 5337 Tereia
1237 5296 1303 5336 vero
1325 5278 1371 5337 die
1387 5283 1543 5354 postquam
1559 5277 1641 5346 obiit,
1664 5277 1695 5335 in
1717 5277 1832 5335 visione

118 5359 249 5421 ecclesia
263 5379 320 5417 non
333 5362 417 5433 longe
429 5378 446 5416 a
457 5362 602 5417 moenibus
617 5363 769 5437 Rotomagi
784 5366 865 5424 urbis
878 5368 944 5427 sita.
1000 5371 1108 5426 domno
1119 5368 1249 5426 Ehrardo
1261 5367 1608 5442 abbate,jaminabhatia
1618 5384 1672 5424 sua
1684 5381 1829 5440 regresso,

116 5450 247 5524 cumque
255 5443 529 5525 singulisdiehusin
539 5451 689 5525 quoquina
697 5452 812 5513 comitis
818 5455 944 5528 placium
998 5458 1145 5534 apparuit,
1162 5458 1263 5515 diacus
1278 5458 1314 5514 ad
1329 5473 1413 5515 eam:
1428 5479 1443 5510 a
1459 5458 1559 5515 Frater
1573 5455 1775 5527 dilectIssime‚
1792 5456 1831 5516 ab

150 5540 225 5614 (160)
240 5540 328 5598 Deest
341 5539 401 5597 hec
418 5536 546 5597 narratio
563 5538 593 5596 in
608 5541 708 5597 codice
724 5540 755 5598 B.
