3816 6006
154 236 233 299 itit
654 239 851 302 ADDENDA.
869 272 907 293 -ν
923 236 1125 306 RADULPHI
1144 241 1355 319 tubantis«
1777 240 1857 303 tito

154 370 334 446 originaliter
348 389 497 429 summam
511 372 692 446 sapitamat,
708 372 974 446 etquaritbonam,
989 370 1019 442 A
1032 374 1172 447 parabilis
1188 375 1341 450 deperiret.
1357 375 1424 450 Agit
1437 379 1535 433 summ
1559 372 1614 432 hoc
1630 374 1736 432 modo:
1763 373 1856 449 primo

157 468 185 521 et
201 462 377 519 naturaliter
396 464 432 518 ad
459 480 545 519 suum
572 480 688 535 semper
712 463 821 519 revolat
836 467 864 519 et
882 463 977 519 tendit
1031 465 1196 522 demontrat
1207 464 1856 539 quodhumanaredemptiopraenuntiatasih

155 551 303 625 exemplar
318 556 346 608 et
361 551 976 624 principium.SicutPsalmistatestatusad
1032 553 1169 621 secundo,
1186 570 1237 626 per
1252 571 1339 627 quem
1355 555 1430 610 lacta
1445 554 1497 622 sit;
1522 554 1618 621 tertio,
1640 555 1722 628 quod
1749 571 1808 611 non
1823 556 1857 611 ab

154 643 253 716 ipsum
269 641 407 714 loquens:
426 642 484 697 Tibi
497 642 570 696 dicit
594 658 641 697 cor
664 659 764 710 meana,
790 644 937 716 exquisivit
952 650 977 699 te
1031 640 1169 698 omnibus
1184 646 1319 715 suscepta
1333 642 1386 712 sit;
1401 646 1517 715 quarto,
1528 640 1758 714 quidbonieam
1768 642 1857 699 susci·

153 735 238 806 facies
253 749 323 801 rima,
348 733 448 803 sacient
467 739 553 800 trivam,
575 733 699 800 Domine,
726 733 869 805 requiram
888 732 974 800 (Paal.
1031 732 1181 804 pientibus
1195 731 1367 801 contulerit;
1395 731 1508 804 quinto,
1534 731 1683 804 quomodo
1710 731 1793 788 facta
1807 731 1854 788 sit:

154 822 240 894 nuta).
260 822 292 876 dt
315 824 424 892 quanto
450 820 543 892 magis
569 821 665 894 imago
690 820 789 877 divina
809 821 838 876 in
859 821 977 877 nobisa
1031 820 1856 894 sextaqnornmattestationibusapprobatasit,Cumau·

154 911 233 968 vitiis
257 910 489 983 parificarent
511 909 667 965 virtutibus
691 911 749 966 Deo
774 909 975 975 assimulatur,
1031 913 1090 966 tem
1106 908 1854 983 abexordiomundi,primumapatriarchis,deinde

155 1004 236 1056 tanto
253 999 346 1072 magis
363 1015 430 1053 eum
447 999 604 1071 cognoscit,
622 1000 704 1054 ardet
719 1002 748 1055 ot
762 1000 875 1072 quaerit.
892 1000 978 1055 Cate-
1031 1004 1060 1056 et
1075 1017 1092 1056 a
1107 998 1853 1073 prophetispraefiguratasuerit,tamenevangelista,

156 1105 222 1144 rum
239 1089 309 1143 dum
324 1104 341 1142 a
356 1086 464 1142 carnali
475 1087 687 1143 inhabitatione
698 1106 780 1145 mens
792 1092 975 1162 aggravatur,
1030 1088 1179 1145 brevitatis
1194 1105 1293 1157 causa,
1309 1104 1343 1144 ea
1357 1088 1552 1161 pretermittit
1567 1105 1629 1161 que
1651 1089 1854 1146 convenientia

156 1177 258 1250 nequit
273 1192 483 1248 usquequaque
500 1176 767 1234 sordesvitioruma
778 1195 808 1234 se
819 1177 975 1244 declinare,
1032 1178 1093 1236 suis
1110 1179 1139 1234 in
1155 1177 1227 1235 locis
1241 1177 1422 1235 occurrerint
1431 1177 1573 1250 positura,
1587 1180 1642 1234 cta
1651 1177 1853 1251 propinquiori

155 1284 208 1323 nec
223 1283 325 1322 omnes
340 1265 447 1321 Christi
458 1264 580 1321 virtutes
591 1265 889 1340 aemularinecipsas,
903 1283 977 1340 quas
1032 1266 1274 1341 praenuntiatione
1296 1266 1400 1340 incipit
1423 1266 1621 1340 precursoris,
1648 1266 1700 1339 qui
1715 1271 1854 1340 tanquam

155 1357 253 1427 habet,
270 1357 305 1411 ad
322 1371 450 1427 unguem
460 1355 602 1427 perlectas
611 1355 751 1413 obtinere.
761 1358 977 1430 Proptereanon
1031 1357 1134 1413 lucifer
1148 1356 1346 1430 propinquum
1361 1354 1464 1423 solem,
1476 1360 1505 1412 et
1514 1360 1657 1428 tanquam
1672 1373 1853 1430 aurorapro·

155 1449 251 1520 potest
266 1445 312 1500 hic
329 1461 479 1500 summum
495 1445 606 1500 bonum
622 1445 777 1517 speculari,
798 1446 867 1513 nisi,
884 1451 918 1502 nt
937 1446 978 1502 ait
1032 1444 1855 1520 pinquumdiempraecacurrit.Huncigiturtaleminisse

155 1532 321 1607 Apostolus,
344 1549 392 1605 per
416 1540 556 1605 specuium
570 1536 638 1590 etia
662 1536 817 1606 arriqniate.
839 1536 881 1591 Ee
900 1543 978 1608 parte
1033 1535 1181 1604 describit,
1198 1534 1315 1608 qualem
1331 1551 1542 1608 praecursorem
1562 1534 1774 1607 Redemptoris
1797 1551 1855 1592 esse

155 1626 231 1681 enini
245 1624 290 1679 bie
301 1623 495 1692 caqaoeeimue.
512 1631 537 1678 et
551 1639 586 1678 ee
599 1631 677 1695 parte
689 1625 892 1696 prophetamus.
911 1624 978 1680 Cum
1033 1625 1175 1693 convenit,
1188 1629 1216 1681 at
1231 1625 1278 1680 cui
1293 1624 1398 1681 merito
1413 1624 1591 1680 credendum
1601 1623 1651 1680 sit.
1664 1625 1856 1681 Commendat

155 1721 246 1771 aarum
260 1711 392 1784 deposita
407 1711 593 1778 mortalitate,
617 1715 721 1769 uenerit
736 1714 806 1786 quad
830 1717 979 1786 perfeetum
1033 1721 1130 1772 autem
1147 1731 1213 1771 eum
1229 1732 1246 1769 a
1260 1717 1373 1783 natura,
1389 1731 1407 1770 a
1422 1712 1573 1788 dignitate,
1593 1731 1611 1768 a
1625 1713 1759 1780 nomine,
1779 1719 1808 1770 et
1821 1714 1855 1770 ab

156 1814 203 1869 eat,
235 1805 347 1859 remota
370 1801 449 1857 omni
475 1801 563 1867 nube,
588 1801 738 1858 videbimus
762 1819 824 1858 earn
847 1805 919 1876 [acie
942 1805 978 1860 art
1032 1801 1854 1872 officio.Porroanaturaeumcommendat,cumdicit,

156 1896 256 1968 faciem
271 1895 358 1965 atque
372 1892 457 1947 sicuti
466 1899 505 1946 eat
519 1891 543 1963 (l
556 1891 615 1948 Car.
636 1909 702 1960 x1113
717 1892 731 1946 l
743 1894 821 1949 ioan.
843 1893 897 1965 ni).
924 1893 978 1958 Qui
1031 1897 1087 1968 suit
1100 1894 1177 1951 borna
1191 1895 1291 1949 miram
1307 1910 1324 1948 a
1338 1893 1400 1950 Deo.
1417 1893 1475 1948 lloc
1489 1895 1534 1949 est
1548 1890 1747 1959 rationabilis,
1758 1896 1787 1950 et
1797 1892 1857 1951 illn-

157 2000 223 2040 vero
240 1981 368 2037 divinam
383 1978 412 2034 in
429 1997 459 2035 se
475 1979 633 2053 imaginem
649 1980 977 2054 negliguntpurificarc‚
1033 1988 1143 2041 stratus
1174 1981 1302 2057 imagine
1330 1986 1359 2038 et
1387 1980 1582 2038 similitudine
1616 1980 1770 2039 creatoris.
1801 1981 1856 2038 Hoc

158 2073 302 2148 patientes
316 2086 380 2127 eam
397 2067 624 2142 paulatimvitiis
637 2069 799 2138 obscurari,
815 2088 872 2126 non
883 2072 979 2128 solum
1032 2073 1110 2131 enim
1126 2088 1242 2136 nomen,
1255 2070 1352 2140 honio,
1366 2071 1544 2144 quandoque
1558 2069 1679 2143 ponitur
1694 2070 1724 2126 in
1736 2070 1858 2145 plenitu-

158 2162 287 2219 divinam
303 2158 442 2216 amittunt
462 2157 695 2225 similitudinem,
723 2160 774 2214 sed
802 2159 890 2215 etiam
916 2161 979 2233 ipsa
1034 2161 1101 2218 dine
1116 2178 1176 2217 suae
1191 2159 1424 2233 significationis,
1441 2164 1473 2215 ut
1488 2160 1604 2232 qnando
1619 2157 1745 2215 dicitur:
1768 2164 1858 2217 Homo

159 2252 247 2309 ineis
271 2250 368 2322 imago
394 2247 570 2303 diminuitur
594 2251 623 2302 et
647 2247 846 2317 obnubilatur,
870 2254 903 2304 ut
927 2250 978 2306 Dei
1034 2255 1078 2309 est
1092 2249 1200 2307 animal
1215 2247 1355 2306 rationale
1370 2253 1399 2305 et
1413 2247 1545 2305 mortale.
1557 2248 1741 2321 Quandoque
1753 2249 1857 2308 veroin

158 2340 283 2413 caelique
298 2339 333 2394 ad
350 2353 414 2410 qoae
429 2336 517 2392 creati
534 2340 603 2393 sunt
617 2336 708 2401 obliti,
726 2353 808 2393 more
833 2339 978 2411 pecudum
1033 2336 1689 2414 parteplenitudinis,ettuncautponiturpro
1702 2338 1857 2412 superiori,

158 2431 195 2487 ad
210 2434 318 2486 terram
333 2427 403 2482 totis
418 2425 571 2481 desideriis
596 2425 787 2481 incurvantur
796 2428 883 2499 juxta
905 2427 978 2483 illud
1033 2434 1066 2486 ut
1081 2446 1147 2486 cum
1163 2428 1284 2485 dicitur:
1302 2428 1371 2485 Deus
1384 2429 1487 2484 creauit
1501 2428 1637 2483 bominem
1653 2427 1690 2484 ad
1709 2429 1857 2501 imaqr'aera

158 2518 335 2578 Psalmistae:
349 2521 435 2573 Homo
451 2531 511 2571 cunr
528 2517 559 2570 in
569 2516 670 2570 bonore
684 2523 819 2584 essetnec
828 2517 977 2586 tutelheim
1032 2527 1059 2576 at
1071 2517 1281 2574 similitudinem
1295 2533 1375 2572 auam
1389 2515 1465 2587 (dea.
1482 2515 1514 2589 ι),
1531 2519 1583 2571 aut
1596 2532 1648 2588 pro
1667 2516 1813 2585 inferiori,
1828 2521 1857 2574 at

158 2616 327 2682 comparatas
336 2613 375 2663 est
384 2606 517 2678 jumentis
529 2605 732 2676 insipientibus,
744 2614 769 2661 et
782 2607 979 2678 similiasaetua
1034 2608 1151 2681 quando
1166 2606 1287 2663 dicitur:
1304 2607 1386 2662 Home
1401 2613 1480 2662 natue
1494 2605 1526 2662 de
1540 2605 1667 2672 matare,
1681 2605 1760 2663 breui
1769 2609 1856 2664 vireas

157 2709 196 2758 est
210 2700 267 2755 iltis
281 2697 367 2767 (Paul.
384 2697 492 2763 xnvin).
509 2693 651 2750 Craterum
667 2698 696 2750 et
710 2693 734 2750 si
745 2694 881 2751 divinain
895 2695 980 2752 nobis
1033 2706 1173 2770 immpore,
1190 2696 1310 2768 repletur
1323 2695 1418 2752 mattis
1433 2696 1553 2751 acheriis
1568 2695 1625 2762 (iob
1640 2695 1712 2766 xiv).
1728 2695 1856 2770 Adigni·

158 2789 256 2862 imago
272 2803 324 2860 per
339 2785 440 2842 sordes
454 2782 592 2839 vitiorum
611 2782 744 2853 violetur,
761 2787 789 2840 et
810 2785 979 2858 offuscetur,
1032 2790 1092 2843 tate
1115 2802 1183 2842 eum
1206 2784 1403 2852 commendat,
1428 2800 1496 2839 oum
1521 2781 1608 2839 dicit:
1635 2782 1736 2840 Missua
1752 2802 1772 2840 a
1795 2785 1854 2842 lieo.

159 2892 345 2951 nequaquam
362 2878 460 2929 tamen
483 2889 694 2945 usquequaque
716 2874 874 2929 suffocatur
888 2879 915 2930 et
929 2875 980 2930 de·
1034 2873 1189 2946 Apostolus
1215 2872 1370 2944 (ἀπόστολος)
1393 2874 1500 2940 Graece,
1524 2874 1624 2928 masaa
1656 2870 1762 2929 Latine
1789 2873 1855 2930 dici·

159 2968 294 3035 struitur,
319 2965 367 3020 sed
388 2963 418 3018 in
444 2966 672 3035 quantocunque
692 2967 842 3036 peccatore
866 2981 982 3037 semper
1034 2969 1092 3022 tar.
1110 2964 1175 3020 Fuit
1191 2963 1280 3036 igitur
1296 2960 1855 3035 maximus,quin0nsolumapostolus,

157 3058 228 3115 vivit
242 3053 370 3113 scintilla
384 3052 516 3120 rationis,
539 3069 604 3124 quae
624 3052 833 3109 conscientiam
850 3056 978 3121 accusat,
1033 3054 1186 3112 sedetiam
1202 3049 1515 3126 aDeoantoapostolos
1527 3049 1855 3124 missus,apostolorom

158 3146 270 3204 malum
287 3144 432 3216 reprobat,
449 3140 618 3213 bonumque
635 3141 830 3197 commendat.
852 3141 933 3198 Unde
949 3143 978 3198 in
994 3119 1016 3187 G
1032 3142 1188 3216 Apostolus
1207 3145 1250 3199 est
1274 3142 1379 3198 lactus.
1395 3143 1419 3197 A
1433 3140 1552 3197 nomine
1566 3157 1635 3196 eum
1659 3142 1856 3210 commendat,

157 3233 311 3308 Evangelio
328 3234 422 3300 Lucae,
446 3229 493 3286 ille
510 3229 559 3302 qui
584 3229 687 3286 incidit
701 3229 731 3285 in
756 3229 893 3298 latrones,
911 3247 977 3288 cum
1033 3250 1100 3290 cum
1118 3231 1231 3288 subdit:
1249 3230 1300 3287 Cei
1324 3247 1422 3288 acmen
1446 3238 1505 3288 erat
1526 3231 1654 3287 loannes.
1679 3229 1769 3287 Enim
1796 3248 1857 3288 vero

156 3319 978 3400 legaturetspoliatusctvulneratus,nequaquamtamen
1032 3322 1161 3378 loannes
1175 3322 1268 3391 qratia
1291 3319 1509 3393 iuterpretatur.
1525 3319 1559 3374 bt
1572 3319 1646 3376 bene
1663 3336 1681 3374 a
1696 3319 1796 3392 gratia
1810 3337 1857 3376 no·

156 3416 265 3472 dicitnr
280 3408 844 3476 interlectos,sadsemivivusderelictus
856 3411 976 3484 (laea).
1033 3429 1100 3467 men
1116 3410 1250 3477 babebat,
1267 3409 1318 3481 qui
1332 3409 1426 3483 gratia
1442 3408 1566 3465 relectus
1580 3412 1652 3476 erat,
1670 3407 1858 3484 gratiamque

157 3507 190 3561 ut
204 3504 313 3559 hocest
326 3500 402 3572 quod
421 3497 467 3553 hic
482 3496 659 3570 evangelista
673 3497 977 3570 subjungit:Etle.cia
1033 3500 1188 3573 praedicare
1204 3498 1408 3556 cantabricae
1429 3500 1544 3555 enimet
1562 3497 1703 3570 propheta
1725 3500 1858 3572 nequeat

156 3594 271 3650 tenebris
287 3592 365 3645 lacet.
381 3589 420 3642 Ac
436 3586 459 3642 si
476 3590 573 3658 aperte
584 3586 672 3654 dieat,
683 3585 751 3642 licet
766 3586 977 3647 hominesvitio
1030 3592 1163 3647 ioannem
1178 3590 1254 3657 (Lae.
1270 3589 1339 3658 xvi).
1352 3587 1496 3643 Aboltioio
1507 3587 1856 3655 comcommendat,eurn

156 3699 209 3738 suo
225 3680 394 3737 tenebrosos
411 3692 442 3732 se
461 3675 579 3743 saciant,
595 3679 633 3744 et,
658 3679 802 3747 qnantum
819 3676 849 3731 in
865 3679 907 3734 eis
922 3685 976 3748 est,
1032 3677 1202 3751 subjungit:
1219 3678 1267 3733 llic
1283 3679 1354 3734 renti
1369 3679 1399 3733 ia
1414 3678 1608 3741 testimoniam,
1623 3678 1857 3733 attestimoniare

156 3771 253 3826 lucem
269 3766 396 3824 divinam
411 3783 428 3821 a
441 3782 472 3821 se
487 3763 644 3836 expellant,
660 3768 758 3820 tamon
773 3763 822 3820 lun
839 3766 937 3824 divina
947 3770 976 3826 in
1030 3769 1183 3841 perbiberet
1195 3766 1228 3822 dc
1243 3767 1357 3823 lamiae.
1374 3765 1526 3822 Nenenim
1534 3764 1704 3833 casualiter,
1718 3782 1780 3822 non
1793 3765 1856 3823 inci·

157 3863 254 3916 mente
261 3859 520 3927 eorum‚tanquam
528 3853 558 3908 in
569 3853 687 3926 speculo
697 3871 759 3922 suo,
773 3855 977 3930 resultat,quae
1032 3858 1134 3913 denter
1148 3857 1183 3911 de
1197 3855 1309 3911 lumine
1321 3854 1522 3912 testimonium
1536 3851 1697 3928 perhibuit,
1714 3855 1769 3911 scd
1793 3871 1854 3929 spe·

154 3964 204 4007 eos
220 3949 338 4003 accusat
353 3950 382 4001 et
403 3944 534 3999 damnat.
560 3942 617 3999 Nec
633 3941 729 3997 solum
746 3942 776 3997 in
800 3948 907 4010 mente,
926 3947 975 4002 sed
1032 3945 1144 4002 cialiter
1158 3946 1193 4000 ad
1210 3944 1264 4001 boc
1280 3949 1308 4000 et
1323 3943 1524 4017 principaliter
1538 3942 1648 3999 missus
1672 3946 1728 4011 est,
1751 3943 1856 4000 adhoc

154 4037 243 4096 etiam
259 4030 977 4103 inclementiscarterisquecreaturisrelucetima·
1030 4035 1118 4100 venit,
1135 4034 1169 4091 ad
1186 4033 1241 4090 boc
1258 4032 1402 4089 sollicitus
1416 4032 1480 4089 luit.
1499 4035 1636 4101 Utamues,
1648 4030 1760 4104 inquit,
1772 4033 1857 4090 crede·

153 4143 190 4202 go
218 4123 368 4182 creatoris.
395 4121 534 4194 quoniam
559 4121 748 4193 perpetuitas,
775 4120 976 4197 pulchritudo,
1031 4130 1091 4180 reat
1102 4140 1152 4195 per·
1166 4123 1257 4179 illam.
1273 4122 1362 4189 Quasi
1378 4121 1425 4178 ille
1440 4121 1533 4178 dicat:
1545 4122 1693 4188 Quantum
1705 4120 1735 4176 in
1747 4139 1781 4178 se
1793 4121 1855 4191 luit,

152 4214 280 4281 bonitas,
296 4211 586 4284 sapientiacreaturaa
599 4209 835 4283 perpetuitatem,
848 4211 976 4284 pulchri·
1031 4212 1097 4268 iecit
1113 4216 1145 4268 ut
1160 4228 1262 4268 omnes
1277 4211 1436 4268 crederent.
1453 4210 1521 4266 Etsi
1537 4210 1671 4283 quianon
1682 4210 1855 4278 credidit,in

152 4303 295 4371 tudinem,
307 4300 504 4357 honitatemet
513 4297 688 4371 sapientiam
696 4300 977 4372 comprobantCrea·
1029 4319 1062 4358 eo
1079 4319 1136 4357 non
1151 4299 1302 4357 remansit.
1319 4299 1395 4356 Sane
1410 4299 1471 4355 hec
1486 4303 1613 4372 quatuor
1627 4315 1694 4371 quae
1709 4298 1759 4356 bie
1775 4317 1855 4356 com·

153 4394 236 4450 toris.
1029 4391 1207 4447 mandantur
1222 4389 1251 4444 in
1266 4389 1388 4455 donnae,
1406 4387 1436 4444 in
1451 4387 1581 4462 quolibet
1595 4386 1780 4459 requirenda
1789 4392 1856 4447 sunt

188 4483 221 4539 Et
235 4481 360 4549 tenebra,
376 4479 482 4551 inquit,
504 4493 564 4533 cerri
580 4492 636 4532 aaa
656 4477 927 4549 comprehenderunt,
944 4481 972 4536 id
988 4496 1012 4562 1)
1026 4479 1223 4553 predicatore,
1240 4476 1374 4533 videlieet
1388 4482 1422 4534 ut
1438 4477 1477 4534 sit
1496 4477 1681 4544 nonbrutus,
1695 4476 1748 4534 sad
1766 4479 1853 4535 ratio·

151 4575 196 4629 est
211 4588 269 4628 non
284 4568 498 4634 intellexerunt,
516 4583 573 4622 non
590 4566 659 4638 quia
674 4583 731 4621 non
743 4570 910 4639 potuerunt,
922 4569 973 4625 sed
1028 4569 1135 4626 nabilis
1149 4571 1177 4624 et
1193 4567 1377 4640 ingeniosum
1393 4570 1499 4622 utnon
1515 4581 1547 4622 se
1562 4565 1685 4638 ingerat,
1704 4565 1758 4622 sed
1774 4565 1853 4623 alteo

151 4661 222 4734 quia
236 4659 403 4716 noluerunt.
419 4656 581 4713 Noluerunt
596 4655 673 4710 enim
683 4654 886 4729 intelligerent
900 4659 973 4714 bena
1028 4658 1067 4715 sit
1094 4658 1221 4724 missus;
1248 4656 1397 4730 gratiosus
1419 4660 1448 4711 et
1470 4659 1583 4730 gratim
1610 4658 1643 4709 ut
1670 4654 1774 4711 veniat
1798 4671 1852 4712 non

151 4754 281 4824 agerent,
296 4747 423 4806 velcerte
433 4745 577 4802 tenebrosi
590 4744 725 4800 homines
736 4746 973 4820 quantiscunque
1026 4765 1106 4821 opes,
1123 4763 1180 4802 non
1195 4744 1319 4819 gloriam
1334 4761 1475 4818 querere,
1496 4761 1554 4801 non
1578 4741 1775 4815 voluptatem,
1798 4761 1853 4801 non

149 4840 227 4896 vitiis
242 4857 273 4896 se
290 4833 612 4902 involverent,divinam
621 4834 796 4890 mentissuae
811 4835 971 4909 imaginem
1025 4836 1176 4901 honorem,
1197 4835 1248 4890 sed
1273 4833 1476 4890 testimonium
1500 4831 1653 4906 perhibere
1667 4830 1705 4888 de
1730 4831 1852 4889 lumina.

149 4929 267 5002 penitus
283 4925 538 4999 conprehendere,
550 4923 579 4979 id
591 4923 972 4998 estexstinguerenequive·
1025 4922 1194 4992 Quomodo?
1209 4923 1366 4996 operando,
1385 4922 1519 4991 vivendo,
1535 4921 1678 4988 docendo,
1695 4925 1851 4991 utomnes,

150 5020 227 5072 runt.
245 5019 312 5072 Haea
326 5015 404 5070 enim
419 5030 468 5070 ecs
483 5013 513 5068 in
533 5012 647 5068 inferno
672 5011 783 5084 positos
808 5014 967 5085 accusabit,
1024 5012 1214 5087 quantumin
1230 5028 1262 5067 eo
1278 5016 1332 5079 est,
1345 5011 1466 5067 credant
1475 5028 1527 5085 per
1540 5009 1635 5074 illum,
1648 5008 1814 5084 nullusque
1824 5009 1851 5066 in

148 5109 178 5161 et
206 5102 312 5160 vermis
342 5102 426 5158 malae
459 5101 642 5158 conscientiae
675 5117 792 5174 semper
820 5118 869 5158 eos
904 5120 970 5158 cru·
1025 5102 1068 5159 cis
1091 5105 1191 5174 pareat
1213 5098 1418 5157 somnolentia.
1445 5099 1588 5156 Caeterum
1610 5098 1753 5163 loannes,
1780 5102 1809 5155 et
1827 5098 1850 5154 si

149 5192 249 5250 ciebit.
1024 5189 1114 5248 tantis
1130 5189 1257 5246 radiaret
1272 5187 1362 5244 radiis
1377 5188 1542 5255 titulorum,
1553 5191 1722 5243 tamennon
1734 5185 1851 5244 eratille

184 5281 337 5354 Sequitur;
362 5282 425 5336 Fuit
448 5281 525 5337 berrao
555 5283 656 5337 missas
678 5297 695 5335 a
718 5281 780 5337 Dic.
794 5279 846 5336 Hic
867 5280 971 5354 incipit
1023 5280 1085 5350 lux,
1099 5277 1226 5334 subaudi
1240 5294 1275 5333 ex
1290 5294 1321 5332 se
1337 5275 1448 5344 lucana,
1466 5275 1851 5350 sedpotiuslucernaavera

148 5369 967 5445 evangelistatraclarcdehumanigenerisredcmpticne,
1025 5371 1101 5426 Luce
1117 5369 1152 5424 ad
1168 5368 1222 5424 hoc
1237 5365 1413 5435 illuminata,
1431 5364 1850 5439 attestimoniumperhiberet

64 5444 69 5450 ⁵
147 5459 206 5516 sive
217 5459 409 5532 reparatione,
427 5457 968 5530 contraillosquidicebanthumanam
1024 5457 1196 5524 delumine,
1212 5456 1267 5512 hoc
1283 5459 1337 5525 est,
1354 5473 1413 5512 non
1428 5461 1492 5513 erat
1504 5454 1647 5524 Christus,
1670 5455 1723 5511 sed
1745 5453 1848 5512 Christi

147 5553 283 5607 naturam
299 5549 340 5609 sie
356 5550 385 5608 in
401 5547 580 5624 protoplasto
596 5547 794 5620 depravatam,
806 5550 883 5621 quod
898 5549 969 5607 irre·
1024 5543 1849 5623 precursoretpraeco.Perquemautemhumanaredem—
