3816 6006
51 289 113 355 est
554 286 664 348 salit.
687 285 738 346 DD
759 283 897 347 AGILES
921 283 1021 348 else.
1044 285 1252 349 HIDDOSDL.
1698 284 1758 349 638

52 424 198 502 quendam
211 439 344 494 maenum
358 430 384 479 et
397 422 524 494 spissum,
543 421 629 476 bruno
642 419 729 475 coloro
739 426 764 474 at
774 417 880 473 subcol—
895 417 922 484 Α
935 417 1023 473 rictu?
1048 417 1080 473 et
1104 417 1176 473 dixi:
1203 420 1304 483 Etiam,
1320 417 1443 474 Domine.
1462 417 1494 473 et
1509 416 1670 476 Dominus:
1687 420 1757 477 Cou-

52 534 96 585 uo,
125 523 152 572 et
173 515 282 586 mopsi:
305 513 400 568 oculis.
427 512 461 566 ut
485 510 524 566 uit
548 509 619 564 milri
636 509 793 564 Dominus:
811 509 880 576 Quid
934 517 1024 577 prcpct
1050 525 1135 564 coruos
1158 510 1297 580 principes
1323 517 1348 563 et
1369 509 1512 580 populum,
1535 509 1712 582 disponatque
1726 511 1758 567 de

52 608 139 679 opis?
164 605 197 660 et
220 602 377 675 respondi:
401 602 523 662 Dmninc,
540 616 586 669 epo
602 608 651 654 sto.
669 597 879 653 sinistrorum
936 599 1013 657 bello.
1032 599 1072 653 rei
1087 598 1120 652 dc
1134 600 1218 652 castri
1233 599 1433 668 oppnpnutione
1447 600 1563 670 aliquid,
1579 616 1642 654 cum
1654 608 1758 672 temputs

53 694 219 753 Dominus:
248 694 286 748 Tu
307 706 376 764 pene
400 708 461 746 curn
478 690 542 744 aliis
555 688 709 743 subnn’rsus
734 704 812 743 esses.
830 688 880 742 Sed
934 689 1028 758 prosc,
1043 689 1243 758 prm‘lamctpur
1259 689 1417 742 notissimus
1429 703 1530 759 preren,
1541 688 1757 757 Deussusuvs,

54 783 122 858 quid
145 782 223 840 moto
249 781 412 853 copitabas?
436 779 469 833 Et
489 777 643 849 respondi:
661 778 879 841 Domincl'ater,
935 785 992 842 trr;
1017 786 1098 847 atquo
1121 777 1283 847 dispositum
1306 777 1439 848 rorrrplere
1463 778 1563 832 tendat.
1593 780 1666 833 Tune
1688 780 1760 835 sieut

53 891 103 946 eoo
128 873 162 928 de
184 870 319 928 sacerdote
344 870 402 933 ttto,
428 870 474 923 cui
489 885 551 922 curn
563 882 642 921 cruce
657 867 819 937 apparuisti,
836 882 880 920 co·
935 866 986 920 tibi
998 866 1068 928 diri,
1086 866 1194 921 ordines
1211 865 1322 929 uidebis,
1340 874 1365 921 et
1380 874 1409 921 tn
1424 873 1449 921 et
1461 867 1515 921 eiii
1528 869 1577 938 qui
1592 867 1634 922 bis
1650 868 1759 923 creditis

54 964 190 1036 pitabom.
206 961 241 1016 et
255 959 396 1014 Dominus
413 975 419 1011 :
437 960 490 1029 Epo
504 958 558 1012 scio
574 956 656 1010 istud.
671 956 704 1009 ut
720 955 855 1027 deinceps
873 971 878 1009 :
935 963 959 1010 ct
974 955 1126 1009 incredulos
1141 955 1323 1024 cb'stiupuetis.
1341 956 1375 1009 m
1391 954 1477 1010 dixit:
1494 958 1616 1020 Domine,
1633 957 1699 1028 occid
1728 957 1760 1013 de

57 1052 141 1109 Crede
155 1051 222 1122 quia
236 1064 283 1120 epo
298 1064 358 1104 surn
370 1049 512 1111 Dominus,
527 1062 577 1118 pro
591 1062 643 1116 aito
657 1061 747 1099 ornnes
762 1044 814 1100 buc
837 1061 882 1100 ue-
936 1044 1085 1099 inrreclnlis
1099 1046 1231 1115 iaciemus
1245 1049 1259 1098 ἱ)
1272 1044 1305 1097 Et
1320 1043 1471 1115 rospondit
1494 1043 1566 1100 mihi
1591 1044 1734 1102 Dominus
1751 1063 1757 1102 :

55 1142 157 1204 urstis:
171 1146 197 1195 et
212 1139 260 1210 qui
272 1153 323 1209 pro
332 1137 517 1209 peccatoribus
531 1137 561 1190 in
576 1134 727 1191 Jerusalem
747 1136 777 1188 in
803 1150 882 1188 crure

53 1245 152 1303 passus
166 1244 237 1292 sum,
252 1225 415 1281 sicutmodo
429 1225 543 1280 uiclebis.
562 1224 595 1278 ut
612 1223 640 1277 in
657 1223 721 1295 ipsa
736 1221 808 1277 horu
822 1221 881 1277 vidi

56 1317 219 1392 quamdam
242 1332 358 1371 crucem
384 1315 420 1370 de
444 1314 560 1369 duobus
585 1311 675 1386 lignis
690 1311 783 1385 nigris
795 1315 882 1383 utque

56 1404 194 1464 rotundis
209 1405 327 1472 luctum,
344 1400 883 1475 nonpolitemnequeudsptetom,uisi

55 1496 135 1570 quod
154 1495 185 1551 in
201 1493 297 1550 medio
311 1493 408 1548 trebes
423 1490 521 1546 ineisae
537 1507 569 1546 se
584 1489 883 1562 invicemoompiecte·

55 1587 178 1642 huntur.
205 1583 238 1639 Et
262 1583 304 1638 sit
327 1580 399 1637 mihi
425 1580 586 1635 Dominus:
602 1582 667 1635 Ecce
680 1596 787 1634 crucem
801 1596 884 1650 quem

936 1135 993 1189 lion
1016 1135 1137 1205 ponetis
1162 1135 1200 1188 cis
1223 1134 1269 1188 sni
1293 1133 1414 1197 occidito,
1439 1135 1505 1204 quiin
1529 1134 1680 1206 proditores
1705 1137 1761 1191 urei

936 1232 1009 1287 sunt,
1036 1226 1137 1294 iratres
1160 1222 1237 1278 tute
1261 1223 1419 1279 tseortoor:
1445 1225 1494 1279 ltcs
1512 1240 1575 1279 uero
1590 1225 1703 1280 illorum
1717 1224 1760 1281 bis

937 1314 985 1383 qni
1010 1312 1041 1367 tir
1064 1314 1156 1383 priore
1180 1312 1276 1368 aritine
1298 1320 1363 1367 sient
1382 1313 1526 1377 corurditc,
1541 1322 1623 1384 prout
1637 1329 1760 1369 neeessa-

937 1403 1009 1455 rium
1024 1403 1110 1472 sitierit
1125 1403 1155 1456 Si
1168 1402 1208 1456 sic
1223 1403 1314 1471 apitii,
1332 1404 1475 1457 inuenietis
1485 1404 1668 1458 uiamrectam
1678 1418 1762 1475 quam

938 1489 1066 1545 lraetcnus
1082 1493 1228 1546 circuistis.
1246 1493 1278 1546 Et
1293 1493 1362 1547 sirint
1384 1500 1484 1548 certeco
1507 1508 1567 1563 pitu:
1590 1493 1629 1548 cis
1652 1492 1760 1560 dicisti,

938 1581 1132 1634 incormrrutata
1145 1588 1338 1651 promiserunt,
1355 1589 1380 1635 ct
1396 1580 1455 1637 inre
1466 1583 1762 1652 roconismontem

57 1674 210 1748 quereias.
228 1672 262 1727 st
274 1671 331 1727 luit
343 1671 373 1725 iu
386 1686 471 1725 cruce
488 1667 539 1724 illu
552 1668 693 1724 Dominus
706 1669 748 1724 sio
773 1668 883 1724 disten·
939 1677 968 1724 tu
995 1686 1077 1740 pianr
1102 1677 1208 1738 prrrtcm
1230 1671 1369 1741 precipue
1389 1670 1544 1726 dilexerim.
1562 1671 1596 1725 lit
1612 1671 1761 1742 respondi.

57 1769 108 1820 tus
121 1768 152 1819 et
165 1761 333 1827 crucifixus,
351 1759 428 1815 sicut
444 1758 883 1830 intemporepussionis.Petrus
899 1794 923 1859 B
938 1759 1060 1823 Domine,
1075 1766 1181 1830 pristinu
1195 1759 1351 1814 iudeorum.
1369 1759 1402 1812 m
1417 1758 1572 1815 Dominus:
1587 1761 1622 1815 lli
1632 1762 1763 1832 quonium

59 1857 161 1910 sutem
176 1851 207 1907 iu
223 1850 318 1923 capite
333 1866 397 1914 sue,
413 1846 884 1914 illamadextrissusrinebstmn-
941 1848 1076 1903 increduli
1089 1852 1198 1919 t'rrrrrnt,
1215 1848 1276 1903 odio
1291 1863 1333 1903 eus
1350 1848 1444 1911 babui,
1460 1857 1486 1903 ct
1500 1850 1644 1921 inferiores
1673 1850 1763 1905 omni-

59 1943 147 1998 dress
165 1937 336 2007 osinislriS,
354 1939 382 1993 in
397 1937 485 2005 collo;
502 1937 606 1992 lortius
623 1954 688 1991 soro
707 1936 753 1990 ille
770 1942 883 2008 niergm
941 1938 990 1991 bas
1014 1939 1138 2008 ¹perrtibus
1164 1939 1297 1992 staln'liri.
1319 1938 1405 1993 l'idctc
1421 1940 1512 2008 itapuc
1527 1955 1560 1994 nc
1575 1939 1710 1994 inereduli
1723 1940 1764 1994 si-

60 2031 200 2088 manibus
213 2029 388 2086 sustinebat.
406 2028 440 2082 itt
456 2026 527 2081 dixit
543 2025 616 2081 mihi
632 2026 792 2081 Dominus:
822 2029 887 2082 liae
940 2029 995 2081 tis:
1011 2027 1150 2098 itinerari,
1168 2029 1242 2080 robis
1257 2028 1461 2081 remanentibus
1475 2044 1538 2081 cum
1552 2028 1666 2093 holeis,
1694 2029 1764 2084 alios

59 2121 133 2178 dues
146 2120 324 2192 populumne
339 2119 405 2190 prtia
419 2118 457 2172 sic
471 2132 513 2171 me
528 2115 631 2171 uidisti.
651 2116 725 2170 i'idcs
740 2115 789 2170 bos
804 2118 886 2186 proin·
938 2117 1052 2188 populos
1076 2132 1225 2178 assumam,
1251 2125 1277 2170 et
1300 2132 1351 2186 per
1376 2118 1448 2187 ipsos
1463 2117 1598 2188 complebo
1613 2132 1676 2188 quse
1690 2118 1764 2174 robis

59 2227 112 2284 que
124 2210 224 2282 pluens
238 2225 313 2264 meus
324 2210 339 2262 i
349 2205 885 2278 sionosquinqueordinibusronsistitis.
939 2207 1130 2276 promiseram.
1157 2209 1224 2261 llice
1247 2221 1352 2275 otioque
1375 2204 1446 2260 dices
1469 2205 1504 2259 aci
1519 2222 1562 2260 eos
1573 2225 1583 2260 .·
1600 2207 1655 2262 Cur
1669 2208 1766 2263 timent

61 2302 175 2356 Primus
189 2297 254 2354 ordo
268 2305 308 2354 cst
322 2313 379 2353 non
394 2295 633 2368 relomnidantium
648 2295 701 2349 tola
717 2295 757 2349 uei
771 2295 885 2364 placlios,
941 2297 1030 2365 pacare
1041 2295 1181 2365 justitiam
1194 2298 1208 2348 t
1222 2297 1263 2358 Et,
1280 2294 1346 2364 quid
1360 2295 1458 2348 molius
1469 2295 1607 2365 jrcstitiu?
1622 2299 1702 2351 lione
1720 2296 1767 2368 ju·

59 2406 110 2445 nec
133 2387 246 2460 aliquod
269 2404 353 2458 ponus
377 2386 513 2440 tormenti.
541 2383 610 2438 Ordo
634 2384 682 2438 iste
705 2384 806 2437 similis
819 2384 890 2438 nutri
942 2385 1048 2437 mrtem
1072 2384 1130 2438 uolo
1156 2392 1187 2438 ut
1211 2391 1404 2453 teneant;per
1417 2384 1541 2461 familias
1555 2387 1766 2455 strepa-ationes

61 2486 120 2535 est:
148 2479 203 2548 Epo
227 2477 302 2531 enim
316 2477 347 2529 iu
360 2474 510 2530 ierusalem
525 2473 596 2535 reni,
611 2471 717 2541 pisidios
731 2479 756 2526 et
770 2471 887 2537 laturas,
941 2481 1046 2543 pereunt
1057 2473 1172 2544 J'ruiiros.
1188 2473 1255 2527 Cum
1270 2480 1361 2527 autem
1375 2473 1489 2543 quilibet
1503 2473 1646 2545 offenderit
1666 2475 1764 2540 ulium,

62 2577 87 2624 et
98 2569 196 2640 fustes,
210 2573 236 2620 et
251 2565 368 2628 buculos,
386 2563 494 2617 denium
509 2569 534 2616 ct
549 2576 655 2616 crucem
676 2577 731 2615 riou
755 2560 888 2615 clnlu'tari.
943 2562 1016 2616 client
1040 2564 1089 2633 psi
1113 2564 1247 2635 iniuriam
1269 2563 1396 2633 potitur:
1421 2564 1517 2617 Frater
1531 2564 1647 2619 vellesne
1660 2565 1701 2618 sic
1715 2564 1768 2618 tibi

63 2655 222 2712 Moriuntur
232 2669 283 2725 pro
298 2669 360 2717 me:
376 2668 422 2721 epo
438 2666 543 2722 quoque
555 2666 605 2721 pro
621 2651 659 2704 eis
672 2657 795 2704 nrortrrns
817 2668 888 2704 surm
943 2652 1005 2720 fiori
1020 2656 1034 2705 t
1069 2653 1192 2708 l'ostlnrc
1226 2653 1284 2706 nisi
1319 2652 1482 2723 malefactor
1508 2652 1627 2717 desierit,
1657 2669 1692 2708 ex
1716 2669 1767 2708 no·

63 2747 118 2817 Epo
132 2761 197 2799 sum
210 2745 241 2798 in
255 2743 304 2805 eis,
317 2749 343 2797 et
360 2742 413 2812 ipsi
427 2748 491 2795 surrt
506 2741 535 2794 in
551 2755 603 2794 arc.
621 2740 688 2794 Cum
704 2755 763 2794 uero
781 2741 802 2793 ii
823 2740 890 2794 tales
943 2743 1018 2795 mine
1053 2758 1110 2796 sure
1145 2743 1285 2813 potestatis
1323 2742 1349 2796 ei
1388 2741 1581 2807 contradicat:
1610 2740 1706 2798 deinde
1735 2743 1768 2798 li-

64 2832 317 2896 obeunt,ode.etris
327 2832 376 2886 Dei
385 2830 563 2893 collocantur,
575 2829 624 2882 nbi
632 2845 679 2898 epo
688 2836 748 2899 post
759 2845 892 2883 resurrec·
945 2838 1035 2884 centor
1056 2831 1144 2901 judea
1173 2849 1190 2885 a·
1219 2832 1394 2902 malefactore
1419 2832 1512 2885 omniu
1540 2831 1610 2886 bona
1637 2832 1694 2886 sibi
1719 2847 1768 2887 au·

67 2926 179 2986 tionem,
196 2922 226 2977 in
241 2920 340 2975 caelum
353 2917 499 2974 ascendens
513 2917 631 2972 consedi.
647 2917 785 2973 Secrcndus
800 2925 892 2972 attium
945 2921 1025 2990 [εἰπε.
1052 2928 1077 2974 ct
1101 2921 1231 2975 nrcrlirtas
1255 2921 1290 2974 sit
1313 2920 1371 2990 rjus
1389 2921 1439 2991 put
1455 2920 1590 2991 iujuriam
1602 2919 1766 2991 patiebatur,

66 3012 132 3069 ordo
144 3019 185 3067 est
199 3026 294 3066 eorum
307 3010 356 3080 qui
371 3010 399 3062 in
416 3007 537 3062 subsidio
551 3008 691 3078 prioribus
705 3014 892 3078 sunt‚atpura
945 3009 1052 3079 reliqua
1079 3025 1150 3072 uero,
1175 3010 1324 3079 potcstatis.
1352 3009 1382 3063 Si
1408 3017 1498 3063 autem
1520 3007 1608 3079 judee
1628 3009 1723 3079 eir'pua
1737 3008 1769 3064 de

66 3109 192 3173 terpoeos
199 3097 891 3168 custodiunt,adquosctiamreluperriiiipossunt;
946 3090 1039 3151 causa
1052 3097 1112 3153 brec
1134 3102 1225 3168 tacere
1248 3098 1395 3161 distulerit,
1419 3105 1448 3152 tu
1464 3096 1531 3152 evade
1544 3096 1578 3152 od
1593 3113 1656 3151 eum
1669 3105 1695 3153 rt
1708 3113 1768 3152 eor-

66 3190 97 3246 bi
120 3206 183 3245 itero
207 3188 336 3260 apostolis
357 3194 422 3241 sunt
444 3185 558 3247 similes,
579 3187 627 3255 qui
641 3201 683 3239 rne
697 3186 889 3256 sepriebuntur,
907 3168 927 3235 C
947 3189 1005 3257 ripa
1025 3203 1097 3250 curn,
1123 3195 1148 3241 rt
1171 3187 1216 3241 dio
1238 3189 1263 3241 ei
1287 3187 1357 3257 quod
1381 3188 1437 3240 nisi
1461 3186 1509 3242 ille
1529 3202 1558 3241 so
1571 3188 1769 3252 correxit-uon

65 3294 226 3350 recensque
237 3275 451 3331 manducabant.
469 3275 572 3328 Tertius
589 3291 649 3328 curro
661 3274 726 3327 ordo
737 3282 776 3328 cst
786 3291 889 3338 rorurn,
944 3276 1111 3346 persoluetur
1126 3292 1209 3345 uspuo
1224 3275 1258 3330 ad
1273 3277 1403 3330 ultimum
1416 3275 1514 3331 soeculi
1527 3274 1609 3339 diere,
1625 3276 1770 3330 nisircmi-

66 3371 115 3440 qui
129 3366 235 3439 lapides
249 3374 275 3422 ct
290 3366 345 3421 telo
358 3365 498 3436 prioribus
513 3365 694 3427 subiissent:
722 3363 751 3416 bi
776 3381 892 3434 rrirrrnpro
945 3368 1014 3419 seris
1036 3367 1088 3419 illi.
1115 3366 1240 3420 :i'rscisne
1261 3382 1343 3436 qnam
1363 3380 1444 3435 praee
1464 3366 1501 3419 sit
1512 3364 1708 3436 prohibitum?
1722 3366 1769 3420 et-

66 3458 171 3513 simt'ies
192 3463 257 3510 sunt
282 3455 341 3510 illis
364 3455 421 3524 qui,
442 3470 504 3506 curn
521 3452 641 3507 obterunt
657 3469 697 3506 rnc
714 3453 742 3505 iu
757 3469 844 3515 eruco,
860 3453 892 3508 dc

64 3548 193 3619 passione
207 3561 268 3599 mco
282 3543 410 3607 dolentes,
426 3550 600 3612 pectorosus
622 3542 819 3611 percutiebant,
847 3543 891 3595 iu-

62 3636 172 3709 juriam
184 3634 247 3704 fieri
260 3632 332 3687 mibi
343 3632 553 3702 proclamantes.
572 3631 691 3697 Qrcctrtus
715 3639 806 3683 autern
828 3631 891 3685 onio

65 3732 104 3780 est
117 3739 215 3779 eorum
228 3724 277 3794 qui
289 3721 408 3776 uidentes
425 3721 526 3774 boilum
541 3721 692 3788 inserpere,
717 3736 745 3772 so
767 3719 891 3774 domibus

67 3811 215 3868 intrudunt
239 3819 320 3882 atque
345 3810 380 3864 ud
406 3811 514 3880 nepotis
537 3825 588 3863 sua
615 3816 820 3872 concertuntur,
836 3826 892 3864 riou

66 3901 202 3958 eredentes
217 3902 248 3955 iu
262 3901 436 3954 virtutemne
451 3898 594 3952 uictoriam
608 3899 762 3963 consistere,
789 3898 835 3952 scd
863 3900 893 3953 in

67 3989 209 4046 bonrinum
230 3989 376 4060 probitate.
402 3988 437 4042 lli
460 3987 538 4050 tetes,
564 3986 621 4040 iliis
644 3993 707 4040 sient
726 3987 828 4040 similes
844 3988 893 4057 qui

67 4078 218 4134 dicerunt:
234 4100 247 4127 o
265 4079 335 4134 lieus
350 4084 388 4132 est
402 4076 507 4140 mortis,
522 4075 711 4144 cmcifipatur,
728 4076 892 4145 quiorrpem

66 4183 93 4223 se
107 4168 183 4240 fecit,
198 4174 224 4222 et
238 4167 287 4222 Dei
301 4166 405 4221 Filium
418 4163 530 4220 redirit
543 4163 659 4231 (blatta.
673 4163 759 4235 smv1).
775 4185 789 4212 n
804 4165 891 4232 Quin-

67 4264 109 4311 tus
124 4264 218 4312 ouum
232 4254 296 4311 ordo
311 4271 405 4310 eorum
419 4240 459 4308 cst
474 4255 523 4324 qui
536 4269 599 4308 cum
612 4252 677 4307 belii
686 4254 833 4308 clarnorrm
842 4271 891 4308 ciro-

66 4345 156 4408 diunt,
177 4345 211 4400 de
233 4345 312 4416 tonpe
333 4343 513 4414 speculantes,
539 4343 668 4396 etnnrorr's
692 4358 787 4397 cousus
802 4344 891 4413 raperi-

66 4443 142 4500 runt,
158 4443 185 4489 et
196 4435 320 4506 ipnaoioe
335 4449 391 4489 non
406 4432 515 4487 uirtutis
529 4431 594 4485 aliis
616 4431 740 4501 arernpio
764 4432 890 4488 tribuunt

945 3457 1019 3508 enirn
1032 3471 1078 3524 opo
1092 3454 1224 3525 probibui
1238 3453 1304 3510 tte
1317 3454 1349 3508 de
1364 3455 1461 3509 orbare
1475 3455 1599 3510 scientiis
1611 3470 1647 3509 ne
1674 3462 1769 3525 tenpe-

947 3552 985 3597 rct
998 3563 1004 3599 :
1019 3552 1201 3612 trarrsprossus
1216 3560 1305 3597 ritcutm
1319 3543 1498 3614 probibitum,
1516 3551 1542 3598 et
1554 3545 1611 3614 ipse
1623 3550 1648 3598 ct
1667 3543 1771 3613 posteri

945 3635 990 3686 sui
1015 3634 1043 3687 in
1067 3634 1223 3703 carptiritato
1248 3634 1345 3686 misera
1360 3635 1483 3703 fuerunt,
1499 3632 1583 3686 ‹borree
1596 3648 1644 3702 cpe
1659 3632 1769 3687 ueniens

946 3724 975 3776 in
984 3738 1075 3786 curuo,
1092 3738 1145 3785 eos,
1161 3730 1247 3776 ritorto
1257 3722 1345 3776 crucis
1359 3720 1508 3784 rnoricndo,
1523 3719 1634 3776 reterri.
1651 3722 1688 3777 De
1699 3721 1770 3776 deci·

945 3814 997 3866 mis
1016 3827 1085 3875 roro,
1103 3812 1177 3867 berre.
1193 3811 1309 3879 eridam
1323 3813 1457 3882 fecerunt,
1475 3809 1545 3881 quod
1558 3826 1604 3865 eas
1618 3811 1689 3865 sicut
1697 3825 1770 3881 pres·
1855 3833 1862 3842 ·

945 3903 1004 3971 ccpi
1026 3900 1167 3955 ciculemnt.
1193 3900 1378 3970 :liuttipiicabo
1403 3900 1495 3969 itaque
1516 3899 1587 3962 ilios,
1602 3906 1682 3970 atque
1696 3901 1770 3954 inter

946 3989 1015 4044 cilios
1030 3989 1222 4059 capnoscibiies
1234 3989 1347 4061 faciam.
1365 3987 1438 4042 Cum
1454 3992 1551 4042 nutem
1564 3987 1625 4042 hee
1648 3986 1772 4044 dixisset

946 4077 1098 4145 Dominus,
1113 4075 1185 4147 coepi
1202 4076 1349 4149 postulare
1365 4077 1401 4132 ab
1414 4093 1447 4132 eo
1459 4082 1490 4132 ut
1501 4093 1553 4149 pro
1565 4076 1705 4134 charitate
1716 4094 1771 4135 sus

946 4165 1109 4222 litterarum
1125 4164 1288 4231 seientiam,
1306 4182 1395 4237 quam
1411 4182 1505 4236 nuper
1514 4165 1587 4221 mihi
1596 4165 1769 4235 abstulerat,

945 4256 1086 4312 redderet.
1111 4255 1143 4309 [it
1168 4254 1209 4310 sii
1232 4254 1393 4309 Dominus:
1417 4256 1477 4310 Non
1497 4256 1641 4326 sufficiunt
1663 4257 1717 4311 tibi
1734 4256 1770 4312 ad

944 4344 1131 4402 enarrandum
1146 4360 1178 4399 ee
1194 4358 1257 4415 quie
1270 4346 1352 4412 nosti,
1367 4352 1392 4399 et
1407 4351 1495 4400 tomen
1511 4346 1552 4399 uis
1564 4346 1634 4400 scire
1660 4344 1770 4416 pluro?

945 4436 979 4490 lit
1002 4434 1141 4489 continuo
1166 4433 1207 4488 ita
1230 4432 1302 4487 mihi
1323 4432 1404 4488 risus
1421 4449 1486 4488 sum
1503 4432 1631 4504 sapiens,
1646 4437 1680 4487 ut
1696 4431 1769 4489 nihil

65 4533 90 4579 et
104 4539 161 4578 non
175 4523 265 4578 solum
276 4522 402 4595 periculo
414 4537 464 4592 pro
479 4535 531 4585 me,
546 4521 740 4575 verumetiam
753 4536 803 4591 pro
828 4522 888 4591 fre·
907 4539 928 4604 p
944 4541 1045 4596 sapere
1062 4522 1137 4577 ultro
1152 4538 1295 4594 rogarem,
1310 4521 1386 4577 etoii
1395 4520 1710 4592 Dominustsusficiunt
1718 4522 1770 4577 tibi

65 4613 154 4668 tribus
177 4613 271 4667 subire
293 4612 401 4673 nolunt,
426 4609 472 4665 sed
495 4610 544 4664 sub
566 4610 652 4680 specie
675 4609 797 4674 cusentii,
820 4610 889 4665 aiios

65 4702 183 4757 uolentes
204 4716 340 4772 pupnarc,
355 4700 398 4756 uel
410 4698 608 4770 pupnatoribus
627 4715 706 4752 urere
720 4699 889 4763 arrr'nistrare,

66 4807 159 4846 secum
182 4788 217 4845 ad
240 4788 437 4861 speculandum
457 4788 586 4842 inuitant.
606 4789 639 4842 lli
653 4787 733 4844 iude:
744 4787 890 4858 proditori,

64 4888 90 4935 et
104 4879 199 4936 Pilato
209 4878 300 4952 judici
313 4878 418 4932 similes
432 4884 505 4932 sunt.
523 4875 590 4930 Erat
614 4881 712 4931 nutem
738 4877 836 4931 nudus
860 4875 889 4930 in

65 4983 151 5024 erues
166 4966 328 5034 Dominus;
344 4971 443 5020 tumen
459 4962 578 5020 linieolo
592 4963 774 5034 precinctus,
787 4981 802 5019 s
813 4965 891 5037 geni-

65 5056 121 5113 bus
136 5072 230 5128 usque
245 5055 282 5111 ud
293 5053 421 5121 lumbos,
434 5058 462 5108 ot
472 5058 533 5108 erat
544 5051 697 5108 linteolum
709 5053 805 5108 medio
817 5053 891 5109 eolo-

65 5161 107 5211 re,
133 5143 295 5202 coloratum
321 5142 397 5198 inter
420 5141 538 5215 nigrum
561 5146 589 5196 et
613 5142 747 5196 rubeum.
766 5141 798 5195 lit
815 5141 891 5198 circe

65 5232 168 5290 horem
183 5232 310 5289 habebut
323 5231 412 5286 sities
426 5228 519 5297 albas,
534 5234 562 5286 ei
579 5229 684 5285 rubeus
709 5234 796 5301 utque
822 5232 889 5285 siri-

65 5321 128 5378 des.
144 5322 213 5379 Post
226 5320 345 5378 sublato
359 5335 444 5375 cruce
459 5319 600 5375 remansit
615 5319 645 5373 in
662 5317 763 5373 habitu
779 5318 807 5373 in
833 5337 890 5391 quo

64 5411 147 5483 prius
170 5416 292 5468 uenerat
317 5407 470 5465 Dominus.
498 5409 533 5464 ut
547 5406 607 5462 dixi
623 5408 659 5462 ed
674 5424 761 5463 eum:
779 5409 890 5465 Domine

63 5502 144 5566 Deus,
159 5502 186 5557 si
199 5500 249 5558 boe
262 5499 369 5565 dieero,
386 5514 440 5555 nou
455 5497 565 5553 credent
584 5496 664 5551 mibi.
681 5497 716 5551 st
740 5499 891 5568 respondit

64 5589 138 5647 mihi
153 5587 296 5647 Dominus
308 5605 321 5653 ι,
333 5589 376 5646 Vis
390 5602 546 5658 cornescere
560 5601 604 5642 eos
618 5587 667 5656 aui
690 5585 732 5640 tu
756 5603 811 5642 nm
834 5604 890 5643 cre-

944 4613 1033 4667 udbue
1055 4628 1118 4683 qur
1140 4613 1235 4667 nosti?
1260 4612 1293 4666 nt
1318 4610 1473 4682 respondi:
1489 4611 1647 4682 Srcfficiunt.
1664 4611 1699 4665 u:
1713 4608 1768 4666 Do-

946 4701 1045 4757 minus
1070 4718 1206 4755 rursum:
1233 4699 1304 4768 Quid
1328 4701 1390 4756 diri
1412 4701 1490 4755 tibi?
1505 4699 1649 4770 Responde.
1667 4700 1701 4753 m
1715 4714 1768 4771 ego

945 4790 1017 4845 nihil
1033 4791 1171 4845 sciebam.
1189 4795 1318 4861 Cumque
1333 4790 1406 4844 mihi
1423 4789 1545 4846 instaret
1560 4786 1769 4860 utuiiquideo·

946 4896 1011 4933 rum
1036 4896 1099 4951 que
1115 4877 1226 4933 dixerut
1243 4878 1447 4950 responderem
1463 4877 1530 4943 sibi,
1547 4875 1702 4950 respondi:
1720 4877 1769 4932 Do
1792 4863 1795 4869 ⁸

944 4970 1029 5034 minc,
1046 4968 1119 5023 nibil
1133 4969 1206 5022 nori.
1223 4967 1258 5021 Et
1273 4966 1313 5022 uit
1329 4966 1489 5022 Dominus:
1506 4967 1576 5023 Vade
1590 4974 1616 5022 et
1630 4967 1770 5022 annuntie

945 5072 1007 5128 qut:
1021 5058 1102 5123 nosti,
1119 5065 1146 5112 ct
1158 5056 1299 5127 sufficiant
1314 5057 1367 5110 tibi
1382 5055 1769 5127 petescis-Cumautemhmo

946 5145 1087 5200 lintribus
1103 5144 1346 5211 ostendissemus,
1365 5148 1514 5216 coeperunt
1529 5143 1648 5215 quidem
1661 5143 1767 5210 dicere,

945 5235 1022 5306 quod
1031 5250 1181 5305 uunquum
1198 5233 1431 5305 crederemquod
1441 5231 1645 5305 hujuscemodi
1656 5230 1768 5287 homiui

944 5321 1112 5393 loqueretur
1126 5319 1214 5384 Deus,
1232 5325 1259 5375 ei
1274 5320 1434 5376 dimitteret
1448 5321 1599 5393 episcopos
1614 5323 1643 5374 et
1657 5319 1768 5392 prinei·

945 5427 1006 5482 pes,
1023 5414 1051 5465 ot
1063 5408 1229 5464 ostenderet
1240 5425 1271 5464 se
1282 5409 1394 5464 homini
1406 5411 1516 5466 rustico
1529 5428 1535 5478 ;
1547 5409 1625 5465 unde
1636 5407 1724 5464 etium
1734 5409 1769 5464 de

945 5498 1046 5554 leucoe
1070 5496 1187 5554 Domini
1200 5497 1384 5554 dubitabunt.
1410 5501 1590 5572 Quapropter
1604 5500 1769 5557 convocavi·

945 5589 1123 5645 musl'retres
1135 5584 1200 5641 illos
1210 5585 1319 5657 quibus
1334 5587 1480 5646 deleuoes
1489 5587 1648 5660 aliquando
1659 5586 1767 5645 revele-
