3816 6006
402 235 799 319 marathonide.
822 231 1304 321 ssrnaans'uaus'abau.
1628 234 1706 325 itta

77 385 216 446 eiacum
237 386 268 445 in
293 384 428 445 aceubitu
451 386 558 445 tuden
583 378 682 461 Segor,
709 402 773 460 qna
796 388 825 442 et
837 368 867 455 ,h
881 384 934 443 rat.
956 384 1042 446 Sexto
1066 382 1202 452 milliario
1225 402 1242 446 a
1266 382 1397 463 Sarphen
1423 393 1468 447 est
1490 376 1580 448 Sidon
1605 391 1706 452 civitas

77 490 119 535 tra
129 478 361 546 dicitnr,uuade
372 478 502 551 quinque
513 477 681 533 civitatibus
695 474 754 532 illis
765 490 827 548 pre
882 477 1007 551 egregia,
1024 490 1058 535 ex
1073 494 1131 552 qua
1146 478 1201 535 luit
1217 477 1297 548 Dido,
1309 495 1372 552 qua
1383 480 1565 556 Cartaginem
1577 487 1706 541 constru-

77 568 153 625 rLot
168 568 204 623 da
219 565 355 623 incendio
366 572 394 623 ot
405 567 593 623 subversione
608 568 755 622 reservata
770 566 824 631 est,
880 565 922 620 xit
937 564 966 621 in
982 566 1087 624 Airica.

79 672 174 730 nsque
188 673 266 712 nnnc
279 656 453 712 ostenditur.
466 655 497 710 In
506 655 583 711 exitu
595 655 763 729 Segoruxor
774 654 827 709 Lot
916 652 1001 711 Sexto
1017 656 1130 712 decimo
1145 656 1280 714 milliario
1291 674 1307 714 a
1318 657 1424 715 Sidone
1437 663 1482 714 est
1492 659 1626 716 Berithus
1637 679 1706 736 opu·

77 742 275 818 etuneiligiem
288 748 399 800 mutata
410 745 565 817 luit,cujus
579 744 675 799 adhuc
686 739 827 815 apparent
880 740 1044 800 lentissima
1059 744 1171 801 civitas
1185 747 1215 803 ln
1232 745 1325 803 Dorito
1342 751 1385 803 est
1398 749 1530 820 quadam
1547 749 1705 809 Salvatoris

77 833 226 909 giaSupra
238 834 331 906 ripam
339 834 468 906 praedicti
485 833 575 889 maris
588 832 713 888 multum
724 827 828 887 alumi·
880 827 972 888 nostri
988 832 1080 900 icona,
1095 851 1153 891 noa
1170 834 1298 891 multum
1313 838 1379 907 post
1394 835 1558 908 passionem
1574 856 1659 896 suam
1668 834 1704 899 ad

77 922 258 995 multumque
273 922 404 978 Katranii
414 922 450 978 ab
462 920 566 1000 incolis
577 923 720 994 reperitur
730 927 759 977 et
769 919 826 976 col·
880 920 1072 992 ignominiam
1081 924 1144 995 ejus
1153 923 1512 997 ridiculoseaquibusdam
1521 927 1631 984 luders·
1641 946 1705 985 cru-

77 1024 110 1079 rr,
126 1015 154 1067 et
168 1027 203 1067 ex
217 1012 291 1066 mari
308 1011 420 1066 bitume
435 1010 608 1073 extrahitur.
625 1010 702 1083 quod
718 1007 824 1066 Judaae
880 1009 974 1077 cifixa,
991 1026 1054 1084 quae
1070 1013 1242 1085 sanguinem
1257 1013 1395 1086 produxit
1410 1018 1438 1070 et
1453 1031 1570 1087 aquam,
1588 1018 1704 1075 undeet

78 1100 148 1156 ditis
173 1099 337 1173 appellatur
360 1101 570 1156 necessarium.
590 1098 680 1172 Segcr
695 1103 825 1156 autema
880 1099 965 1154 multi
980 1098 1009 1155 in
1026 1117 1091 1158 vero
1107 1101 1243 1158 crucilixo
1259 1101 1445 1159 crediderunt
1460 1103 1616 1177 baptizati;
1637 1108 1703 1180 qui·

77 1189 203 1259 >atriolis
216 1190 358 1262 oppidum
375 1189 480 1244 Palma
495 1194 623 1245 vocatur.
880 1204 996 1262 cunque
1010 1189 1108 1257 eham,
1126 1207 1160 1247 ex
1184 1189 1234 1246 illa
1248 1191 1333 1247 icona
1354 1193 1506 1264 perunctia
1528 1204 1703 1269 quacunque

77 1286 129 1352 pra
151 1277 249 1334 lacum
273 1277 477 1350 Asphaliitem,
493 1278 522 1332 in
547 1279 688 1334 descensu
713 1277 824 1334 hrabioe
880 1276 1077 1351 gravabantur
1091 1277 1271 1347 inllrrnitate,
1288 1280 1350 1336 soni
1367 1281 1573 1339 reddebantur.

77 1364 148 1440 leym
165 1364 306 1440 spelunca
321 1377 365 1423 est
391 1368 420 1422 in
443 1371 543 1422 monte
567 1366 772 1437 Moabitarum,
788 1367 824 1422 ad
880 1366 999 1439 arphax
1013 1371 1058 1423 est
1074 1368 1144 1424 urbs
1157 1368 1303 1438 Damasci,
1320 1370 1356 1427 de
1372 1387 1430 1443 qua
1454 1368 1595 1427 historia:
1612 1394 1627 1423 a
1647 1373 1704 1429 Da·

77 1450 197 1513 rDahao
207 1449 368 1512 Diiusilhor
378 1456 475 1511 divino
488 1459 559 1512 nutu
573 1454 694 1512 adduxit
705 1455 823 1512 Balaam
880 1466 999 1514 mascns
1013 1457 1043 1511 in
1060 1457 1154 1530 Syria,
1172 1468 1186 1507 »¹
1202 1458 1363 1515 Damascus
1378 1445 1519 1532 estenput
1529 1460 1617 1533 Syrio
1628 1477 1705 1519 reve-

77 1540 284 1601 niedicendum
311 1542 379 1600 liliis
395 1544 494 1610 Israel,
518 1543 569 1618 qui
594 1562 646 1618 pro
661 1544 823 1601 vehementi
879 1544 969 1601 reuda
986 1545 1164 1618 metropolis,
1181 1558 1270 1619 quam
1295 1546 1456 1603 construxit
1471 1542 1588 1605 lileazar
1603 1556 1705 1608 serius

77 1630 146 1707 liptu
157 1630 279 1689 Excisus
289 1636 417 1690 vocatur.
432 1632 525 1689 Lacus
535 1632 714 1706 Asphaltites
721 1633 825 1690 dividit
878 1632 1011 1690 Abrahae.
1029 1633 1061 1688 ln
1078 1650 1146 1707 agro
1161 1634 1211 1690 illo
1226 1634 1296 1692 Cain
1312 1635 1457 1692 interiecit
1481 1637 1599 1693 fratrem
1615 1655 1703 1696 suum

77 1738 130 1778 tam
147 1722 336 1778 etArabiam.
838 1721 961 1820 nebel.
984 1714 1125 1779 Damasco
1150 1708 1326 1779 cohabiia'ril
1349 1723 1435 1794 Ds'du,
1460 1724 1511 1805 qui
1535 1726 1564 1782 et
1587 1709 1651 1784 Scir
1676 1733 1705 1786 et

77 1803 281 1883 inratunp'ore
305 1806 434 1867 liliorum
452 1810 541 1867 lsrael
558 1806 685 1868 solitudo
702 1815 821 1878 erat‚et
877 1811 968 1868 Ddom
992 1810 1056 1869 Seir
1075 1808 1181 1885 pilosas
1208 1810 1298 1868 Edem
1323 1815 1412 1885 rasas,
1442 1812 1487 1870 ire'i
1517 1801 1637 1885 rubeam
1666 1814 1703 1874 ab

77 1896 240 1967 temtans
251 1899 331 1955 invia
340 1905 368 1955 et
383 1900 536 1973 inaquosa.
555 1902 586 1956 ln
598 1917 632 1956 ea
645 1901 764 1973 quidem
775 1900 822 1957 de·
876 1900 958 1957 Edon
972 1898 1094 1957 tctailla
1103 1904 1180 1957 terra
1187 1904 1307 1957 vocatur
1317 1888 1455 1967 idumaea,
1469 1902 1505 1959 de
1516 1910 1575 1976 qua
1586 1903 1616 1961 in
1628 1906 1705 1989 psal·

77 1992 152 2047 teos
166 1988 201 2044 lt)
215 1988 301 2044 anais
317 1988 470 2058 Dominus,
488 2006 598 2045 manua
612 1989 716 2063 pluens
731 1991 773 2047 eis
785 1990 822 2045 ad
877 2002 944 2044 mo:
960 1988 991 2044 in
1005 1988 1156 2046 idomaeam
1174 1987 1318 2046 exendum
1340 1988 1522 2049 calceamento
1545 1997 1605 2049 naec
1615 1992 1703 2067 (Paul.

77 2070 245 2134 lucendum.
257 2076 638 2134 lnhrabiaillmoniuerunt
648 2075 823 2135 castralliie-
876 2092 931 2146 arx,
946 2066 1001 2151 i0).
1016 2077 1098 2134 Unde
1114 2076 1272 2151 p‘rophe'ta‘:
1291 2077 1357 2148 Data}
1371 2086 1411 2136 etl
1423 2076 1473 2151 pici
1485 2077 1559 2136 venit
1572 2081 1607 2138 d'e'
1619 2074 1704 2140 Edoin

79 2155 354 2233 ismetiadesertc,
371 2167 475 2239 inquo
494 2167 648 2223 duodecim
671 2167 775 2235 lentos,
793 2171 823 2224 at
876 2156 1142 2223 tinctionestlbusde
1166 2162 1269 2223 Beira?
1291 2167 1368 2237 (isai.
1391 2170 1467 2235 calar,
1496 2156 1533 2241 i.)
1554 2153 1704 2229 liosrae's't

77 2248 184 2335 reginis
195 2253 299 2328 palma
311 2255 347 2311 de
359 2254 432 2311 mari
448 2256 545 2311 Rubro
554 2260 692 2313 exeuntes
703 2261 821 2329 reperta
877 2254 1010 2329 quadam
1025 2266 1093 2328 pars
1108 2252 1188 2311 illius
1203 2256 1285 2311 terrae
1301 2260 1364 2328 qua
1380 2252 1624 2327 Husvocatur,de
1640 2276 1699 2334 qua

90 2340 245 2401 lassabis
256 2341 300 2399 e'st
315 2338 401 2399 vellis
414 2339 549 2417 Moysi,in
559 2346 823 2417 quaporcussitbis
877 2335 931 2400 init
946 2344 1049 2401 beatus
1063 2334 1129 2409 Joh',
1146 2356 1210 2417 quo
1225 2348 1254 2400 et
1264 2344 1352 2400 Sueto
1362 2344 1477 2414 dicitur,
1492 2338 1580 2420 aliua
1591 2336 1700 2423 B'alddd

77 2430 203 2506 mvirga,
215 2426 288 2488 duos
309 2422 619 2505 aquarivulospopulo
628 2433 674 2489 Dei
686 2432 820 2502 reddens,
877 2432 1004 2489 Suhites.
1017 2420 1148 2489 Theman
1160 2436 1204 2489 cst
1215 2432 1384 2505 metropolis
1396 2433 1423 2488 in
1437 2433 1573 2502 idumea,
1581 2443 1615 2491 aa
1627 2426 1703 2494 'Phe'-

77 2522 153 2578 tibus
170 2525 230 2576 tota
244 2520 294 2576 illa
303 2522 397 2594 patria
408 2523 494 2577 modo
506 2522 653 2595 irrigatur.
666 2524 697 2579 In
715 2525 822 2582 Arabia
877 2532 945 2578 man
961 2518 1287 2594 liliphas'rhemanites.
1297 2516 1332 2577 Et
1345 2520 1475 2578 Naaman
1492 2514 1536 2579 est¹
1547 2514 1700 2596 oppidu'ra,

77 2608 144 2667 runs
158 2605 249 2676 Sinai,
262 2608 291 2664 in
308 2626 365 2682 quo
381 2608 495 2683 Moyses
511 2611 707 2683 quadraginta
717 2612 822 2671 diebus
876 2628 965 2684 aquo
978 2610 1092 2684 Saphar
1106 2610 1296 2667 Naamatites.
1313 2611 1335 2665 li
1351 2615 1410 2666 tres
1427 2612 1629 2670 coris'eldta'rcs'
1644 2600 1700 2671 lon

77 2697 197 2755 totidem
223 2698 358 2754 noctibus
375 2700 465 2754 totius
490 2714 592 2771 expers
617 2698 672 2756 cibi
689 2702 822 2759 moratus
876 2688 1701 2759 lueruntlnindumeaelinibussecundomilliarioaie'r-

77 2786 107 2844 in
122 2788 279 2860 quostiam
292 2787 434 2843 Dominus
449 2787 540 2860 Moysi
552 2786 646 2861 legem
657 2789 821 2863 dedit‚pro-
876 2789 950 2845 dane
964 2793 1009 2845 est
1023 2784 1128 2842 liuvius
1142 2784 1269 2852 Labeon,
1295 2792 1353 2859 quo
1376 2777 1563 2845 transvadato
1579 2806 1595 2845 a
1609 2786 1702 2848 Jace'b‘

77 2872 219 2950 ligitos'uo
227 2875 366 2947 scriptam
376 2874 406 2930 in
416 2875 526 2931 tabulis
536 2874 704 2948 lapideis.ln
716 2875 821 2935 lirabia
875 2878 941 2934 cum
951 2862 1574 2947 ailesepotamiavenirehluctatusestcitm
1586 2878 1699 2956 angelo,

77 2963 150 3021 elisit
169 2962 245 3020 illios
261 2960 349 3020 lsrael
365 2964 502 3021 columna
529 2964 607 3038 ig'nis
626 2978 677 3037 per
693 2973 818 3037 noctem,
875 2966 924 3039 dui
940 2962 976 3022 dc
989 2964 1078 3021 Jacob
1089 2979 1195 3019 nomen
1205 2964 1269 3035 ejus
1280 2962 1443 3019 mutavitin'
1464 2964 1563 3022 lsrael.
1580 2965 1611 3022 ln
1633 2967 1701 3023 lda'-'

77 3049 148 3127 ἔφη
163 3051 281 3108 uallauit
304 3069 353 3109 eos
378 3052 482 3109 diebus
507 3052 640 3126 singulis.
658 3050 689 3110 in
713 3057 820 3114 Arabia
875 3050 948 3110 inea
962 3053 1006 3111 ost
1021 3052 1106 3108 mons
1121 3050 1191 3125 Seyr
1205 3044 1717 3110 suhDamasco.Seouridomilliario·

77 3141 268 3215 puadraginta
282 3124 585 3198 l'lonsionesssiiorum
597 3142 735 3200 israelln
749 3138 818 3202 iira-
834 3116 856 3186 G
876 3156 892 3199 a
906 3145 1049 3199 Damasco
1064 3138 1145 3196 locus
1161 3144 1215 3207 est,
1232 3139 1262 3221 in
1278 3156 1335 3213 quo
1348 3134 1429 3197 Sauli
1454 3136 1589 3199 Christus
1610 3142 1700 3217 appa·

77 3224 101 3286 st
115 3240 200 3286 mons
215 3224 284 3296 Hor,
301 3246 358 3302 quo
374 3231 507 3303 sepultus
527 3230 652 3302 quiescit
666 3234 771 3290 Aaron.
787 3234 818 3290 ln
874 3231 933 3288 ruit
948 3228 1066 3287 dicens:
1083 3220 1175 3286 Saule.
1192 3228 1284 3296 Saule,
1301 3228 1367 3301 quid
1381 3239 1423 3284 mc
1436 3230 1697 3304 persequerlsifflct.

77 3330 97 3375 a
112 3316 157 3376 est
172 3319 303 3385 abarim,
319 3319 349 3373 in
366 3318 576 3391 quoDominus
592 3319 709 3394 Moysen
725 3321 820 3396 sapei·
874 3338 914 3389 nr,
930 3316 970 3391 tl
984 3318 1016 3373 in
1033 3326 1091 3390 quo
1105 3320 1134 3373 et
1149 3316 1272 3373 Su'ululn¹
1285 3316 1412 3374 charitas
1427 3317 1463 3374 de
1477 3318 1549 3375 coelo
1565 3323 1623 3375 noa
1639 3308 1701 3377 me*

77 3406 123 3480 las
135 3424 298 3480 numquam
309 3411 466 3480 apparente
476 3407 601 3463 tumulo.
613 3412 645 3463 In
659 3410 765 3466 Arabia
776 3415 821 3469 est
874 3410 938 3466 dica
952 3404 1156 3464 circumlulsit.
1175 3406 1207 3460 ln
1226 3405 1369 3462 Damasco
1393 3405 1550 3478 baptizavit
1568 3398 1697 3465 libanica

77 3510 83 3546 ‚¹
94 3490 221 3569 Degaiis',
229 3498 317 3569 quem
327 3498 354 3551 et
365 3492 659 3568 halduinusprimus
671 3514 720 3553 rex
729 3498 818 3554 Fran·
874 3497 1123 3565 Saulum,nomen
1134 3494 1160 3549 ei
1175 3493 1328 3566 imponens
1339 3494 1476 3564 Paulum;
1493 3496 1528 3551 de
1539 3496 1633 3553 muris
1643 3496 1699 3553 Da-

77 3580 299 3641 'niotcrusalem
310 3584 345 3639 ad
356 3583 553 3640 terramillam
565 3585 821 3643 Christicolissub·
875 3584 1100 3643 masoismissus
1110 3581 1316 3639 iuitPaulusin
1328 3574 1470 3656 sportam,
1478 3588 1698 3655 persecutorum

77 3656 152 3730 adam
168 3669 240 3729 etad
251 3672 394 3729 tuendum
411 3688 535 3745 regnum
547 3669 635 3729 David
648 3674 677 3730 in
689 3680 819 3733 castrum
874 3686 979 3732 sevam
994 3670 1104 3729 veritus
1119 3671 1240 3728 rabiem.
1253 3665 1595 3744 Libanusintorpretatu'r
1606 3673 1700 3730 coadi-

77 3774 118 3817 lm
129 3757 265 3818 reddidit.
276 3762 379 3817 Arabia
386 3762 523 3835 jungitur
539 3762 671 3818 idumaea
687 3763 716 3819 in
732 3764 820 3821 oonll-
873 3764 957 3831 dolio,
975 3762 1011 3818 de
1026 3770 1083 3834 que
1104 3759 1134 3815 in
1159 3759 1304 3817 Canticis:
1323 3760 1389 3817 Veni
1409 3761 1441 3817 de
1460 3760 1574 3831 Libano,
1598 3770 1699 3834 sponsa

77 3848 232 3907 titoto'ron.
873 3868 945 3918 orca,
961 3851 1084 3907 columba
1097 3852 1159 3904 med
1178 3848 1269 3918 (duat.
1285 3858 1324 3917 iv,
1340 3848 1377 3921 8).
1393 3849 1435 3905 Ad
1451 3836 1580 3906 radicem
1596 3849 1701 3907 Libani

77 3936 160 3994 thina
174 3936 455 3994 estterraDa'masci.
468 3936 646 3995 idumaeaeit
657 3940 712 3996 sub
726 3939 819 4014 Syria,
874 3939 1009 3996 oriuntur
1024 3937 1174 4009 Pharphar
1184 3934 1212 3992 ct
1222 3937 1333 4003 Abona,
1345 3936 1425 3993 fluvii
1437 3937 1701 3995 Damasciltlontes

77 4024 215 4100 tamdem
232 4026 323 4100 Syria
333 4024 505 4083 Damascus.
523 4027 681 4083 Idumaeam
696 4035 725 4085 ct
736 4030 820 4087 Phoe·
875 4026 978 4084 Libani
988 4028 1017 4083 et'
1027 4024 1705 4100 planitiem*Arcados'traasllu'itAbahamagne'

77 4110 223 4171 liidltidit
239 4112 378 4181 Libanus,
394 4114 551 4183 Phoenicia,
573 4116 602 4171 in
626 4132 685 4189 qua
709 4116 773 4187 Sor,
790 4118 819 4175 id
874 4117 949 4173 mari
960 4130 991 4172 se
1006 4113 1157 4186 copulans,
1169 4109 1279 4168 linibus
1292 4109 1351 4169 illis
1364 4113 1393 4168 io
1405 4114 1514 4188 quihus
1524 4113 1705 4171 Eustachlus'

79 4198 149 4281 yius'
165 4201 332 4260 Phoenicum
358 4203 544 4260 nobilissima
571 4209 616 4260 est
640 4206 819 4279 metropolis,
875 4206 1006 4270 sanctus,
1019 4201 1346 4275 uxoresuaprivatuset
1362 4200 1700 4269 liliis‚desolatusrec'es·

77 4288 486 4365 ibaldum'peramhulantem,
497 4293 689 4362 maritimam,
702 4299 735 4350 ut
744 4294 819 4368 Syrii
875 4294 923 4351 sit.
941 4290 1090 4363 Pharphar
1102 4304 1153 4363 per
1163 4289 1276 4363 Syriam
1288 4289 1382 4346 tendit
1397 4288 1548 4363 repletam,
1559 4291 1589 4345 id
1597 4293 1703 4347 estan-

77 4384 139 4449 unt,
155 4379 283 4454 recipere
298 4381 473 4454 laciniaque
484 4381 755 4439 etdivinatostante
772 4400 823 4456 pa-
874 4381 1024 4448 tiochiam,
1039 4378 1198 4449 labensque
1213 4375 1291 4433 circa
1305 4393 1406 4434 muros
1421 4378 1495 4451 ejus,
1509 4379 1622 4435 decimo
1634 4376 1701 4434 mil-

77 4462 120 4525 ut
133 4472 276 4542 mattyres
291 4466 349 4525 Dee
361 4470 632 4543 reddidit,quorum
644 4468 757 4526 solidus
768 4471 818 4528 Dei
838 4485 860 4550 Β
876 4470 958 4526 llario
973 4468 1009 4524 ab
1022 4465 1175 4523 Antiochia
1190 4464 1219 4520 in
1235 4469 1321 4538 portu
1333 4465 1453 4539 Solymi,
1470 4465 1701 4539 portavidolicet

77 4554 119 4614 l'm
131 4562 291 4613 numerum
306 4556 426 4632 colligit.
875 4559 905 4616 S.
922 4554 1079 4624 Simeonis,
1096 4544 1306 4610 Mediterraneo
1322 4555 1396 4610 mari
1412 4566 1443 4610 se
1458 4544 1699 4610 commendatio

77 4640 126 4701 lias
139 4640 295 4719 origenem
309 4646 489 4702 tumulatum
501 4646 584 4715 celat,
596 4647 675 4702 unde
685 4648 762 4719 apud
770 4648 825 4722 'ly-
877 4645 1031 4704 Antiochia
1040 4642 1116 4700 sedit
1126 4643 1157 4698 B.
1169 4642 1271 4698 Petrus
1281 4644 1392 4715 septem
1405 4642 1501 4709 annis,
1513 4639 1702 4715 pontificatus

78 4729 123 4790 eat
137 4733 212 4805 lapis
227 4733 274 4790 illa
286 4742 468 4791 marmoreus
484 4734 626 4806 modicus,
639 4750 823 4808 superquem
878 4734 1032 4792 decoratus
1047 4730 1154 4788 insula.
1169 4729 1213 4786 Ad
1224 4730 1350 4786 radicem
1364 4729 1466 4786 Libani
1476 4728 1580 4787 civitas
1591 4726 1702 4786 Paneas

81 4818 169 4878 tasas
181 4820 438 4891 manensiilasus3
451 4823 716 4896 atemporeChristi
729 4838 824 4898 nsque
878 4823 934 4880 sita
948 4827 1001 4891 est,
1017 4821 1047 4877 id
1062 4823 1106 4876 est
1122 4818 1239 4889 Dilmas,
1256 4834 1318 4894 qua
1334 4824 1363 4876 et
1377 4819 1507 4876 Cesarea
1517 4813 1642 4891 Philippi
1654 4834 1703 4874 vo·

77 4904 379 4984 pulsionemgerit'ium
395 4911 432 4968 ab
443 4912 523 4979 urbe,
536 4912 586 4968 sed
600 4914 700 4984 postea
711 4914 824 4970 deirau-
877 4917 970 4970 catur.
988 4910 1020 4967 ln
1035 4907 1085 4964 illo
1100 4907 1163 4964 leco
1177 4907 1257 4964 dedit
1271 4908 1348 4964 Deus
1364 4907 1447 4965 Petro
1470 4909 1643 4981 potestatem
1668 4904 1703 4961 li-

77 4998 145 5054 celtt
160 5014 176 5054 a
191 4998 380 5067 Francis,nec
397 5016 454 5055 non
471 5017 487 5055 a
501 5000 630 5068 Venetis,
648 4999 742 5072 Supra
756 5018 822 5058 vero
878 4999 965 5076 gandi
981 5002 1010 5056 ct
1024 4995 1165 5055 solvendi.
1180 4995 1222 5051 nd
1239 4997 1367 5053 radicem
1383 4996 1489 5053 Libani*
1502 4995 1638 5052 oriamur
1646 4995 1704 5051 duo

77 5084 151 5143 num
164 5084 362 5161 illiuslapidis
373 5088 402 5143 in
412 5088 553 5144 honorem
565 5087 722 5144 salvatoris
733 5089 823 5145 eecle-
878 5091 972 5145 fontes
987 5085 1030 5144 illi
1044 5086 1096 5142 Jor
1109 5088 1139 5141 et
1152 5085 1225 5153 Dan,
1242 5085 1277 5141 de
1292 5085 1399 5158 quibus
1415 5085 1469 5142 suh
1483 5085 1635 5142 mentibus
1649 5083 1702 5141 Gi·

77 5170 199 5249 [amdam
223 5172 344 5232 imadata
367 5180 422 5232 est.
449 5175 553 5232 Octavo
569 5175 733 5232 milliarino
748 5177 823 5250 Tyro
877 5176 946 5234 belii
961 5175 1115 5233 conficitur
1129 5172 1236 5230 liuvius
1251 5171 1399 5241 iordanis,
1416 5174 1445 5230 in
1461 5188 1520 5246 que
1538 5173 1670 5231 Christus
1686 5187 1704 5228 a

77 5262 264 5321 *orientem
288 5278 378 5338 supra
394 5281 474 5320 mare
496 5263 627 5337 Sarphen
643 5266 697 5330 est,
715 5280 779 5337 qua
795 5269 824 5321 et
877 5268 987 5322 luanus
997 5278 1175 5337 praeoursore
1185 5263 1339 5334 ejustertio
1353 5262 1551 5335 lapidisjactu
1561 5260 1705 5335 baptizari

77 5350 349 5424 possusumus,
375 5353 405 5407 in
428 5368 487 5426 qua
511 5352 659 5426 quondam
682 5351 825 5410 habitavit
877 5351 983 5419 voluit;
1000 5352 1062 5408 loco
1078 5348 1127 5406 illo
1141 5365 1198 5406 vox
1223 5351 1317 5407 Patris
1332 5350 1460 5407 intonuit
1475 5351 1590 5408 dicens:
1602 5351 1652 5407 liic
1665 5356 1707 5406 est

82 5434 275 5513 prophetale
286 5442 539 5512 conresuscitavit
551 5439 643 5495 tilium
655 5440 748 5495 viduo
759 5459 823 5514 qun
878 5443 965 5498 Filiae
978 5454 1053 5496 naeus
1068 5439 1182 5493 dilectas
1198 5439 1227 5493 iu
1244 5439 1381 5510 quantita
1395 5442 1461 5496 bene
1475 5440 1628 5513 complacui
1638 5457 1649 5505 ,·
1659 5439 1703 5509 ip·

78 5520 231 5602 hnuto
244 5528 349 5598 iuerat,
365 5533 393 5587 et
410 5529 555 5587 charitate
568 5530 677 5586 foverat
692 5533 722 5586 st
736 5546 823 5602 pave·
876 5534 938 5588 clem
951 5524 1158 5600 cuditdfflattlt.
1176 5522 1215 5594 nr,
1233 5526 1287 5597 lt).
1304 5526 1398 5602 Super
1411 5526 1512 5586 taediis
1526 5524 1568 5584 ibi
1583 5526 1704 5583 descen·
