3816 6006
164 251 225 315 arc
426 253 479 315 Ab
501 251 755 316 consuetunis
779 249 943 314 arpena.
960 250 999 312 ll.
1012 282 1052 295 -
1065 249 1222 314 MONUM.
1245 250 1295 313 bl}
1316 248 1442 313 netto
1463 248 1601 312 SACRO.
1808 247 1864 314 tlt

165 386 201 443 ad
216 384 368 442 ecclesiam
384 384 482 442 Sancti
498 383 651 458 Stephani,
660 382 759 457 ibique
775 383 932 440 stationem
947 382 987 438 ia·
999 382 1028 450 Α
1042 381 1082 437 ait
1099 398 1105 438 :
1124 404 1139 433 a
1154 378 1307 438 ¹sarraceni
1323 380 1381 438 huc
1406 397 1453 438 me
1477 383 1632 448 miserunt,
1647 381 1778 438 volentes
1794 381 1865 438 scire

166 474 323 541 cientibus,
340 475 417 531 sicut
432 489 496 531 nros
511 473 541 530 in
555 473 792 546 processionibus
807 471 916 528 nostris
931 475 986 542 est,
1044 457 1211 543 cujusmodi
1226 475 1324 527 essent
1336 471 1586 544 restraingenis.»
1596 469 1649 538 Oui
1659 471 1865 544 respondentes

166 563 258 635 stipsi
270 563 422 620 sarraceni
436 564 562 636 desuper
576 579 677 619 muros
687 560 990 618 astantcsclamabant
1044 559 1212 627 Christiani,
1230 560 1367 616 dixerunt
1383 560 1492 616 bonum
1508 575 1584 626 esse,
1601 565 1689 632 atque
1704 574 1772 615 eum
1787 574 1865 615 acce·

167 657 196 708 ct
212 650 366 708 ululabant
382 669 449 709 cum
466 651 609 719 buccinis,
619 657 648 708 et
662 666 749 707 omne
763 667 857 724 genus
872 649 992 706 derisio-
1044 652 1127 721 ptum
1144 647 1242 722 ligatis
1259 649 1398 706 manibus
1413 654 1442 705 et
1458 649 1581 722 pedihus
1596 649 1867 721 posueruntiniuu·

168 740 224 808 nis,
235 742 431 814 quodcunque
446 741 571 814 reperire
585 740 891 813 poterant,saciebant.
909 740 991 796 lusu·
1045 737 1113 793 dam
1124 739 1278 809 cujusdam
1296 737 1416 811 ingenii,
1430 739 1507 811 quod
1524 739 1627 794 Perrea
1641 741 1866 811 vocatur,atqne

168 846 221 902 per
234 830 380 886 iaciebant
394 831 430 886 de
445 828 525 904 ligno
541 846 657 887 crucem
673 831 703 885 in
720 828 943 887 similitudinem
955 827 990 883 il·
1045 823 1494 900 cumomnihussuiscogitantes
1505 842 1571 883 eum
1581 827 1722 899 projicere
1732 826 1865 882 incivita-

168 916 236 983 lius,
260 917 310 989 qui
334 917 484 973 fundendo
510 917 684 991 sanguinem
710 929 798 973 snum
825 916 992 972 misericors
1045 915 1866 989 temneqairerunt.Namcumtantoimpetnvenit,quod

169 1004 303 1062 Christus
319 1005 484 1062 humanum
499 1022 592 1079 genus
607 1007 877 1078 redemiteamque,
892 1005 992 1061 viden·
1011 1070 1013 1075 ¹
1047 1004 1141 1077 ruptis
1156 1003 1281 1059 vinculis
1296 1009 1453 1077 antequam
1468 1004 1645 1077 pervenisset
1655 1004 1691 1060 ad
1704 1020 1823 1061 murum
1832 1003 1868 1061 ci·

171 1094 251 1150 tibus
275 1090 415 1151 omnibus
442 1094 617 1152 Christianis
640 1099 674 1151 ut
692 1095 832 1152 inferrent
851 1094 992 1162 dolorem,
1046 1093 1145 1149 vitatis
1155 1091 1331 1149 dilaceratus
1346 1093 1546 1150 estvidentes
1561 1097 1658 1150 autem
1672 1093 1765 1150 nostri
1776 1095 1868 1151 senio-

171 1200 239 1240 curn
255 1182 382 1255 quodam
399 1182 480 1257 ligno
493 1184 694 1252 verberabant,
711 1188 741 1240 et
765 1189 868 1257 postea
882 1188 915 1239 ut
930 1199 993 1239 ma·
1048 1199 1104 1250 res,
1117 1200 1151 1240 ex
1161 1199 1220 1256 qua
1230 1187 1310 1256 parte
1321 1183 1422 1239 civitas
1432 1183 1670 1258 cssetlangnidn,
1681 1183 1741 1240 illic
1757 1185 1787 1240 in
1803 1200 1868 1258 qua·

164 1274 262 1346 joram
287 1271 429 1328 inferrent
443 1271 585 1342 dolorem,
601 1273 637 1330 ad
654 1290 772 1330 murum
786 1272 912 1329 civitatis
928 1288 992 1329 eam
1047 1273 1115 1328 dam
1127 1278 1211 1329 nocte
1224 1270 1867 1346 Sabbatideportaveruntnostrasmachinas,

171 1360 653 1435 frangebant,dicantesaltavoce:
673 1362 810 1434 «Frangi,
820 1362 881 1434 ogit
891 1361 992 1428 sallom
1047 1366 1076 1419 ct
1090 1361 1187 1436 lignea
1201 1365 1307 1418 castra.
1321 1363 1444 1418 Summo
1459 1367 1558 1418 autem
1575 1361 1703 1419 diluculo
1718 1367 1870 1420 erexerunt

170 1450 247 1523 quod
266 1450 343 1524 apud
360 1467 413 1506 nos
428 1454 524 1520 sonat,
540 1473 554 1502 a
572 1450 685 1518 Franci,
702 1455 747 1507 est
774 1451 852 1507 hona
880 1466 959 1507 crux.
977 1470 993 1504 a
1047 1449 1108 1518 illa,
1116 1455 1144 1506 et
1157 1455 1340 1522 aptaverunt,
1349 1454 1378 1507 et
1388 1454 1564 1507 ornaverunt
1579 1455 1685 1518 castra,
1696 1450 1726 1506 in
1738 1451 1835 1525 prima
1843 1456 1871 1508 et

171 1540 232 1606 Quo
257 1539 328 1608 viso,
345 1538 502 1596 Christiani
531 1541 669 1597 commoti
699 1539 799 1597 dolore
826 1557 943 1613 magno,
957 1540 993 1596 ab
1049 1539 1183 1596 secunda
1199 1543 1228 1595 et
1242 1538 1327 1594 tertia
1342 1537 1423 1606 seria,
1440 1543 1524 1595 nocte
1548 1543 1577 1594 et
1599 1539 1872 1612 dielitinquarta

172 1627 357 1685 orationibus
378 1645 436 1684 non
457 1629 644 1697 desistentes,
661 1644 727 1686 cunr
743 1630 928 1703 processione
941 1647 995 1686 sua
1049 1628 1121 1684 ieria
1135 1642 1229 1701 usque
1244 1628 1280 1683 ad
1297 1627 1433 1700 primam,
1443 1627 1509 1683 etin
1525 1627 1627 1699 quinta
1641 1626 1870 1703 mirabiliterag·

173 1719 367 1775 ascenderunt
383 1718 419 1774 ad
445 1718 598 1775 ecclesiam
623 1720 733 1775 montis
760 1718 872 1788 Oliveti‚
889 1736 923 1775 ex
937 1736 995 1792 qno
1050 1717 1225 1789 gradiuntur
1239 1717 1384 1772 civitatem
1397 1731 1431 1772 ex
1446 1716 1526 1772 omni
1542 1720 1731 1789 pariensque
1745 1716 1776 1772 in
1792 1732 1872 1772 mon·

172 1805 236 1863 loco
250 1805 385 1864 Christus
399 1806 430 1862 in
445 1807 551 1864 coelum
567 1808 709 1876 aseendit,
723 1812 753 1865 et
766 1807 807 1864 ibi
830 1824 996 1864 sermonem
1051 1811 1120 1862 tem.
1130 1806 1216 1862 Sexta
1230 1821 1296 1862 vero
1312 1805 1384 1862 leria
1398 1822 1515 1862 summo
1531 1820 1617 1862 mane
1632 1805 1763 1879 undique
1774 1820 1874 1880 aggre-

172 1912 260 1953 suum
276 1896 345 1953 lecit
359 1895 480 1968 quidam
495 1896 722 1954 honestissimus
738 1895 872 1967 clericus,
885 1895 997 1954 scilicet
1051 1895 1174 1952 diuntnr
1188 1895 1347 1964 civitatem,
1364 1893 1496 1968 nihilque
1520 1895 1546 1951 ei
1574 1911 1677 1951 nocere
1706 1899 1874 1969 potuerunt,

171 1982 323 2053 Amulius,
338 1986 518 2042 ostendendo
547 1985 791 2054 misericordiam,
808 2003 897 2060 quam
921 1991 997 2044 Deus
1052 1990 1194 2058 erantque
1209 2000 1311 2041 omnes
1325 1983 1491 2057 stupefacti,
1507 2000 1540 2040 ac
1556 1985 1586 2039 in
1603 1983 1693 2040 nimio
1709 2000 1876 2057 pavorepo·

173 2073 348 2130 Christianis
362 2069 479 2142 iecerat,
497 2074 548 2146 qui
572 2074 664 2131 secuti
690 2079 760 2131 sunt
783 2075 868 2131 illum
890 2091 925 2130 ex
939 2093 997 2148 quo
1052 2073 1112 2130 siti.

174 2161 307 2219 ascendit
320 2162 350 2218 iu
365 2161 482 2219 coelum.
499 2164 582 2220 Tunc
605 2162 660 2236 ipsi
685 2164 838 2221 Sarraceni
866 2164 998 2220 videntes
1207 2163 1290 2220 Sexto
1302 2165 1375 2236 serio
1388 2171 1465 2236 capto
1484 2171 1524 2220 ert
1538 2163 1720 2219 Hierusalem.

174 2250 357 2308 Christianos
367 2251 407 2307 ibi
419 2256 549 2308 astantes
561 2252 662 2325 (quam
678 2252 786 2325 optime
800 2269 849 2309 eos
865 2257 999 2326 poterant
1087 2251 1347 2325 Appropinquante
1362 2256 1459 2308 autem
1476 2253 1558 2321 hora,
1572 2251 1683 2308 scilicet
1697 2251 1728 2307 in
1744 2269 1803 2325 qua
1819 2251 1874 2307 lio·

173 2337 294 2409 videre),
308 2344 421 2397 stantes
436 2341 511 2397 inter
521 2341 664 2414 templum
681 2341 796 2398 Domini
811 2346 840 2398 et
854 2342 998 2415 templum
1053 2341 1152 2398 minus
1163 2345 1262 2397 noster
1271 2340 1498 2398 Jesnschristus
1509 2341 1646 2414 dignatus
1657 2343 1701 2397 est
1711 2341 1878 2413 passionem

176 2426 352 2495 Salomonis,
362 2445 429 2484 cum
445 2428 551 2502 gladiis
566 2435 595 2486 ct
610 2430 738 2486 lustihus
754 2431 811 2486 huc
821 2435 850 2486 et
860 2429 1000 2486 illuccur-
1054 2430 1175 2485 sullerre
1190 2447 1241 2503 pro
1251 2429 1346 2498 nohis,
1357 2429 1448 2486 nostri
1457 2429 1565 2486 milites
1582 2429 1694 2486 sortiter
1707 2429 1879 2503 pugnabant

179 2520 287 2585 rentes,
303 2516 477 2574 Christianis
492 2518 690 2574 minabantur.
708 2519 778 2576 lnde
792 2519 898 2576 iterum
915 2519 999 2575 Chri·
1054 2518 1084 2573 in
1100 2518 1229 2585 castello,
1246 2519 1381 2575 videlicet
1394 2520 1454 2574 dux
1468 2519 1653 2585 Godelridus,
1671 2523 1699 2573 ct
1714 2518 1876 2575 comesllu·

178 2604 267 2662 stiani
283 2621 351 2661 cum
372 2606 473 2662 eadem
490 2606 673 2678 processione
689 2609 881 2664 veneruntad
899 2618 999 2665 mona·
1054 2606 1185 2663 stachius
1200 2607 1290 2663 irater
1304 2609 1378 2679 ejus.
1394 2609 1477 2664 ‘lunc
1498 2606 1630 2663 ascendit
1645 2606 1765 2680 quidam
1781 2607 1877 2677 miles,

178 2693 301 2751 sterium
330 2695 442 2752 Sancte
466 2695 565 2752 Marisa
589 2696 618 2752 in
634 2696 707 2752 valle
723 2696 875 2770 iosaphat,
892 2715 999 2771 exquo
1054 2697 1104 2769 qui
1121 2697 1278 2752 vocabatur
1291 2696 1409 2752 nomine
1423 2694 1537 2762 Lethot,
1547 2709 1581 2752 ex
1596 2695 1704 2752 nostris
1719 2711 1877 2769 supermu-

177 2783 589 2842 monasteriosanetissimum
606 2800 712 2859 corpus
733 2788 796 2858 ejus
811 2792 929 2860 raptum
946 2786 1001 2843 l'uit
1054 2803 1120 2841 rum
1145 2786 1280 2842 civitatis.
1296 2786 1440 2842 Continuo
1468 2789 1624 2858 postquam
1653 2783 1738 2841 miles
1768 2783 1874 2841 Christi

176 2869 434 2946 incoelum.htque
448 2873 555 2930 iterum
570 2873 637 2931 inde
652 2875 758 2932 reversi
771 2882 841 2947 mint
862 2877 898 2932 ad
916 2893 999 2933 mon·
1054 2875 1186 2931 ascendit
1200 2891 1288 2947 super
1303 2891 1420 2930 murum
1437 2874 1570 2940 civitatis,
1587 2874 1678 2929 secuti
1694 2879 1764 2929 sunt
1778 2890 1875 2930 comes

176 2963 235 3017 tem
251 2962 330 3019 Sion.
348 2965 409 3030 Quo
425 2962 488 3019 loco
503 2963 654 3036 cupientes
666 2964 776 3022 intrare
790 2964 820 3023 in
834 2966 999 3035 ecclesiam,
1054 2963 1229 3019 linstschius
1244 2968 1273 3019 et
1284 2963 1342 3019 dux
1357 2963 1540 3021 Godelridns.
1551 2963 1658 3019 Omnes
1668 2962 1768 3035 itaque
1779 2962 1874 3018 delen·

176 3049 297 3123 quidam
311 3050 445 3119 clericus,
462 3053 512 3124 qui
530 3054 609 3127 prior
623 3053 652 3110 ln
669 3054 856 3127 processione
864 3056 999 3112 veniebat
1055 3069 1136 3109 sores
1146 3052 1271 3108 civitatis
1282 3052 1425 3108 dederunt
1435 3053 1535 3126 sugam
1547 3069 1598 3125 per
1609 3067 1719 3119 muros,
1731 3055 1760 3107 et
1770 3067 1822 3125 per
1835 3051 1875 3107 ci·

177 3139 213 3196 ad
229 3139 337 3196 ostium
352 3141 445 3214 ipsius
461 3142 642 3210 monasterii,
658 3144 869 3216 cumquodem
893 3145 1000 3218 sagitta
1015 3127 1036 3194 C
1054 3142 1182 3209 vitatem,
1199 3141 1350 3214 nostrique
1365 3141 1430 3198 illos
1455 3146 1538 3197 erant
1563 3144 1782 3214 persequentes,
1799 3138 1876 3197 occi·

175 3226 206 3286 in
221 3231 319 3287 media
347 3231 440 3288 fronte
469 3230 640 3289 vulneratus
654 3237 708 3301 est,
725 3233 824 3305 ibique
841 3233 998 3289 defunctus
1053 3231 1149 3287 dendo
1164 3234 1193 3285 et
1206 3230 1651 3286 detruncandohtltaimundus
1666 3245 1765 3285 comes
1778 3229 1875 3285 Sancti

176 3322 230 3378 est.
247 3319 339 3392 Cujus
352 3321 461 3389 anima,
478 3325 511 3376 ut
525 3322 621 3390 credo,
639 3323 772 3395 regnabit
796 3338 863 3377 cum
883 3321 998 3378 Christo
1053 3319 1157 3391 AEgidii
1174 3336 1191 3375 a
1207 3320 1329 3375 meridie
1351 3335 1439 3375 suum
1463 3318 1603 3375 conduxit
1628 3322 1758 3374 cestrum
1784 3335 1877 3391 usqne

175 3407 352 3481 perinlinita
366 3407 999 3476 seculaseculorum,amen.Credendusest
1054 3424 1143 3481 prope
1158 3424 1287 3476 murum,
1306 3409 1355 3464 sed
1382 3408 1457 3464 inter
1483 3413 1613 3465 castrum
1629 3412 1657 3463 et
1673 3424 1792 3464 murum
1815 3411 1878 3464 erat

177 3495 228 3568 qui
255 3496 369 3568 primus
396 3496 524 3570 scripsit,
541 3498 611 3570 quia
625 3497 654 3553 in
670 3498 855 3570 processione
884 3498 998 3572 primus
1053 3497 1187 3570 quedam
1204 3498 1294 3565 lovea,
1305 3513 1369 3570 qna
1385 3496 1473 3553 nimis
1489 3501 1550 3553 erat
1566 3497 1720 3569 profunda.
1737 3495 1876 3552 Consilia·

175 3576 241 3654 tuit,
258 3589 287 3640 et
299 3584 392 3641 oculis
407 3583 576 3641 carnalibus
590 3584 671 3656 vidit,
688 3584 799 3643 scilicet
826 3586 928 3642 Petrus
950 3604 997 3644 sa·
1053 3591 1102 3642 tus
1117 3591 1161 3642 est
1176 3603 1243 3659 ergo
1260 3582 1446 3642 boimundus
1461 3585 1490 3641 in
1504 3584 1554 3641 illa
1569 3584 1649 3652 hors,
1661 3585 1738 3658 quod
1755 3584 1877 3658 implere

175 3673 277 3730 cerdos
292 3673 470 3730 Tudebodus
485 3672 675 3731 Sivracensis.
1053 3675 1170 3731 iecisset
1184 3673 1264 3730 illam
1280 3675 1402 3744 foveam,
1413 3674 1539 3747 iecitque
1555 3675 1724 3747 preconari,
1735 3679 1768 3730 ut
1781 3674 1806 3730 si
1821 3673 1875 3729 ali·

211 3760 315 3817 Statim
341 3761 471 3818 seniores
494 3763 585 3818 nostri
612 3762 829 3833 ordinaverunt,
850 3765 997 3837 quomodo
1053 3762 1246 3835 quisinillam
1263 3760 1374 3819 ioieam
1391 3767 1536 3837 portasset
1550 3769 1610 3820 tres
1624 3767 1734 3836 petras,
1744 3763 1822 3837 quod
1835 3760 1875 3819 illi

174 3848 250 3906 banc
266 3849 411 3906 civitatem
434 3850 583 3924 ingeniare
598 3851 774 3924 potuissent,
791 3857 819 3909 et
835 3853 944 3910 orando
960 3855 996 3909 ad
1052 3853 1135 3907 daret
1149 3869 1201 3925 per
1214 3857 1273 3908 tres
1288 3855 1386 3924 petras
1402 3867 1493 3908 unum
1503 3853 1666 3919 denarium,
1676 3852 1876 3924 etpotuithaec

107 3964 112 3971 ·
165 3923 266 3995 ”nostri
279 3937 437 3996 salvatoris
451 3940 596 3996 intrarent
610 3941 998 4015 sepulerumleceruntqus
1052 3940 1133 3996 lovea
1149 3940 1264 4013 impleri
1279 3955 1330 4013 per
1351 3945 1410 3997 tres
1426 3941 1489 3997 dies
1505 3946 1534 3996 et
1547 3942 1621 3997 duas
1636 3947 1746 3997 noctes.
1764 3940 1808 3997 llli
1823 3957 1876 3997 an·

174 4028 232 4083 duo
247 4024 343 4099 lignea
363 4032 469 4097 castra,
485 4033 515 4084 at
538 4028 610 4085 alias
632 4028 732 4102 plures
756 4029 918 4086 machinas.
935 4035 998 4086 ltux
1052 4034 1122 4100 tam,
1132 4030 1181 4102 qui
1197 4035 1280 4086 erant
1295 4031 1324 4085 in
1338 4030 1483 4086 civitatem
1500 4030 1629 4095 inturre,
1640 4028 1876 4103 lortitcrprsilia·

117 4114 124 4127 '
174 4115 680 4174 Codsiridussnumiecitcastrum
705 4135 773 4174 cum
799 4118 998 4185 machinis,et
1051 4118 1875 4192 banturcumnostr-iseumigneettspidihus,intantum

174 4203 359 4261 llaimundns
373 4221 472 4262 comes
486 4203 584 4261 Sancti
598 4205 703 4279 AEgidii
720 4205 864 4262 similiter.
880 4207 921 4263 lle
937 4207 998 4263 lon·
1052 4208 1129 4280 quod
1146 4207 1278 4264 altiorem
1294 4213 1407 4280 partem
1423 4208 1510 4263 castri
1527 4206 1685 4264 Raimundi
1693 4205 1794 4264 Sancti
1802 4207 1878 4282 AEgi·

174 4291 292 4367 ginqnis
303 4293 388 4349 terris
398 4293 584 4351 attrahebant
593 4293 683 4368 ligna,
696 4312 759 4367 quae
770 4294 851 4368 ligna
865 4301 998 4369 apporta·
1051 4296 1092 4352 dii
1108 4297 1267 4369 fregerunt,
1283 4301 1311 4352 et
1333 4297 1435 4353 ardere
1459 4296 1615 4352 iaciebant.
1631 4296 1678 4352 Sic
1692 4297 1791 4369 itaque
1807 4295 1876 4353 ilai·

174 4382 245 4438 bant
260 4381 342 4439 collis
358 4381 420 4439 suis
435 4382 650 4456 quinquaginta
673 4383 824 4440 Sarraceni
848 4384 891 4440 vel
915 4399 996 4441 sexa·
1052 4386 1162 4443 mundo
1187 4386 1259 4441 irato
1282 4390 1370 4458 atque
1393 4385 1577 4452 conturbato,
1594 4385 1799 4458 militibusque
1815 4384 1877 4443 suis

174 4469 265 4544 ginta,
278 4471 327 4543 qui
337 4469 367 4525 in
378 4475 520 4544 potestate
535 4470 767 4528 Christianorum
777 4477 870 4542 erant,
881 4477 910 4528 et
920 4473 997 4529 sicut
1011 4499 1035 4563 D
1051 4479 1168 4548 propter
1182 4480 1312 4531 castrum
1328 4488 1427 4542 sunm,
1445 4476 1531 4546 cujus
1555 4475 1735 4547 superiorem
1758 4481 1872 4548 partem

174 4556 329 4616 Christiani
347 4560 522 4617 Sarracenos
537 4577 589 4634 per
591 4599 646 4617 .....
662 4560 889 4618 confundebant.
900 4563 998 4619 Sarra·
1047 4565 1110 4635 Jom
1126 4563 1273 4634 fregerant
1287 4563 1501 4636 pagani,atque
1516 4564 1617 4619 ardere
1633 4563 1788 4632 iaciebant,
1804 4561 1877 4619 vidit

173 4646 237 4705 ceni
247 4647 473 4722 igiturvidentss
486 4654 602 4706 nostros
616 4647 757 4706 iacientes
767 4649 821 4706 has
832 4651 994 4720 machinas,
1016 4725 1019 4728 .
1051 4653 1149 4710 subito
1164 4652 1226 4724 ipse
1241 4652 1426 4708 Raimundus
1442 4652 1541 4709 Sancti
1558 4652 1661 4725 AEgidii
1677 4656 1737 4708 tres
1753 4652 1874 4720 milites,

173 4736 348 4794 mirabiliter
357 4739 531 4795 muniebant
544 4738 740 4805 civitatem,et
748 4725 899 4795 turiesdie
906 4757 939 4796 ac
948 4757 997 4798 no·
1050 4741 1100 4814 qui
1116 4741 1151 4798 de
1165 4740 1293 4796 exercitu
1309 4740 1392 4796 ducis
1406 4740 1553 4797 Godeiridi
1568 4746 1660 4807 erant,
1678 4756 1729 4813 per
1744 4745 1874 4797 montem

165 4833 218 4905 'cte
226 4829 404 4885 crescebant.
415 4829 547 4895 Quadam
555 4828 603 4885 die
614 4828 758 4885 miserunt
770 4829 827 4902 ipsi
844 4828 995 4886 Sarraceni
1050 4830 1151 4886 Oliveti
1162 4830 1320 4897 venientes,
1333 4833 1362 4884 et
1371 4828 1532 4885 clamantes
1543 4830 1620 4903 quod
1633 4829 1692 4885 dux
1701 4828 1874 4885 Godelridus

173 4917 330 4989 quemdam
346 4916 596 4985 Sarracennm,ad
606 4917 763 4973 videndum
779 4918 946 4990 cujusmodi
954 4920 996 4975 in·
1049 4923 1136 4991 atque
1151 4918 1197 4974 sui
1213 4917 1347 4973 homines
1359 4917 1422 4987 jam
1437 4921 1521 4973 erant
1537 4918 1566 4972 in
1578 4917 1875 4974 civitatemriudiens

172 5007 259 5079 genia
273 5005 428 5062 Christiani
445 5006 599 5062 iaciebant.
610 5005 726 5063 Suriani
740 5023 806 5063 vero
821 5012 850 5063 et
859 5007 949 5064 Greci
957 5008 996 5064 vi·
1049 5008 1146 5080 itaque
1161 5006 1345 5062 Raimundus
1361 5006 1459 5062 Sancti
1475 5006 1580 5080 AEgidii
1595 5006 1673 5078 quod
1689 5005 1874 5079 Francigenat

173 5095 274 5151 dentes
290 5088 373 5150 ilium
390 5095 593 5160 Sarracennm,
610 5095 812 5152 indicaverunt
829 5110 897 5152 eum
912 5096 994 5153 Chri·
1045 5097 1108 5169 Jam
1119 5095 1253 5152 essentin
1264 5094 1747 5162 civitatem,suisdinithominibus
1757 5112 1764 5150 :
1775 5118 1789 5145 «
1800 5094 1873 5162 Quid

172 5180 288 5250 stiauis,
304 5183 433 5240 dicentes
450 5200 457 5239 ι
479 5206 493 5234 «
511 5184 587 5240 Mate
601 5184 714 5241 Christo
729 5200 797 5241 caco
813 5184 957 5241 Sarrazin.
979 5207 994 5236 n
1049 5184 1195 5242 tardatis?
1210 5184 1281 5240 licre
1295 5199 1397 5239 omnes
1413 5184 1597 5256 Franoigene
1608 5185 1673 5255 jam
1689 5182 1800 5240 suntin
1810 5199 1875 5240 san·

173 5265 253 5337 ouod
265 5277 350 5327 sonat
360 5272 390 5327 in
404 5277 504 5328 nostra
514 5271 626 5346 lingua,
640 5296 653 5323 a
667 5289 718 5345 per
728 5273 877 5330 Christum
888 5273 935 5331 hic
950 5280 995 5333 est
1048 5280 1096 5332 cta
1117 5273 1234 5331 civitate
1259 5271 1450 5329 Hierusalem.
1465 5296 1480 5324 »
1497 5273 1546 5329 llis
1560 5273 1681 5340 auditis,
1699 5277 1876 5345 acceperunt

171 5356 296 5432 ignavus
310 5358 501 5417 Sarracenus.
519 5383 530 5411 ι
549 5363 640 5429 Quem
655 5361 812 5418 Christiani
829 5362 994 5436 apprehen·
1049 5362 1155 5430 scalas,
1165 5365 1194 5418 et
1204 5365 1357 5418 erexerunt
1371 5362 1407 5417 ad
1424 5361 1645 5432 murum,etsic
1661 5360 1875 5435 pugnandoin·

172 5442 274 5504 dentes
288 5447 539 5524 interrogaverunt
553 5468 605 5526 per
620 5451 866 5524 drogamundum,
884 5452 996 5510 scilicet
1048 5453 1199 5509 trnrernnt
1208 5449 1366 5507 civitatem.
1377 5450 1570 5509 ammiralius
1582 5466 1709 5524 quoque,
1717 5449 1768 5524 qui
1777 5448 1873 5536 eratin

164 5550 224 5632 per
237 5534 437 5618 interpretem,
453 5539 490 5601 ad
503 5534 574 5618 quid
588 5542 717 5601 venerat.
733 5538 788 5611 Qui
802 5542 993 5618 respondens,
1048 5542 1123 5601 turri
1139 5539 1242 5607 Datid,
1258 5538 1386 5599 reddidit
1400 5555 1432 5600 ss
1447 5540 1614 5600 Rsimnndo
1635 5539 1736 5599 Sancti
1756 5535 1872 5615 AEgidii,
