3816 6006
152 335 212 402 aaa
405 342 456 403 uo
480 337 735 403 aoouraroun
759 337 926 400 arnano.
949 304 988 397 n.
1008 370 1040 380 --
1058 334 1214 399 norun.
1239 337 1289 398 on
1312 338 1437 398 aaran
1461 337 1598 397 saone.
1799 328 1859 394 aaa

152 474 279 546 nullique
291 475 344 530 alii
358 489 374 530 a
389 477 506 531 Darnirto
527 479 681 531 cernerer-ra
700 474 844 544 acceperis,
860 470 1020 544 praeemit
1036 470 1109 526 meri
1125 487 1213 542 quarn
1235 470 1398 543 relinquere
1422 469 1567 526 civitatem
1591 467 1682 524 illam.
1699 470 1766 535 One
1791 485 1860 525 cum

152 572 178 620 et
192 565 317 636 nequiter
328 579 440 636 peceare
455 565 484 618 in
507 570 647 634 conspecta
663 563 774 617 Dornini
789 577 843 616 non
866 562 978 616 cereris.
1036 560 1230 633 profiteretur,
1251 559 1428 616 unanimiter
1443 558 1572 615 laudarit
1586 575 1652 614 eura
1671 557 1808 631 populus,
1820 562 1861 614 at-

157 648 230 711 naue
242 653 431 710 titillantium
445 653 494 708 hoc
506 653 616 721 eipnurn
625 651 827 708 drrrnnnraan.
839 649 907 704 Nam
919 656 983 704 ante
1036 666 1093 721 que
1108 649 1166 704 Deo
1183 648 1291 705 mullas
1305 649 1415 720 gratias
1426 648 1496 720 egit,
1508 649 1557 721 qui
1571 648 1740 721 episcopum
1758 649 1862 705 liema-

154 743 283 816 qnintum
298 741 371 799 diem
395 758 456 797 cana
471 743 500 797 in
514 743 659 813 festiuitatc
684 743 770 797 beate
787 739 862 794 lide
885 739 981 794 cunde-
1037 755 1108 793 num
1124 737 1153 793 in
1170 736 1302 794 orientali
1314 737 1442 794 Ecclesia
1453 738 1559 793 habere
1572 736 1673 803 valuit,
1684 754 1735 810 pro
1752 736 1798 794 sui
1813 739 1862 794 ad·

156 830 212 887 lam
240 848 371 901 rnupnum
399 829 797 902 obtrtliaaes,ntpcrtresdica
823 837 849 885 et
875 828 984 884 totidem
1037 826 1262 883 ministratione.
1276 826 1425 883 Concessit
1443 826 1578 899 episeopo
1602 843 1699 882 comes
1725 826 1862 883 medieta-

155 927 245 977 nectes
258 920 359 976 durare
370 921 512 994 patuisset,
527 919 637 974 auitum
654 918 762 991 quidem
789 918 838 973 illa
860 919 983 990 splendo—
1038 921 1097 972 tem
1109 914 1244 971 ciuitatis‘
1259 920 1287 971 et
1302 915 1554 972 totius'territorii.
1566 916 1635 971 Erat
1648 921 1744 971 autem
1760 916 1861 984 Barca,

158 1007 487 1078 remdedit;eedatatim
511 1009 666 1080 liquefacta,
684 1009 713 1063 in
741 1015 842 1063 terram
870 1009 982 1063 conicit.
1038 1006 1074 1062 ab
1089 1004 1242 1061 Antiochia
1256 1005 1341 1078 longe
1357 1005 1491 1078 perduos
1507 1004 1569 1061 dies
1580 1005 1861 1062 altraAntiocbiam.

157 1097 190 1156 ln
213 1092 264 1154 Aac
291 1104 383 1154 annm
408 1105 485 1153 nocte
511 1114 573 1152 curn
600 1113 715 1170 paruam
741 1095 882 1152 carmeiam
907 1096 983 1152 atur·
1039 1096 1073 1151 ut
1088 1094 1151 1166 jun
1175 1095 1324 1150 instabant
1349 1094 1409 1151 Xul.
1426 1094 1565 1151 Novemh.
1582 1093 1735 1166 inquibus
1759 1112 1862 1152 omnes

160 1187 245 1254 lutea,
262 1184 327 1243 adeo
356 1193 387 1242 ut
413 1187 561 1259 crinesque
587 1185 623 1241 ad
650 1185 721 1256 palti
748 1193 858 1241 cantum
885 1185 985 1240 (lucrare
1039 1182 1185 1257 principes
1211 1183 1362 1238 convenire
1391 1183 1572 1239 Antiochiam
1601 1183 1807 1256 promiserant,
1835 1189 1863 1240 et

157 1283 255 1348 poscet,
271 1281 302 1330 ut
315 1274 373 1331 dier
400 1283 440 1331 est
452 1266 573 1330 et'riurat
599 1275 687 1330 adhuc
714 1291 763 1331 nec
777 1277 859 1330 tertia
872 1292 936 1346 pars
951 1291 985 1331 er
1041 1273 1168 1346 incipere
1182 1272 1237 1328 iter
1252 1276 1369 1345 proptor
1384 1273 1461 1345 quod
1481 1277 1628 1328 venerant.
1645 1273 1738 1346 Igitur
1753 1291 1863 1343 comes,

160 1380 193 1421 ea
217 1366 356 1420 combusta
383 1371 430 1421 eat.
459 1367 605 1436 Propterea
618 1365 677 1421 trec
691 1364 742 1420 tihi
754 1363 867 1420 mandat
892 1366 985 1420 lierni·
1040 1361 1139 1418 relicto
1155 1361 1281 1417 exercitu
1299 1379 1351 1417 suo
1365 1362 1442 1433 apud
1462 1362 1581 1417 Barram
1609 1362 1863 1432 cumelectosuo,

160 1453 548 1525 neminemneminer·
572 1455 652 1526 prins
672 1455 858 1525 penitenciam
887 1454 985 1522 eperis.
1040 1449 1187 1507 etmultis
1208 1449 1340 1522 captivis,
1357 1455 1386 1506 et
1409 1449 1511 1522 spoliis
1534 1450 1659 1523 magnis,
1675 1468 1743 1506 cum
1759 1451 1862 1524 grandi

158 1541 297 1615 Alioquin
312 1549 342 1598 tn
357 1549 384 1599 et
397 1543 528 1615 quitquid
542 1545 638 1612 eperia,
656 1551 685 1597 nt
699 1542 813 1597 candela
828 1543 984 1614 liquefacta,
1041 1538 1234 1596 exsultatione
1247 1539 1431 1595 Antiochiam
1449 1557 1580 1595 resersus
1602 1543 1655 1595 est.
1668 1542 1865 1597 Convenerunt

159 1630 191 1686 in
205 1638 308 1688 terram
321 1639 440 1687 cannes.
454 1629 528 1699 Quod
543 1631 568 1686 ei
589 1632 780 1702 perattentiarn
794 1632 892 1698 eperia,
909 1629 987 1702 quid·
1041 1629 1119 1685 enim
1135 1627 1176 1683 ibi
1191 1644 1293 1684 omnes
1318 1627 1474 1701 principes,
1487 1632 1591 1700 prater
1605 1627 1783 1685 Balduinum
1809 1630 1864 1686 lra-

159 1715 225 1792 qnid
239 1721 384 1793 inceperis
407 1721 437 1775 in
461 1721 571 1775 nornine
586 1720 706 1786 Domini,
721 1721 790 1774 Deus
816 1720 946 1791 perficiet,
963 1725 988 1774 et
1040 1722 1114 1774 trem
1137 1715 1228 1773 dacis.
1242 1717 1292 1772 llic
1308 1734 1374 1772 vero
1399 1716 1560 1773 balduinus
1584 1721 1651 1773 ante
1674 1722 1790 1792 captam
1805 1721 1866 1774 An-

159 1801 368 1880 ccnaunimabit,
385 1816 415 1864 ut
438 1816 464 1864 ct
486 1808 626 1864 candelara
642 1808 714 1864 uerter
739 1807 839 1863 durare
862 1825 986 1881 paruam,
1003 1840 1025 1905 B
1041 1805 1179 1862 itachium
1209 1823 1309 1861 versus
1340 1805 1516 1877 Euphratem
1544 1805 1804 1878 proiectuslloais,
1821 1808 1866 1862 di·

159 1897 199 1952 ric
211 1898 294 1970 saciet
306 1897 438 1954 llominua
461 1914 604 1968 mcpnnrn,
620 1896 752 1969 quidquid
766 1899 888 1969 raperis,
904 1899 986 1952 etiarn
1040 1895 1186 1951 tissimum
1202 1895 1348 1950 civitatem
1368 1899 1456 1966 atque
1479 1894 1707 1952 famosissimam
1731 1896 1864 1953 obtinue-

159 1986 187 2042 ri
196 2002 314 2059 paruum
335 1987 380 2042 eit.
397 1979 529 2059 Cumque
545 2003 652 2052 comes,
671 2001 701 2040 se
722 1986 761 2040 ita
777 1985 902 2059 graviter
918 2001 986 2057 pec·
1041 1989 1096 2052 rat,
1112 1988 1140 2039 et
1156 1982 1249 2039 multa
1268 1982 1366 2055 praelia
1382 2000 1448 2038 cum
1468 1983 1572 2039 Turcis
1588 1984 1709 2040 feliciter
1722 1990 1863 2059 gesserat.

161 2090 243 2131 casse
257 2077 418 2141 excusaret,
430 2079 500 2130 tunc
516 2075 627 2145 Petrus,
640 2080 668 2130 et
682 2079 834 2146 peccatum
851 2074 906 2130 sibi
924 2091 987 2128 nar·
1041 2073 1096 2128 Sed
1112 2077 1270 2144 antequam
1286 2073 1321 2128 ad
1345 2073 1457 2145 reliqua
1473 2073 1686 2145 perveniamus,
1703 2074 1757 2131 boc
1771 2092 1864 2131 unum

164 2163 248 2230 ravit,
265 2165 294 2219 et
308 2172 406 2219 centes
430 2163 471 2218 ita
494 2163 646 2220 consessus
665 2167 720 2227 est,
736 2166 765 2218 et
789 2163 986 2235 penitentiam
1041 2162 1274 2234 pretereundum
1290 2178 1347 2216 non
1362 2160 1478 2218 videtur
1497 2163 1532 2217 de
1553 2162 1626 2218 duce
1646 2163 1863 2238 Letharingiae:

162 2249 230 2325 egit.
243 2250 601 2308 EtrursumdixitPctrus
619 2252 655 2308 ad
676 2251 811 2307 comitem
823 2268 829 2308 :
842 2251 987 2324 Campani·
1041 2249 1091 2323 qui
1117 2267 1184 2305 cam
1213 2249 1395 2305 Antiochiam
1413 2268 1445 2306 eo
1467 2254 1606 2323 tempere,
1619 2270 1685 2307 cum
1711 2253 1864 2309 duedecim

162 2348 218 2408 tur,
234 2356 249 2396 ο
264 2354 362 2408 cenea,
377 2340 409 2396 de
424 2341 591 2397 consiliariis
614 2342 667 2396 tuis
693 2343 785 2396 terrina
810 2341 940 2406 Andreas,
957 2358 987 2397 eo
1042 2338 1185 2395 militibus
1198 2338 1317 2405 veniret,
1335 2344 1451 2394 centum
1468 2339 1681 2413 quinquaginta
1693 2342 1804 2398 Tarcos
1819 2341 1867 2398 ab·

161 2429 232 2503 qnod
246 2425 333 2486 multa
347 2431 422 2485 mala
437 2431 489 2486 tili
502 2431 618 2486 scienter
632 2431 821 2486 consilientur.
834 2430 923 2499 erare
936 2431 988 2486 titi
1040 2427 1116 2482 viam
1133 2427 1245 2482 habuit.
1257 2429 1339 2483 Tunc
1355 2427 1516 2501 assumptis
1538 2428 1639 2496 armis,
1656 2434 1685 2486 et
1698 2428 1866 2487 cohortatus

112 2566 114 2570 ,
157 2519 325 2591 precipitur
337 2526 368 2575 nt
381 2519 444 2575 illos
467 2518 503 2574 ad
516 2519 663 2575 consilium
678 2528 757 2574 tunm
777 2535 832 2575 narr
846 2518 985 2587 adruinus,

160 2609 219 2663 niti
233 2609 312 2680 prius
326 2609 379 2664 tili
387 2608 484 2680 jurent
499 2607 568 2681 quod
582 2609 701 2664 scienter
713 2610 764 2664 tibi
773 2609 846 2663 mala
861 2624 916 2663 rran
927 2624 988 2664 can-

160 2695 300 2753 aitientur.
316 2697 394 2753 Audi
417 2697 515 2764 aditae,
530 2713 616 2754 cernes
631 2715 640 2753 :
655 2696 763 2752 Mandut
787 2697 839 2753 tibi
856 2699 987 2753 Domitiae

161 2795 197 2842 ne
210 2784 316 2842 diutins
330 2802 435 2842 amram
454 2787 549 2858 facias,
567 2788 632 2859 qnia
654 2788 711 2842 ruisi
734 2788 814 2859 prins
837 2787 988 2843 ierusalem

160 2881 239 2946 capta
254 2875 348 2945 tuerit,
364 2891 524 2931 succurram
543 2877 653 2931 nnllam
668 2877 789 2932 tratetis.
807 2876 874 2931 Cum
897 2884 988 2932 autem

159 2978 245 3034 prope
269 2962 424 3020 ierusalem
451 2966 549 3036 tnerr's,
564 2966 659 3020 nuilus
677 2981 727 3037 per
741 2964 809 3020 duaa
837 2965 931 3035 lenqar
947 2966 987 3020 iii

162 3049 272 3123 equitet.
290 3050 364 3119 Quod
377 3053 405 3107 si
419 3054 458 3108 ite
472 3053 604 3124 feceritis,
621 3054 757 3110 ciuitatem
777 3069 857 3108 suam
875 3051 987 3109 donabit

160 3139 235 3195 vobis
249 3141 392 3197 Duninus.
407 3139 475 3197 Post
489 3140 549 3197 hae
560 3141 669 3198 multas
679 3141 789 3215 gratias
806 3141 904 3197 retulit
915 3140 986 3197 mibi

1042 2516 1150 2572 milites
1165 2533 1245 2582 suos,
1267 2516 1389 2572 viriliter
1411 2517 1511 2574 hostes
1535 2524 1761 2592 aggressusest.
1779 2520 1865 2575 Turci

1042 2608 1151 2671 autem,
1166 2610 1198 2660 ut
1212 2606 1348 2661 viderunt
1363 2606 1433 2678 quia
1448 2606 1550 2662 Franci
1567 2612 1688 2663 mortem
1705 2609 1801 2683 magis
1816 2627 1868 2682 pu-

1041 2695 1156 2767 gnando
1167 2712 1256 2767 qnam
1269 2696 1367 2767 lugam
1379 2712 1445 2751 cum
1462 2695 1555 2752 salute
1570 2696 1718 2770 eligerent,
1731 2698 1866 2770 quedam

1040 2800 1109 2856 pars
1124 2784 1286 2838 Turnacum
1312 2784 1471 2850 descendit,
1489 2789 1520 2840 ut
1535 2785 1625 2841 altera
1641 2803 1708 2859 pers
1733 2787 1866 2844 securius

1041 2876 1194 2945 pugnaret,
1207 2889 1274 2927 cum
1289 2873 1397 2928 scirent
1410 2873 1504 2929 socios
1520 2891 1589 2930 suos
1604 2892 1621 2929 a
1636 2874 1721 2941 bello,
1734 2875 1867 2933 dimissis

1041 2960 1125 3032 equis
1140 2960 1281 3031 suis,non
1308 2961 1543 3018 dicessurosSic
1567 2962 1665 3036 itaque
1689 2963 1800 3021 bellum
1826 2965 1867 3022 in·

1042 3055 1167 3122 creptum
1182 3050 1310 3104 cumdio
1324 3050 1506 3123 graviterque
1522 3052 1649 3120 duraret,
1661 3053 1816 3109 confortati
1830 3052 1865 3111 ad

1041 3136 1163 3193 invicem
1180 3137 1287 3194 milites
1298 3139 1391 3206 ducis,
1405 3140 1481 3212 ‘laod
1497 3145 1525 3195 et
1541 3157 1697 3196 numerum
1711 3143 1865 3199 duodecim

161 3232 283 3287 sanctus
297 3229 438 3297 Andreas,
451 3231 528 3303 quod
543 3229 705 3299 ecclesiam,
720 3249 782 3303 quae
799 3248 851 3287 sua
868 3231 986 3286 nomiae
1001 3211 1022 3278 C
1042 3227 1239 3299 apostolorum
1256 3228 1452 3297 continerent;
1468 3234 1497 3284 et
1512 3230 1664 3286 dominum
1680 3248 1767 3287 suum
1782 3229 1866 3304 quasi

161 3312 303 3373 fabricata
318 3318 421 3387 iuerat,
432 3320 510 3392 apud
529 3319 713 3375 Antiochiam
729 3319 891 3375 consecrari
913 3319 986 3375 lece·

162 3421 236 3461 ram.
252 3405 315 3462 llaec
329 3411 358 3462 ct
372 3405 429 3462 alia
440 3405 512 3462 mihi
526 3406 643 3464 locatus
653 3413 697 3463 est
711 3413 832 3463 sanctus
845 3409 985 3476 Andreae,

162 3493 198 3551 de
214 3494 322 3568 quibus
338 3512 415 3551 nunc
433 3513 491 3552 noa
516 3501 562 3551 cst
587 3494 669 3552 locus
695 3495 821 3563 dicendi,
838 3500 865 3551 et
880 3495 988 3552 sublati

161 3586 242 3654 sunt,
260 3583 322 3657 ipse
338 3589 367 3641 et
381 3583 451 3640 socii
467 3585 541 3657 ejus.

477 3672 593 3730 CAPUT
612 3673 668 3729 XX.

197 3761 290 3834 lgitur
300 3779 397 3819 comes
406 3779 472 3819 eum
484 3762 592 3836 populo
603 3769 812 3836 pauperum,et
822 3765 924 3837 paucis
937 3763 988 3819 mi·

159 3847 262 3911 litibus
278 3850 307 3905 in
320 3849 432 3924 Syriam
452 3851 610 3924 proiectus,
624 3851 749 3924 primam
763 3853 908 3909 civitatem
925 3854 988 3909 Sar·

163 3954 346 4006 receperam,
368 3940 487 3996 Barram
510 3941 770 4010 nonrine,viriliter
794 3943 986 4015 expugnavit;

159 4028 187 4082 et
207 4025 403 4084 multamillia
414 4029 640 4086 Sarracenorum
659 4029 699 4086 ibi
713 4030 989 4097 interlecihetmul·

164 4117 195 4171 ta
206 4113 300 4172 millia
311 4116 348 4172 ad
360 4116 541 4174 Antiochiam
558 4120 668 4175 reducti
684 4121 840 4177 venundati
858 4125 936 4177 sunt.
953 4122 988 4179 et

163 4198 230 4262 illos
246 4204 306 4278 qui,
319 4206 389 4261 dum
413 4214 662 4280 oppugnarentur,
678 4208 782 4266 timore
801 4210 903 4265 mortis
919 4229 948 4267 se
961 4211 988 4267 ei

164 4292 365 4362 reddiderunt,
376 4292 484 4351 liberos
495 4295 574 4352 abire
585 4296 726 4370 permisit.
739 4297 873 4365 Demum,
888 4297 987 4354 habito

160 4381 284 4438 consilio
307 4399 374 4439 cum
400 4381 560 4456 capellanis
574 4389 603 4440 et
619 4384 803 4458 principibus
826 4385 898 4453 saie,
916 4386 987 4444 satis

161 4462 350 4528 laudabiliter
363 4475 391 4528 et
406 4471 527 4530 honeste
551 4475 707 4545 quemdam
733 4476 910 4530 sacerdotem
927 4475 987 4549 epi-

1041 3316 1181 3372 vicarium
1211 3316 1316 3372 Christi
1346 3317 1501 3385 baberent,
1532 3317 1719 3391 imperterriti
1748 3322 1867 3393 agmina

1043 3406 1204 3460 Tarcorum
1219 3405 1369 3461 invadunt.
1382 3407 1512 3462 Contulit
1530 3407 1570 3463 ibi
1596 3412 1672 3464 Deus
1697 3414 1809 3465 tantam
1826 3410 1866 3466 vi-

1043 3494 1163 3549 ctoriam
1179 3493 1246 3549 duci
1262 3499 1294 3548 ut
1309 3512 1402 3567 usque
1417 3495 1453 3551 ad
1470 3495 1589 3569 triginta
1605 3514 1638 3552 ex
1654 3497 1696 3552 cis
1710 3498 1866 3568 occideret,

1042 3587 1070 3638 et
1080 3582 1201 3638 totidem
1213 3588 1340 3655 caperet;
1351 3582 1478 3657 reliques
1486 3590 1657 3657 persecutus
1669 3585 1697 3641 in
1709 3585 1867 3658 paladibus

1042 3675 1071 3727 ct
1082 3671 1278 3744 [lumineque
1291 3671 1384 3728 vicina
1396 3678 1488 3742 erant,
1500 3673 1571 3730 elios
1588 3674 1694 3740 necari,
1707 3674 1780 3732 ulios
1797 3678 1867 3734 sub-

1043 3760 1133 3834 mergi
1145 3760 1249 3834 coegit.
1260 3762 1294 3816 Et
1304 3760 1345 3817 sic
1356 3779 1422 3818 cum
1436 3779 1542 3836 magna
1551 3763 1672 3819 victoria
1681 3765 1866 3822 Antiochiam

1042 3849 1134 3916 venit;
1150 3849 1273 3905 faciebat
1286 3851 1363 3906 enim
1378 3851 1472 3923 capita
1487 3869 1627 3908 caesorum
1638 3853 1675 3908 ab
1688 3853 1752 3910 aliis
1763 3854 1867 3911 Tarcis

1041 3937 1113 3995 vivis
1128 3939 1231 3996 deterri
1246 3956 1252 3995 :
1267 3940 1345 4012 quod
1360 3939 1467 3996 nostris
1482 3940 1553 3998 satis
1565 3942 1730 4013 jucundum
1747 3942 1811 3998 luit.

1410 4029 1525 4086 CAPUT
1551 4029 1620 4086 XXl.

1079 4119 1180 4191 ltaque
1196 4135 1263 4174 cum
1280 4133 1381 4174 carnes
1397 4117 1543 4191 principes
1560 4119 1764 4177 convenissent
1778 4121 1807 4175 in
1824 4137 1868 4176 ec·

1042 4207 1132 4264 clesia
1145 4208 1175 4262 Β.
1193 4207 1278 4274 Petri,
1291 4207 1325 4262 de
1342 4207 1444 4263 itinere
1470 4213 1567 4263 nostro
1592 4225 1677 4281 agere
1705 4214 1865 4282 caeperunt.

1042 4298 1124 4353 Tunc
1141 4296 1260 4370 quidam
1277 4296 1326 4368 qai
1343 4296 1461 4352 castella
1472 4297 1621 4353 etreditus
1637 4298 1665 4354 in
1678 4299 1803 4370 regione.
1815 4301 1868 4354 Aa·

1043 4386 1156 4442 tiocliiae
1171 4385 1328 4450 habebant,
1340 4385 1495 4441 dixerunt:
1513 4385 1584 4453 Quid
1596 4388 1642 4457 fiet
1656 4387 1688 4442 cle
1703 4386 1867 4444 Antiochia?

1043 4475 1109 4544 Quia
1123 4473 1241 4531 senatu
1253 4474 1334 4529 earn?
1350 4478 1501 4546 imperator
1515 4492 1570 4531 non
1583 4477 1680 4532 ‘ueniet
1697 4477 1804 4532 Eenim
1818 4493 1867 4531 ac·

162 4576 284 4633 scopum
302 4560 342 4617 ibi
359 4560 455 4635 elegit.
470 4561 583 4618 Etenim
599 4563 762 4619 convocetis
778 4564 926 4630 omnibus,
938 4562 987 4637 qai
1002 4580 1025 4649 D
1041 4566 1226 4636 septennario
1241 4563 1310 4635 quod
1327 4564 1407 4619 Yurci
1419 4563 1573 4620 coemerent
1586 4581 1645 4629 rios,
1660 4582 1714 4621 aon
1729 4565 1867 4636 coaptem

161 4646 202 4704 ibi
218 4665 317 4705 secum
333 4650 464 4718 aderunt,
478 4651 599 4723 quidam
615 4651 731 4708 comitis
746 4652 925 4724 capellanus
940 4671 989 4726 pa-

159 4733 261 4794 rietem
277 4741 435 4810 quemdam
452 4741 594 4808 ascendit,
607 4744 693 4812 atque
714 4741 793 4798 omni
819 4742 983 4812 conventui,

157 4825 274 4881 comitis
290 4827 468 4884 desiderium
492 4829 699 4885 manifestavit.
713 4832 843 4902 Cumque
859 4830 985 4902 papulus

158 4913 283 4968 multam
301 4914 422 4971 instaret
438 4921 470 4971 ut
487 4917 588 4973 electio
604 4918 695 4984 fieret,
713 4918 790 4974 idem
807 4919 922 4975 comitis
937 4937 983 4975 ca-

157 5001 290 5074 pellanus
307 5021 423 5058 rursum
440 5006 527 5076 cepit
541 5023 679 5076 querere,
693 5007 715 5061 si
730 5012 807 5064 esset
821 5007 862 5062 ibi
878 5007 984 5081 aliquis

158 5087 192 5145 de
208 5088 294 5157 clere,
307 5091 356 5162 qui
375 5090 505 5147 bdelium
522 5100 585 5148 raia
603 5094 773 5167 susciperet,
787 5101 828 5164 et,
839 5103 984 5170 quantum

157 5183 265 5252 posset,
278 5178 400 5251 paganis
417 5181 589 5248 resistendo,
603 5183 660 5238 Dee
672 5190 700 5238 et
716 5184 855 5241 iratribus
871 5185 909 5241 ibi
926 5204 984 5242 ser·

155 5266 239 5323 viret.
252 5268 383 5339 Cumque
404 5286 506 5324 omnes
526 5274 664 5339 lacerent,
681 5273 797 5328 Petrum
814 5275 981 5347 quemdam,

156 5354 375 5412 Narbonensem
386 5359 721 5430 genere,aeliocarimuS,
730 5361 776 5416 cui
790 5361 818 5417 in
829 5365 983 5435 prasentia

155 5444 248 5501 totius
259 5445 384 5514 consilii,
396 5443 525 5501 laborem
538 5447 725 5520 episcopatus
738 5451 930 5521 ostendimus,
940 5470 984 5508 ra-

153 5536 302 5609 gentesut
316 5552 368 5610 pro
387 5535 445 5592 Deo
461 5539 489 5591 et
504 5551 557 5609 pro
579 5536 718 5593 tratribus
733 5538 817 5595 illum
833 5541 982 5614 suscipere

154 5630 212 5681 tien
228 5621 385 5698 dubitaret,
400 5623 425 5683 sl
451 5623 506 5684 hoc
522 5623 552 5683 in
568 5625 666 5684 enimc
691 5625 982 5699 haberet,ut1nallct

1041 4655 1138 4712 virtuti
1160 4668 1227 4720 aue,
1241 4661 1266 4709 et
1295 4652 1438 4708 leoninam
1465 4654 1648 4719 multitudini,
1664 4670 1746 4726 qnam
1774 4671 1867 4711 secum

1039 4743 1165 4810 babebat,
1194 4743 1312 4813 artsnqit.
1343 4742 1384 4796 An
1416 4741 1504 4797 adlrnc
1536 4745 1752 4814 erspectabirnna
1780 4743 1867 4798 enm?

1040 4832 1181 4887 Certenon
1202 4832 1291 4887 amrin
1317 4831 1347 4885 in
1375 4832 1515 4887 auxilium
1543 4840 1676 4895 nostrum,
1692 4834 1741 4903 qui
1765 4832 1867 4901 fratres

1039 4928 1143 4976 nastros
1157 4919 1192 4974 ad
1217 4920 1359 4975 auritium
1381 4921 1431 4976 liei
1453 4922 1644 4986 sententiani
1665 4927 1867 4976 reuerterentur

1038 5012 1132 5078 carpit.
1150 5009 1180 5064 Et
1195 5010 1221 5063 ai
1235 5009 1398 5065 dimittimus
1413 5010 1484 5064 berrue
1497 5012 1644 5078 ciuitatem,
1656 5018 1681 5065 et
1698 5011 1776 5064 Taurei
1791 5026 1867 5065 accu-

1036 5105 1101 5170 pent
1121 5115 1190 5164 earn,
1207 5107 1288 5154 erant
1308 5099 1407 5154 ultima
1420 5100 1514 5172 pejora
1528 5099 1677 5172 prioribus.
1694 5098 1745 5153 Sed
1773 5115 1867 5154 orrrues

1037 5186 1258 5243 concedantearn
1284 5187 1445 5254 Bainrnndo,
1462 5189 1590 5260 quereiam
1619 5195 1644 5245 ct
1674 5189 1731 5259 ipse
1756 5189 1867 5258 sapiens

1037 5283 1084 5342 est,
1102 5284 1128 5331 et
1148 5277 1248 5347 optime
1261 5276 1381 5332 servabit
1395 5293 1470 5344 eum,·
1486 5285 1512 5332 et
1524 5293 1623 5333 nornen
1650 5278 1711 5347 ejus
1733 5292 1868 5345 muiqnurn

1036 5371 1076 5420 est
1097 5366 1170 5421 inter
1195 5381 1325 5437 papanos.
1341 5365 1378 5420 At
1405 5382 1503 5422 comes
1529 5365 1723 5431 ttaimundus,
1741 5367 1769 5420 et
1785 5363 1867 5420 aliie

1037 5457 1139 5508 contra
1154 5453 1291 5511 dicebant
1307 5470 1313 5508 :
1330 5441 1501 5526 Imperatori
1503 5455 1662 5526 juravimus
1676 5471 1758 5527 anper
1772 5454 1867 5509 Derai-

1036 5543 1127 5597 nicnrn
1141 5549 1295 5610 cracem,et
1319 5543 1443 5615 spineam
1466 5559 1605 5614 coronam,
1620 5552 1647 5600 et
1671 5558 1753 5616 super
1778 5541 1868 5599 muita

1036 5631 1092 5689 aliu
1121 5639 1216 5689 satiate
1245 5630 1316 5708 qued
1342 5647 1391 5690 nec
1416 5633 1562 5707 civitatem,
1587 5649 1636 5694 aec
1664 5629 1868 5703 carellamde
