3816 6006
99 296 176 367 lidi
608 304 808 370 ADDENDA.
824 338 864 354 -
879 307 1080 373 annotant
1102 306 1309 374 sensuris.
1729 310 1808 377 tvae

98 445 219 516 propter
233 457 276 511 se,
290 445 319 500 et
342 442 507 519 proximum
532 450 650 520 propter
674 449 772 507 Saum.
790 449 853 507 Una
876 450 922 506 est
935 443 962 512 Α
977 460 1024 500 res
1040 445 1164 512 iuratur,
1182 461 1238 500 non
1255 441 1281 499 ei
1294 441 1445 512 mentitur,
1462 459 1513 501 nee
1527 448 1632 502 catera
1651 444 1806 516 mandata,

99 549 167 607 ergo
196 532 322 602 ditectio,
339 535 389 592 sed
418 537 474 592 duo
504 539 652 595 mandata.
668 540 748 596 Unus
775 545 819 597 est
842 540 921 597 enim
976 549 1040 606 qua
1056 535 1092 590 do
1108 534 1238 606 proximo
1254 534 1807 608 sunt,transgredimusmevorodile·

98 622 186 689 DeuS,
202 623 313 681 scilicet
338 642 424 697 quem
440 625 590 698 diligimus
604 628 648 684 vel
664 629 694 684 in
710 631 816 702 seipso.
831 631 876 687 vel
891 633 921 687 in
976 622 1282 696 0l10ssevtrstimpleti
1299 641 1356 680 ¹1⁰ss
1372 625 1582 697 possunffiflm
1599 624 1662 681 Sive
1677 624 1806 682 honores

98 711 239 784 proximo.
257 713 309 776 Oui
325 714 403 769 enim
419 715 448 769 in
465 715 595 787 proximo
609 716 686 773 aliud
704 737 792 792 quam
815 721 919 788 Deum,
968 714 1099 785 patrem,
1116 714 1175 769 sive
1191 730 1249 769 non
1264 713 1389 783 occidas,
1407 714 1465 769 sive
1481 731 1538 770 non
1559 714 1730 780 moecheris,
1747 716 1806 772 sive

98 799 153 868 vel,
170 801 206 857 ob
221 797 300 856 aliud
316 819 404 874 quam
422 809 539 876 propter
554 805 658 870 Deum,
670 824 736 863 eum
753 808 920 883 diligit‚non
975 802 1052 874 quod
1069 803 1147 858 aliud
1164 804 1336 858 mandatum
1352 803 1478 870 faciae,si
1491 804 1553 859 sine
1564 803 1711 860 charitate
1722 804 1804 873 iacis,

96 906 162 946 vere
175 907 243 946 cum
262 890 365 963 diligit.
382 891 544 964 Diligamus
567 911 634 967 ergo
658 898 834 969 proximum,
852 900 921 971 quia
975 890 1048 946 nihil
1064 891 1176 964 praemii
1191 880 1458 948 moi-erisdharitas
1468 893 1546 948 euim
1557 898 1601 949 est
1610 893 1708 949 latum
1724 911 1805 949 man-

97 979 192 1035 honus
206 983 251 1036 est
264 981 308 1036 uel
324 998 388 1038 esse
402 986 508 1052 potest,
525 984 594 1055 quia
609 1002 682 1057 opus
705 987 754 1042 Dei
778 992 832 1055 est,
851 989 921 1061 quia
975 981 1078 1036 dutum
1103 980 1230 1048 DOmlssl.
1246 982 1276 1037 ln
1301 997 1359 1053 quo
1374 985 1434 1038 i⁰ltt
1449 981 1495 1037 lex
1510 985 1750 1039 consummatur·
1767 984 1804 1040 De

97 1070 174 1126 Deus
185 1069 270 1140 jntet
286 1085 353 1125 eam
369 1070 460 1144 diligi.
477 1073 553 1128 Sunt
578 1079 675 1130 autern
697 1076 811 1132 ditectio
827 1078 876 1134 Dei
892 1082 921 1134 et
974 1086 1032 1141 quo
1050 1070 1190 1142 Propheta
1206 1088 1212 1126 ε
1231 1070 1327 1126 Omnis
1349 1072 1601 1128 consummationis
1626 1073 1689 1128 eidi
1705 1074 1801 1142 tinem,

75 1150 78 1155 ’
98 1158 222 1231 proximi
236 1159 278 1215 sic
293 1160 465 1230 coniuncte,
483 1164 559 1236 quod
575 1169 649 1221 Deus
664 1182 721 1221 non
743 1170 839 1237 potest
854 1184 920 1224 vere
975 1161 1065 1215 latrem
1081 1161 1253 1216 etrondotnm
1266 1171 1347 1217 tnrtm
1360 1160 1446 1216 nimis
1461 1162 1547 1230 (Psoi.
1565 1163 1738 1230 cxvurv).llst
1754 1179 1802 1216 au·

98 1247 179 1321 diligi
195 1249 258 1304 sine
273 1249 414 1321 proximo,
432 1267 485 1307 nec
508 1253 657 1324 proximus
673 1253 735 1310 sine
752 1255 820 1311 Deo,
839 1255 920 1312 Unde
975 1252 1032 1304 tem
1049 1249 1176 1305 charitas
1191 1248 1283 1305 latum
1300 1251 1483 1316 mandatum,
1495 1250 1566 1323 quia
1581 1251 1755 1307 extenditur
1768 1251 1801 1306 ab

95 1337 233 1394 ioannes.
251 1338 305 1403 Qui
321 1355 377 1392 non
394 1339 489 1411 diligit
501 1341 665 1414 proximum
679 1361 765 1399 suum
780 1362 867 1416 quem
877 1345 920 1400 vi·
974 1338 1078 1395 amieis
1094 1356 1187 1412 usque
1202 1340 1237 1395 ad
1251 1338 1426 1405 inimicos‚et
1442 1335 1612 1412 quinetiam
1628 1339 1738 1395 dilatat
1752 1355 1802 1396 nos

96 1425 250 1491 det‚Deum
261 1442 348 1498 quem
360 1444 417 1482 nou
428 1428 506 1484 videt
517 1433 664 1502 quomodo
679 1432 799 1505 diligere
810 1434 920 1505 potest?
974 1428 1009 1483 tid
1029 1429 1217 1494 currendum,
1234 1433 1262 1485 θῐ
1285 1428 1506 1500 adimplendum
1529 1428 1625 1502 legem
1653 1429 1716 1485 Dei·
1732 1429 1802 1485 Cum

96 1513 150 1578 Qui
165 1531 232 1571 vero
249 1516 338 1572 Deum
355 1534 412 1573 non
428 1517 533 1589 diligit,
551 1536 604 1576 nee
621 1537 651 1577 se
667 1539 719 1576 nec
741 1522 830 1578 alium
854 1541 920 1580 vera
975 1517 1063 1573 etiam
1079 1517 1125 1574 via
1139 1517 1189 1574 Dci
1211 1517 1420 1590 insipientibus
1432 1519 1471 1573 sit
1484 1519 1581 1591 gravis
1597 1523 1626 1574 et
1640 1518 1748 1583 ardua,
1764 1522 1803 1574 ta·

97 1602 201 1676 diligit.
218 1605 292 1662 Cum
307 1622 374 1681 ergo
390 1607 461 1663 dicit
475 1609 629 1680 Apostolus
652 1611 837 1668 dilectionem
853 1630 919 1684 pro·
975 1624 1053 1675 nien,
1071 1607 1139 1680 quia
1154 1608 1263 1663 amanti
1276 1607 1349 1663 nihil
1366 1610 1411 1663 est
1426 1606 1554 1674 difficile,
1571 1607 1596 1662 ei
1613 1607 1650 1663 fit
1664 1607 1763 1663 tacitis
1776 1610 1803 1663 et

96 1692 177 1760 ximi,
193 1693 322 1768 intellige
338 1696 428 1753 simul
450 1698 635 1756 dilectionem
660 1700 721 1768 Dei,
738 1718 804 1757 cum
830 1701 920 1758 altera
973 1696 1199 1768 lata‚jutaillud
1213 1714 1219 1752 :
1233 1698 1312 1753 l'iunt
1323 1697 1662 1754 inundatornmtnornm
1672 1698 1801 1765 cneum,

96 1782 159 1838 sine
175 1783 265 1841 altere
278 1802 346 1842 vera
370 1803 433 1850 csse
455 1805 513 1843 non
537 1789 640 1860 possit.
659 1790 711 1846 Per
734 1790 919 1847 dilectionem
935 1824 959 1890 B
973 1804 1038 1844 cnm
1052 1787 1183 1844 dilatasti
1196 1803 1247 1844 cor
1260 1804 1356 1843 rnenm
1372 1787 1478 1856 (idid).
1494 1787 1552 1842 Vos
1568 1786 1670 1859 itaque
1686 1787 1800 1856 iratres,

15 1946 18 1950 .
97 1887 165 1945 ergo
180 1873 230 1929 Dei
255 1877 284 1930 et
307 1875 442 1947 proximi,
458 1877 504 1934 lex
527 1879 676 1952 impletur,
693 1881 723 1935 id
748 1885 792 1937 est
819 1881 918 1938 decem
974 1877 1363 1951 sitotamlegem,sitotum
1378 1875 1801 1950 Evangeliumscirenonpo·

96 1963 236 2020 mandata
249 1963 333 2038 legis,
348 1983 473 2039 quorum
485 1969 581 2040 prima
591 1974 717 2041 quatuor
726 1970 871 2042 pertinent
882 1970 918 2025 ad
973 1965 1067 2031 testis,
1081 1964 1185 2020 saltem
1201 1969 1298 2021 tenete
1313 1964 1496 2021 charitatem.
1514 1963 1587 2032 Quia
1603 1963 1653 2019 ille
1668 1969 1760 2035 tenet,
1775 1966 1801 2021 et

97 2051 200 2120 Deum,
218 2052 331 2125 reliqua
358 2072 409 2112 sex
439 2058 475 2112 ad
505 2059 682 2130 proximum.
701 2059 829 2115 Primum
850 2062 917 2114 est:
974 2055 1051 2125 quod
1067 2057 1186 2126 putatet
1201 2055 1279 2127 quod
1290 2053 1360 2110 latet
1373 2053 1405 2110 in
1420 2054 1526 2110 divinis
1540 2054 1799 2126 sermonibus,qui

96 2140 167 2197 dadi
180 2143 275 2211 lsrael,
292 2160 364 2199 nans
386 2153 426 2202 est
447 2147 518 2202 Deus
541 2154 602 2202 tuas
626 2147 778 2219 (licitam).
796 2147 825 2202 Si
841 2164 919 2202 unus
973 2143 1145 2199 charitatem
1161 2148 1239 2199 tenet
1253 2143 1283 2199 in
1302 2143 1442 2200 moribus.
1454 2142 1570 2200 ttilectio
1587 2142 1668 2199 enim
1685 2159 1737 2199 vos
1750 2143 1801 2199 do·

95 2232 140 2285 est
163 2230 276 2294 iratres,
294 2247 361 2303 ergo
386 2233 526 2290 mentitur
549 2234 693 2309 insipiens
717 2236 768 2308 qni
792 2235 864 2291 dixit
888 2235 918 2290 in
973 2231 1048 2287 eebit
1063 2233 1183 2289 reddere
1198 2231 1799 2305 quoddcbetisDeo,quodproximo,quod

95 2318 182 2373 eorde
206 2335 259 2374 suo
276 2335 283 2374 τ
299 2320 356 2376 Non
372 2327 413 2378 eat
427 2323 497 2379 Dens
512 2325 599 2393 (Psoi.
614 2325 688 2397 xm).
705 2324 736 2380 Si
760 2343 838 2380 unus
862 2328 917 2392 est,
972 2322 1078 2389 amico,
1095 2322 1172 2392 quod
1188 2321 1355 2378 inimicollt
1369 2322 1394 2376 si
1410 2322 1439 2377 in
1456 2321 1554 2394 aliquo
1571 2320 1673 2377 minus
1687 2321 1799 2394 sapitis,

95 2403 237 2460 mentitur
250 2405 369 2479 gentilis
384 2409 435 2481 qui
450 2409 521 2466 dicit
533 2411 631 2484 plures
647 2413 754 2469 esseSi
770 2431 847 2469 unus
863 2417 916 2481 est,
973 2409 1045 2466 illud
1065 2411 1194 2467 charitas
1218 2411 1379 2478 excusabit,
1395 2416 1423 2466 et
1447 2411 1592 2484 quidquid
1618 2410 1729 2476 tacitis,
1745 2411 1799 2466 lieo

94 2508 212 2565 semper
226 2496 367 2553 mentitur
381 2497 597 2573 haereticusqui
612 2519 678 2557 eum
693 2502 863 2558 variabilem
875 2519 920 2557 as·
973 2499 1087 2572 placere
1102 2500 1199 2566 laniet,
1214 2499 1278 2573 ipso
1294 2499 1435 2573 largiente
1451 2501 1499 2572 qui
1515 2499 1586 2555 vivit
1596 2503 1626 2555 et
1634 2503 1742 2573 regnat
1752 2516 1800 2573 per

95 2581 176 2650 serit,
193 2586 238 2640 est
251 2585 330 2642 enim
346 2604 424 2644 uuus
447 2587 538 2657 solus,
555 2589 708 2658 indivisus,
726 2590 917 2647 invariabilis.
973 2589 1074 2645 omnia
1088 2589 1195 2645 saeeula
1210 2590 1394 2646 saeculorum.

96 2671 264 2730 Secundum
275 2678 320 2731 est
335 2692 342 2731 ε
357 2676 418 2733 Non
431 2679 522 2750 socies
537 2680 590 2736 titi
603 2681 735 2751 sculptile
751 2681 852 2754 (deod.
864 2698 917 2748 κη
1256 2696 1407 2753 ΗΟΜΠᾸΑ
1430 2695 1511 2751 xxv,

97 2766 180 2830 Dent,
195 2763 234 2834 v),
250 2763 280 2821 id
300 2769 345 2821 est
367 2784 421 2824 nec
444 2768 591 2841 opinione,
607 2787 659 2826 nec
683 2788 792 2837 amore,
807 2770 918 2843 aliquid
1039 2783 1178 2824 nutrimen
1197 2785 1309 2832 cunam
1328 2784 1397 2824 rosr
1419 2784 1595 2824 erientiam
1615 2783 1733 2824 nomini.

95 2854 154 2909 Deo
170 2853 449 2924 praeferes.'l'ertium
464 2862 510 2914 est
525 2876 532 2914 ε
548 2859 608 2916 Non
623 2861 746 2930 accipies
756 2877 859 2917 nomen
869 2859 920 2914 liei
1008 2858 1180 2914 decendente
1193 2859 1259 2915 lesa
1272 2859 1303 2914 in
1317 2857 1672 2925 accinctumaccensum
1684 2855 1799 2912 enmdi·

94 2942 140 2998 tni
153 2942 183 2998 ia
194 2959 299 3000 conam
312 2945 418 3018 (tota),
435 2946 464 3002 id
487 2952 531 3004 est
555 2948 584 3004 in
609 2953 821 3021 contemptum.
837 2949 918 3012 Quod
972 2947 1076 3017 scipuli
1086 2950 1148 3021 ejus
1163 2953 1274 3016 (Mutia.
1291 2944 1798 3019 vrr1l,etreliqua.llaclectic,tra·

95 3029 164 3086 iacit
179 3032 228 3104 qui
244 3033 279 3089 ad
295 3033 498 3092 testimonium
513 3039 652 3096 vanitatis
665 3038 710 3094 vel
727 3035 918 3099 falsitatisvel
972 3039 1032 3091 tres
1047 3036 1223 3104 charissimi,
1237 3038 1321 3108 juxta
1335 3035 1463 3092 litteram
1478 3034 1600 3091 instruit
1615 3051 1672 3091 nos
1687 3035 1725 3091 de
1744 3035 1798 3090 lide

94 3118 217 3186 fraudis,
234 3119 306 3178 illud
322 3123 445 3180 inducit.
463 3127 604 3191 Quartum
620 3131 664 3183 est
680 3145 686 3182 ε
704 3132 919 3184 ilementorum
972 3124 1138 3182 Mediatoris
1155 3125 1204 3181 Dei
1217 3130 1246 3181 et
1261 3125 1414 3181 hominum
1434 3125 1503 3181 iesu
1527 3123 1648 3180 Christi.
1666 3122 1799 3180 Ostendit

93 3209 218 3279 ctitiecri
231 3211 307 3268 diem
320 3213 438 3270 saonen
447 3215 615 3285 (ididilioc
625 3217 744 3273 iudaeus
755 3214 918 3272 observavit
932 3195 954 3263 C
972 3215 1051 3270 enim
1068 3215 1097 3269 in
1113 3231 1146 3270 eo
1156 3232 1255 3271 veram
1266 3214 1446 3270 divinitatem
1457 3216 1486 3269 et
1496 3212 1715 3268 humanitatem
1726 3229 1797 3268 esse.

95 3296 237 3371 legaliter,
254 3317 332 3356 nunc
346 3318 413 3358 vero
429 3319 482 3359 nos
502 3303 692 3374 spiritualiter
716 3305 916 3371 observamus
972 3303 1051 3366 Quod
1069 3304 1147 3360 enim
1167 3302 1300 3360 vehiculo
1312 3303 1394 3358 navis
1409 3319 1477 3358 cum
1491 3300 1603 3357 catenis
1625 3300 1798 3357 hominibus

95 3402 163 3442 eum
173 3390 325 3460 pertotum
336 3390 497 3446 Sabbatum
508 3392 597 3463 hujus
608 3393 703 3459 vitane
713 3392 809 3449 servili
821 3409 916 3464 opere,
970 3390 1129 3459 vehitans-t
1143 3393 1220 3464 quod
1237 3392 1345 3447 dormit
1360 3389 1553 3447 humanitatis
1568 3395 1623 3446 est.
1636 3389 1722 3453 Quod
1733 3407 1797 3445 vero

95 3473 125 3531 id
140 3479 185 3532 est
200 3479 316 3548 peccato
332 3478 482 3546 feriamur,
497 3484 529 3535 ut
544 3480 573 3535 in
590 3482 687 3536 inituro
712 3482 748 3537 ab
772 3482 851 3537 enini
876 3480 917 3536 la·
972 3483 1174 3553 tempestatem
1191 3482 1314 3548 sedetet
1327 3481 1398 3536 mari
1417 3480 1553 3552 imperat,
1564 3477 1730 3534 divinitatis
1744 3483 1795 3534 est.

95 3564 165 3620 bore
179 3563 405 3635 sabbatizemus.
423 3569 563 3634 Quintum
580 3574 625 3626 est
640 3589 647 3626 :
663 3574 777 3629 Honora
801 3574 917 3627 l’otrem
971 3570 1059 3625 lusto
1073 3588 1138 3627 vero
1155 3571 1312 3643 mysticum
1327 3584 1543 3635 consummare
1558 3584 1692 3640 praesens
1708 3585 1796 3623 saeu-

94 3660 176 3709 tnnm
191 3662 219 3709 et
233 3661 357 3711 matrem
371 3661 453 3712 tuom
467 3659 572 3728 (itta),
590 3661 667 3732 quod
683 3661 718 3716 de
732 3660 840 3717 honore
856 3665 917 3716 tam
971 3657 1034 3715 lum
1049 3659 1245 3731 cst,quonium
1262 3661 1298 3714 ad
1313 3659 1434 3714 modum
1449 3656 1550 3725 maris,
1562 3656 1633 3713 fetet
1647 3660 1678 3712 et
1693 3659 1794 3723 tumet,

95 3740 256 3809 deferendi,
278 3760 367 3815 quam
391 3745 591 3805 benelaciendi
612 3748 835 3824 intelligendum
860 3754 915 3806 est.
971 3747 1083 3803 salsum
1099 3752 1128 3803 et
1142 3747 1278 3804 instabile
1294 3751 1347 3802 est.
1365 3748 1445 3803 Fetet
1460 3763 1511 3819 per
1525 3744 1686 3813 luxuriem,
1705 3748 1797 3801 tumet

95 3829 214 3886 Sextum
228 3835 290 3887 cst:
307 3832 368 3890 Non
381 3835 491 3892 occides
507 3837 618 3906 (tota),
635 3854 688 3894 nec
710 3837 869 3905 voluntate,
886 3842 918 3893 ut
971 3852 1024 3910 per
1038 3837 1216 3909 superbiam,
1234 3837 1345 3892 salsum
1360 3840 1404 3892 est
1428 3851 1480 3907 per
1493 3834 1738 3901 amaritudinem,
1755 3835 1796 3890 in·

95 3917 146 3991 qui
161 3918 223 3975 odit
237 3919 356 3978 tratrem
376 3939 473 3990 suum,
491 3940 544 3980 nec
567 3942 663 3997 opere,
680 3929 712 3981 ut
731 3927 776 3982 vir
798 3926 917 3999 sangui·
972 3925 1075 3982 stabile
1091 3930 1136 3981 est
1152 3943 1203 3997 per
1216 3925 1424 3981 vanitatemllt
1438 3924 1514 3979 sicut
1529 3924 1559 3978 in
1575 3922 1651 3978 mari
1667 3924 1796 3996 maiores

95 4023 178 4074 num,
192 4025 245 4064 uec
267 4007 346 4066 mala
366 4010 508 4078 doctrina,
527 4016 560 4069 ut
583 4013 747 4082 hereticus,
765 4031 817 4071 neo
841 4014 917 4072 malo
972 4015 1067 4088 pisces
1082 4014 1210 4087 glutiunt
1226 4014 1363 4078 minores,
1376 4014 1418 4069 sic
1433 4012 1463 4068 in
1479 4013 1534 4068 hoe
1545 4011 1652 4068 saeulo
1663 4012 1799 4068 fortiores

95 4096 238 4169 exemplo,
256 4103 288 4154 ut
302 4099 474 4172 predicator
498 4101 574 4158 male
597 4103 707 4170 vivens,
726 4121 778 4160 nac
802 4104 917 4160 subtra-
972 4104 1111 4159 devorant
1126 4101 1381 4158 debilioresNavis
1397 4105 1442 4157 est
1452 4099 1625 4169 Ecclesiam
1635 4116 1698 4173 qua
1707 4105 1801 4156 trans·

96 4184 192 4242 ctione
207 4187 413 4259 temporalium
428 4190 584 4257 bonorum,
598 4197 630 4247 ut
644 4209 758 4262 avarus,
775 4210 828 4250 neo
846 4194 918 4249 suh·
972 4197 1110 4248 natamus
1124 4194 1312 4263 tempestates
1327 4190 1417 4263 hujus
1431 4188 1583 4254 saraitae
1597 4188 1752 4245 tendimus
1765 4185 1800 4242 ad

95 4274 238 4330 tructione
252 4275 479 4346 predicationis,
490 4280 705 4352 utpraedicatur
719 4280 868 4338 occultans
879 4287 919 4338 ta·
972 4285 1089 4353 portum
1106 4280 1205 4352 patria
1220 4278 1356 4347 caelestia,
1373 4278 1403 4333 in
1420 4295 1478 4351 qua
1501 4276 1638 4349 quisquis
1659 4293 1723 4333 non
1746 4279 1800 4343 est,

96 4359 388 4436 lentum.Septimum
405 4370 449 4423 est
464 4384 471 4422 t
487 4367 548 4424 Non
564 4372 750 4427 mechaberis
761 4372 919 4442 (leid.),nec
971 4387 1032 4426 non
1046 4368 1194 4442 perveniet
1208 4368 1244 4423 ad
1259 4372 1377 4440 portum
1388 4366 1556 4434 salutis,sed
1570 4364 1800 4440 demergeturin
1838 4368 1841 4372 ’

95 4451 202 4523 spiritu
217 4468 269 4526 per
284 4452 490 4526 idololatriam,
507 4474 560 4513 nec
584 4475 704 4532 corpore
729 4476 780 4530 per
794 4461 918 4516 tornica-
973 4459 1123 4530 abyssum.
1141 4457 1171 4513 ln
1187 4456 1241 4512 hae
1260 4455 1409 4512 Christum
1436 4458 1591 4527 sequentes
1616 4454 1761 4528 navigant
1773 4456 1800 4510 et

95 4537 216 4609 tionem,
232 4542 409 4601 adulterium
424 4546 592 4614 itachium,
607 4547 920 4617 incestum,Sodomiti·
934 4569 958 4634 fl
974 4550 1137 4612 transeunt,
1145 4550 1173 4601 et
1186 4543 1321 4601 Christus
1334 4560 1402 4600 oum
1419 4543 1472 4610 eis,
1487 4543 1557 4615 quia
1568 4542 1633 4614 ipse
1648 4542 1692 4597 ait
1709 4559 1716 4597 :
1737 4542 1800 4600 tiot-

96 4645 161 4688 cam
171 4629 365 4701 libidinam,et
378 4633 609 4704 immunditiam,
620 4636 760 4693 Octavum
775 4642 820 4693 est
835 4655 842 4693 :
858 4643 920 4695 Non
973 4653 1082 4709 cunque
1096 4635 1153 4691 duo
1167 4635 1284 4691 veltres
1299 4634 1467 4705 congregati
1479 4640 1546 4688 sunt
1558 4631 1716 4688 innovatae
1728 4646 1800 4700 meo,

93 4719 450 4795 faetumfaciestldid.),in
464 4741 522 4797 quo
534 4725 917 4795 damnanturlatrooinium,
972 4743 1027 4800 epo
1040 4741 1104 4781 sain
1129 4724 1158 4780 in
1177 4724 1273 4780 medio
1294 4738 1405 4789 corant,
1422 4725 1535 4790 (Mutet.
1549 4725 1642 4788 xvur).
1660 4720 1698 4774 Et
1719 4719 1799 4776 alibi.

95 4808 208 4879 rapina,
225 4826 315 4867 usura
329 4814 358 4867 et
372 4811 467 4868 dolus.
484 4814 599 4869 Nonum
616 4817 921 4888 estzitonsulsnmte·
974 4820 1043 4873 Ecce
1057 4814 1265 4885 egoootisonm
1286 4828 1351 4867 sum
1370 4811 1501 4868 omnibns
1526 4809 1628 4866 dietus
1651 4808 1797 4882 mqneod

94 4897 261 4954 stimonium
288 4900 365 4957 dices
379 4901 492 4975 (idid.);
508 4903 538 4957 in
560 4919 618 4974 quo
640 4903 811 4976 prohibetur
834 4922 920 4962 omne
972 4903 1246 4962 consummationem
1260 4899 1603 4971 sacnti(tlutth.xxvu1).
1622 4898 1725 4955 Motus
1740 4915 1801 4954 ma·

96 4984 293 5054 mendacium,
310 4988 482 5060 perjurium,
500 4990 649 5059 detractio,
662 4992 835 5059 susurratio,
845 4994 920 5050 adu·
974 5009 1050 5066 gnus
1065 4989 1155 5046 maris
1168 5006 1174 5044 :
1186 4989 1336 5046 tribulatio
1346 4994 1376 5044 et
1387 4987 1549 5061 persecutio
1560 4985 1710 5058 esthnjus
1720 5003 1805 5043 mun·

95 5071 175 5127 latio.
192 5073 344 5130 Decimum
361 5081 406 5132 est
421 5095 428 5134 :
445 5079 505 5136 Non
519 5083 704 5151 concupisces
718 5081 860 5155 (tetdtid
877 5085 922 5138 est
975 5082 1015 5137 di.
1028 5080 1140 5136 Ventus
1155 5079 1329 5145 contrarius,
1346 5075 1496 5149 malignus
1510 5074 1633 5148 spiritus
1647 5078 1705 5131 est.
1722 5075 1805 5132 Siout

96 5161 364 5234 concupiscentiam
392 5166 564 5236 refrenabis,
581 5174 609 5226 ct
631 5169 657 5225 si
680 5173 839 5238 moveatur,
862 5188 920 5227 non
975 5169 1053 5227 enim
1067 5167 1324 5241 Spiritussanetus
1334 5165 1415 5221 ducit
1425 5180 1529 5221 navem
1539 5162 1675 5220 Ecclesia
1687 5165 1726 5220 ad
1738 5181 1805 5238 por·

96 5251 272 5318 consenties,
289 5268 343 5307 nec
357 5253 543 5328 adimplebis.
560 5258 625 5313 llaec
641 5267 719 5325 sunt,
732 5261 835 5316 iratres
851 5260 920 5316 cha·
975 5264 1039 5315 tum
1053 5256 1214 5326 salutis,ita
1227 5254 1376 5329 malignus
1389 5253 1511 5326 spiritus
1521 5257 1724 5309 conatuream
1736 5271 1806 5327 pra-

96 5336 218 5406 rissimi,
231 5340 331 5396 decem
344 5344 560 5420 mandataque
572 5363 623 5418 per
634 5346 818 5404 dilectionem
829 5349 921 5406 adim·
975 5348 1094 5421 cipitare
1109 5346 1139 5402 iu
1151 5344 1336 5418 naufragium
1353 5341 1536 5416 perditionis.
1548 5339 1691 5398 Naviculn
1706 5342 1805 5416 operi·

96 5425 223 5499 plentur,
242 5429 457 5506 quiniquiffero
473 5435 566 5491 Deum
581 5435 826 5509 diligit,omnibus
837 5454 919 5493 man·
975 5442 1023 5493 tur
1038 5434 1307 5506 ssuotihus,quando
1323 5432 1452 5489 Ecclesia
1462 5431 1492 5488 in
1503 5429 1764 5505 persecutionibus
1776 5434 1805 5489 et

96 5515 253 5589 datisjojus
265 5520 371 5577 obedit.
386 5521 421 5575 at
435 5523 484 5593 qni
496 5525 662 5596 proximum
679 5526 773 5599 diligit
783 5545 840 5583 non
852 5545 919 5584 euni
974 5524 1200 5599 tempestatibus
1215 5538 1289 5595 peue
1304 5520 1494 5593 periclitatur.
1511 5518 1719 5578 Ostenduntur
1736 5537 1804 5596 ergo

97 5603 211 5676 occidit,
228 5622 287 5664 non
303 5609 368 5680 eius
392 5624 510 5667 uxorem
535 5613 697 5672 mechatus
709 5618 764 5682 est,
782 5615 919 5687 nunejus
976 5615 1024 5674 hic
1032 5613 1117 5678 nobis
1126 5610 1255 5684 quinque
1268 5627 1275 5667 ε
1288 5608 1383 5667 Primo
1395 5609 1560 5670 ostenditur
1569 5609 1649 5682 quod
1660 5607 1805 5672 sumiti
