3816 6006
67 108 130 182 ’ὁ
377 148 380 153 ·
746 98 874 175 disus
894 106 1108 179 renuatur.
1207 143 1229 154 ⁴·
1712 106 1774 177 tto

68 247 141 307 Iam.
156 247 188 305 Si
203 248 305 322 igitur,
313 247 419 303 tratres
434 245 613 314 charissimi,
627 249 658 301 ut
673 246 703 301 in
719 245 804 300 initia
820 244 896 299 dixi·
909 242 938 311 A
950 246 1065 316 serratis,
1076 245 1149 299 mitri
1161 245 1265 317 secutis
1279 243 1382 315 (Mettis.
1397 249 1486 321 xxvi),
1502 244 1560 302 nisi
1575 245 1618 301 sic
1634 245 1771 325 feceritis,

69 350 150 402 mus,
164 338 334 393 manentem
348 333 396 392 hIs
411 351 463 390 ras
478 334 628 391 civitatem
651 333 758 391 habere
774 349 831 390 non
847 349 897 388 co·
951 347 987 387 na
1001 331 1170 388 irascamini
1187 332 1272 400 mihi,
1290 349 1326 391 ne
1349 334 1612 396 commoveamini:
1627 349 1680 403 pra
1704 350 1772 389 voro

67 425 224 500 gnoscitis,
239 424 265 480 si
280 424 409 481 suturam
426 423 589 496 inquiritis,
608 423 662 478 hac
677 421 724 479 ria
739 423 898 495 quartanas
951 420 1033 475 vobis
1050 420 1105 476 iste
1122 420 1193 476 dicit
1208 421 1333 491 Scotius,
1350 423 1422 493 quia
1435 422 1517 479 ibitis
1542 425 1574 479 in
1589 425 1683 490 mnam
1696 432 1774 481 eren

67 514 236 579 Invenietis,
253 512 308 568 hao
322 512 371 567 via
385 512 522 575 incedite,
535 515 563 566 at
579 510 769 584 pervenietis3
781 511 836 566 hac
850 509 898 569 vta
950 524 1027 576 num,
1044 510 1092 581 aui
1103 519 1218 580 paratus
1232 518 1272 565 est
1286 509 1393 566 diabolo
1406 519 1432 566 et
1456 512 1563 577 arpotis
1586 512 1644 584 ejus
1669 510 1771 580 (ibid).

66 602 168 658 sidera
182 601 317 673 satagite,
332 605 361 656 et
377 600 468 656 Deum
485 601 607 655 deorum
623 599 654 654 ia
671 598 894 655 Sionridebitis.
951 596 1022 653 Data
1046 612 1114 668 crgo
1138 598 1237 669 potius
1261 614 1391 670 operam.
1407 597 1585 667 charissimi,
1602 603 1636 655 ut
1658 598 1772 654 dicatur

65 690 127 748 Neo
143 689 292 747 miremini
307 689 386 763 quod
402 688 475 745 mihi
492 689 538 742 via
554 688 610 744 ista
624 691 688 756 cst,
703 686 812 744 etenim
837 684 891 744 etsi
949 685 1047 742 robis:
1065 685 1301 751 tenueonrediest
1314 687 1405 743 Patris
1420 688 1483 752 atei,
1499 689 1630 760 percipite
1644 703 1770 757 requam,

69 779 270 853 hybernensis
284 795 363 848 sum,
380 777 434 833 etsi
451 794 518 832 sum
534 775 677 842 Saoticus,
688 779 787 833 tamen
802 791 898 831 sacra·
950 774 1020 846 quod
1034 775 1108 828 uobis
1121 782 1250 845 paratum
1263 782 1301 830 est
1315 776 1349 830 ab
1363 777 1470 847 oripine
1483 775 1771 850 mansuetidinem

65 873 237 927 mentorum
251 865 385 924 Ecclesia
399 870 559 938 vestraque
575 865 641 921 fidei
657 881 724 921 sum
739 865 897 922 condome-
950 862 993 918 sio
1017 863 1134 934 assequi
1159 863 1305 934 poteritis,
1320 864 1346 919 si
1370 881 1422 936 pro
1446 864 1505 920 Deo
1528 880 1563 920 es
1577 881 1610 921 co
1626 866 1703 938 quod
1719 865 1771 921 ha·

65 959 171 1014 uticus.
188 956 270 1023 Quod
287 971 357 1029 ergo
372 968 448 1027 sapa
459 956 523 1026 jam
539 954 600 1008 dini
615 969 684 1027 erga
699 952 896 1010 domesticum
951 950 1026 1007 betis
1042 951 1071 1005 in
1096 967 1239 1025 pauperes
1263 951 1372 1008 Christi
1396 953 1655 1010 beneficentissimi
1680 954 1771 1010 hiari-

65 1047 147 1103 hunc
162 1045 230 1101 fidei
246 1048 347 1101 restra
362 1041 555 1099 benificientia¹
571 1045 600 1096 ot
616 1041 833 1097 communionis
844 1057 896 1096 no·
949 1040 999 1095 tis.
1015 1038 1124 1096 Valeto.
1141 1040 1176 1096 ut
1195 1057 1272 1108 oum,
1289 1046 1435 1097 annuente
1460 1040 1529 1111 Deo,
1544 1047 1671 1099 vestram
1695 1042 1771 1101 hauc

65 1135 117 1192 lite
132 1132 357 1200 oblirisoi;nisi
372 1131 453 1189 euim
469 1130 610 1186 mentitur
623 1129 896 1202 Apostolus,talibus
950 1145 1069 1184 sensero
1103 1128 1337 1196 beneficentiam,
1373 1130 1462 1186 ctiam
1496 1147 1549 1202 pro
1585 1131 1769 1201 heimbaldo,

63 1227 163 1283 hostiis
175 1231 349 1300 promeretur
363 1225 432 1280 Deus
447 1220 615 1293 (Hatram).
625 1219 891 1286 adnitiminidum
950 1234 1059 1290 queso,
1091 1217 1242 1274 toadiensi
1270 1223 1361 1283 orate,
1391 1219 1442 1291 qui
1472 1219 1667 1291 proficiscenti
1696 1221 1769 1279 mitri

63 1313 164 1370 adhue
177 1312 251 1368 estis
266 1311 297 1369 iu
311 1311 368 1380 ria,
384 1309 461 1365 iuter
477 1324 527 1363 aas
544 1308 617 1375 heri,
633 1308 743 1380 quihus
757 1307 894 1365 dicturus
949 1306 1026 1362 hano
1049 1321 1101 1378 pro
1124 1305 1231 1362 viatico
1255 1306 1381 1379 providit
1405 1311 1433 1362 et
1463 1308 1639 1381 conscripsit
1662 1309 1771 1383 episto·

62 1407 109 1460 est
125 1400 220 1459 Filius
235 1399 368 1456 hominis
384 1415 391 1455 ε
410 1395 538 1467 tituridiu
552 1397 605 1452 uni
623 1412 658 1452 ec
679 1397 805 1453 minimis
827 1397 896 1452 meis
949 1395 1019 1452 lam.

61 1572 1773 1615 :xxm

364 1749 777 1929 Gustu
839 1749 1475 1923 Tartenum

603 2006 639 2064 IN
660 2004 899 2063 extumulata
918 2005 1244 2064 taaosom'ttttaus

846 2146 987 2196 AUC'IORB

236 2274 550 2368 annuato
591 2270 986 2364 cauoatunst
1034 2270 1191 2364 utus
1238 2271 1602 2366 FAMILIARI

428 2445 571 2518 (Mauras.
591 2444 666 2500 Ttrcs.
680 2441 791 2512 dread,
807 2441 857 2514 111,
874 2442 936 2516 tot,
951 2459 986 2499 ex
999 2458 1056 2499 ms.
1072 2440 1171 2500 codice
1186 2441 1414 2515 Gembtacensi.)

648 2730 944 2802 truncatam
982 2729 1185 2805 PuAEvta

95 2985 234 3044 Chronici
247 2981 355 3042 stedia
369 2979 507 3054 appendic
520 2986 559 3038 est
579 2995 691 3052 septuns
715 2979 846 3036 Turrmedi
867 2979 992 3037 historia.
1022 2979 1133 3050 honerii
1155 2981 1230 3036 enim
1252 2977 1330 3036 iltius
1347 2983 1451 3053 aarepii
1466 2980 1604 3041 deluderis
1623 2986 1769 3056 summias

67 3055 219 3121 vacarat,
235 3055 285 3128 qui
296 3053 419 3110 &murm
432 3059 537 3122 pentem
552 3069 567 3106 a
582 3056 782 3107 Saracenorum
802 3051 870 3126 jupo
894 3050 1056 3119 vindicavit,
1084 3057 1214 3120 coenatus
1237 3059 1295 3108 errat
1321 3050 1482 3122 tancredus,
1505 3061 1531 3111 et
1543 3057 1594 3111 sut
1610 3055 1767 3121 Boamundo

65 3129 178 3198 itopsrii
191 3126 313 3199 quadan
325 3125 393 3197 fitia,
412 3126 441 3181 in
455 3123 627 3196 errpcditione
638 3123 877 3194 ierosolymitana,
895 3124 971 3190 acrasi
988 3123 1044 3177 dux
1058 3124 1110 3176 suh
1130 3138 1194 3193 rega
1208 3131 1230 3177 et
1250 3124 1391 3180 sacrrndus
1402 3124 1438 3178 ab
1452 3140 1485 3180 eo
1500 3125 1639 3183 militarit.

162 3199 233 3254 muti
247 3205 338 3252 autem
352 3212 407 3252 non
421 3212 528 3251 amnem
543 3197 608 3251 uita²
621 3196 729 3256 seriem.
745 3193 792 3249 sed
812 3211 843 3248 ea
855 3194 944 3249 sotum
967 3194 1026 3250 tia’c
1048 3194 1164 3248 historia
1185 3200 1384 3266 complectatur,
1409 3210 1472 3267 quta
1485 3196 1535 3251 sub
1551 3205 1625 3254 tanto
1638 3199 1766 3271 principe

65 3284 188 3354 qumque
199 3285 340 3326 annorum
353 3269 441 3338 spatio
456 3267 513 3322 duc
528 3264 579 3322 itte
595 3265 712 3337 inclytus
726 3265 861 3337 praetore
874 3267 965 3337 pessit,
980 3281 1113 3333 mannum
1128 3266 1268 3335 etinsiaue
1282 3274 1321 3321 est
1335 3267 1445 3323 uirtutis
1460 3268 1538 3324 iltius
1550 3278 1765 3341 monumentum,

66 3355 212 3415 ipsumque
225 3348 255 3396 ut
268 3342 423 3395 masiacum
437 3340 526 3396 atatis
541 3352 600 3394 suec
614 3337 710 3392 ducem
727 3344 858 3393 extremae
871 3337 1026 3407 posteritati
1047 3335 1253 3392 commendabit.
1270 3337 1332 3393 tiae
1355 3339 1445 3410 ipsum
1468 3339 1587 3398 ostendet
1610 3343 1640 3397 iu
1658 3357 1768 3414 recupe-

66 3416 271 3473 rationeterrae
292 3415 397 3467 saincte
408 3410 561 3482 plurimum
583 3416 608 3465 et
625 3408 743 3480 [eticiter
766 3407 916 3474 insudasse,
939 3408 1097 3479 caterisque
1127 3407 1283 3464 Christiani
1305 3411 1440 3466 exercitus
1464 3408 1588 3481 ducibus,
1608 3428 1675 3485 ques
1703 3413 1769 3472 adea

64 3483 231 3557 praedieaait
244 3483 406 3552 antiquitas,
424 3480 501 3547 inape
523 3482 612 3551 ipsum
636 3479 809 3551 annotinae,
825 3486 851 3533 et
873 3478 906 3534 de
935 3478 1073 3534 uindicata
1094 3479 1215 3536 ecetram
1237 3479 1387 3536 Palaestino
1410 3482 1531 3538 camdem
1551 3485 1637 3555 terrae
1658 3485 1768 3543 taudem

66 3573 149 3629 quom
164 3554 197 3610 de
212 3553 311 3609 Sicilia
320 3553 451 3621 dianerius
467 3551 599 3607 Wiscardi
625 3552 804 3622 promeritum
830 3552 926 3621 tuisse.
942 3549 1019 3605 tstud
1043 3566 1125 3622 porro
1148 3558 1283 3606 testamur
1305 3565 1368 3622 aaar
1384 3554 1487 3614 itura.
1500 3569 1563 3626 quae
1580 3556 1656 3611 Tarsi
1669 3564 1695 3612 et
1710 3561 1769 3614 tta·
1847 3556 1853 3563 '

65 3631 168 3692 ωιίεκ,
183 3624 252 3680 dum
269 3631 512 3697 dampnaremur,-
527 3639 586 3693 aare
602 3622 755 3678 Antiochiae
768 3629 832 3676 ante
846 3629 940 3692 etpost
952 3623 1190 3692 eapupuutionem·
1202 3624 1326 3678 omniurn
1343 3625 1581 3693 ›notastissimam5
1667 3630 1770 3685 aare

67 3698 162 3772 tymis,
176 3711 242 3767 quae
256 3698 284 3750 in
299 3696 520 3766 transfretatione
531 3693 612 3763 diruit
624 3693 735 3758 tardat,
752 3708 816 3765 qua
837 3710 929 3748 eoram
943 3693 1038 3748 Alema
1063 3695 1233 3764 imperatore,
1251 3709 1313 3764 quse
1336 3693 1446 3749 taudem
1469 3697 1569 3769 utique
1595 3642 1695 3770 Ieupfiu
1709 3717 1769 3768 pes·

66 3772 153 3826 sisse:
168 3783 221 3822 nec
232 3769 306 3822 enirn
320 3766 468 3850 quidquam
483 3767 532 3819 troc
547 3765 615 3819 betto
626 3773 788 3835 susceptum,
800 3766 858 3819 nisi
871 3764 927 3821 teus
941 3763 1011 3819 iilud
1025 3765 1073 3828 sit,
1089 3772 1114 3818 et
1127 3764 1246 3834 setioitcr
1266 3774 1482 3822 consummatum
1503 3769 1568 3840 tuit,
1585 3770 1615 3824 in
1631 3775 1685 3842 quo‘
1694 3786 1770 3843 prze-

66 3842 141 3896 ctara
156 3841 269 3895 uirtutis
281 3840 403 3904 extmt'oe,
419 3836 572 3905 sia-putoris
585 3838 727 3907 sapientie
741 3844 770 3890 et
781 3835 894 3890 consilii
907 3835 1058 3906 specimina
1073 3835 1221 3890 Trncredus
1234 3851 1288 3890 non
1304 3835 1417 3892 datarit.

97 3914 139 3969 tis
155 3913 246 3980 ipitur
259 3911 384 3966 manitus
398 3907 564 3964 enarrandis
593 3915 663 3962 totta
688 3908 821 3962 incumbit
846 3907 928 3980 hujus
956 3914 1051 3960 auctor
1078 3907 1212 3968 historia.
1241 3923 1290 3962 nec
1310 3907 1388 3962 atiud
1402 3909 1459 3963 siti
1469 3912 1642 3982 proposuisse
1657 3909 1707 3975 hac
1720 3928 1771 3975 sua

68 3983 261 4039 tucutrations
275 3983 372 4037 asserit
385 3995 521 4052 expresse,
536 3981 656 4034 articuto
680 3979 767 4033 teau
782 3978 890 4034 uerbis:
906 3977 1033 4035 celebret
1047 3993 1112 4058 suos
1131 3978 1306 4034 Narmannia
1325 3978 1470 4050 habenas,
1486 3983 1610 4052 reliquos
1624 3984 1711 4040 daces
1724 4000 1770 4042 oo·

69 4057 169 4114 cidens
183 4053 320 4122 reliquus,
338 4052 407 4109 mihi
425 4067 498 4109 uuas
512 4050 696 4107 diarchisidas
712 4048 825 4117 sufficit,
842 4050 888 4106 cui
904 4065 962 4112 non
977 4047 1088 4104 sufficio
1104 4049 1146 4104 ret
1163 4057 1246 4105 totus.

102 4126 239 4194 Quisnam
252 4139 314 4179 uero
325 4124 349 4178 is
363 4129 457 4198 aucta
470 4122 565 4192 suerit,
582 4138 636 4193 qua
651 4137 686 4178 ea
699 4128 785 4190 prate,
800 4137 887 4195 quatre
899 4127 979 4178 auru
1001 4120 1112 4187 amerit,
1127 4135 1235 4186 namn,
1256 4121 1409 4189 inperium,
1424 4123 1489 4180 uite
1503 4123 1669 4192 institutum,
1680 4139 1771 4198 opera

68 4200 189 4267 pretium
202 4202 246 4251 est
256 4210 292 4249 ee
306 4195 393 4265 ipsius
417 4192 534 4249 historia
564 4194 809 4259 inaestimrrernee
823 4193 898 4247 errim
921 4207 1022 4264 parum
1040 4190 1076 4246 ad
1089 4190 1208 4263 ejusdem
1226 4190 1351 4249 historie
1368 4192 1629 4250 commmdationem
1648 4198 1771 4268 ccrrterre

68 4267 127 4325 haee
139 4272 266 4339 possunt.
282 4265 383 4321 Nomen
398 4265 454 4336 ipsi
467 4263 583 4334 hadulfo
597 4265 683 4335 fuisse
702 4265 794 4334 prima
809 4263 869 4319 trees
892 4264 979 4318 inseri
998 4264 1035 4317 tio
1092 4262 1148 4319 odit
1165 4262 1316 4318 tancredus
1330 4262 1478 4335 Radutpiii,
1491 4268 1614 4335 patriam
1627 4281 1689 4324 uero
1702 4269 1771 4324 Nor·

67 4341 219 4394 mannurm
233 4353 269 4392 es
280 4337 398 4392 articuto
414 4352 469 4390 nvn
493 4335 663 4407 arripimus,
686 4334 737 4388 uti
758 4334 952 4390 Antiochenam
971 4279 1123 4390 ‹IescriIIas
1145 4336 1385 4405 expunandam,
1400 4351 1461 4408 qua
1475 4337 1600 4393 inchoato
1614 4353 1687 4394 ossa
1702 4338 1772 4394 taut

67 4412 201 4481 producta
215 4410 246 4466 in
260 4411 400 4477 armorum
414 4421 519 4462 aunum
532 4407 597 4477 tuit,
613 4407 672 4463 trae
684 4404 718 4460 de
731 4421 760 4460 se
774 4407 853 4479 quasi
866 4407 953 4462 obiter
975 4405 1061 4462 dicit:
1076 4406 1195 4478 Signum
1221 4406 1301 4472 titud,
1317 4421 1381 4463 cum
1405 4408 1499 4464 adhuc
1514 4409 1543 4463 iu
1559 4416 1675 4478 paterna
1687 4411 1772 4467 domo

68 4481 187 4609 1{aeritimi
206 4479 435 4536 adolescentulus
462 4479 607 4549 degerem,
637 4477 766 4533 noudum
790 4477 861 4533 mihi
882 4478 940 4533 risa
965 4493 1014 4535 seu
1041 4483 1108 4534 nota
1136 4477 1191 4533 nisi
1220 4478 1338 4534 naariae
1361 4485 1441 4534 tenus
1469 4479 1627 4548 Antiochia,
1652 4481 1701 4537 sed
1720 4496 1773 4545 acc

87 4569 167 4609 orna.

98 4623 189 4680 Natus
204 4621 293 4692 icitur
307 4618 421 4676 Cadomi
434 4627 474 4675 est
488 4633 560 4674 anno
575 4619 686 4672 cireiur
700 4617 771 4672 4080
785 4619 879 4673 eodan
893 4634 955 4674 uero
979 4621 1010 4675 in
1024 4620 1092 4675 urbe
1110 4618 1248 4682 educatus,
1265 4626 1291 4674 et
1310 4620 1441 4674 annau
1463 4619 1513 4675 suh
1537 4620 1710 4677 cauturimo
1725 4618 1774 4683 tito

69 4693 221 4765 imutptta,
238 4694 287 4764 qui
297 4692 404 4747 comate
418 4691 599 4746 Namnasaiae
612 4688 773 4759 capeitanus
783 4692 813 4745 iu
829 4691 897 4746 hetto
912 4706 990 4745 sacro
1005 4697 1072 4752 erat,
1092 4699 1118 4746 et
1131 4705 1180 4762 per
1201 4692 1306 4746 obitum
1328 4690 1477 4746 adhemari
1489 4691 1631 4748 Padiensis
1646 4693 1773 4765 episcopi,

69 4766 232 4822 t'trristiano
245 4778 305 4835 prae
339 4764 407 4818 situs
422 4762 566 4826 ecercitui,
581 4760 847 4831 taasotpnaanam
867 4761 957 4816 sedem
970 4763 1083 4818 sortitus
1108 4770 1157 4826 est,
1183 4777 1294 4833 operum
1308 4769 1333 4819 et
1360 4762 1483 4818 studium
1511 4763 1644 4835 impendit
1664 4765 1775 4836 optimis

67 4835 244 4909 disciptinis;
260 4851 297 4889 un
342 4841 369 4889 et
382 4833 484 4888 tibrum
497 4834 524 4888 ei
537 4848 618 4887 suum
631 4831 716 4896 dicat,
732 4839 759 4887 et
783 4840 977 4904 praeceptorem
994 4834 1084 4904 ipsum
1104 4833 1231 4905 appettot.
1256 4834 1333 4901 Eteri
1354 4841 1389 4903 tc,
1415 4836 1456 4890 ait
1479 4836 1509 4890 ia
1530 4836 1705 4908 praefatione,
1721 4836 1774 4891 Ar·

68 4907 191 4979 nuiphr,
207 4904 364 4975 patriarcha
379 4904 541 4960 doctissima
556 4904 716 4969 doctarum,
733 4903 779 4975 qui
803 4904 913 4973 pagiua
928 4920 998 4959 mcae
1013 4908 1154 4974 superflua
1179 4919 1298 4964 reseces.
1314 4905 1399 4960 rimas
1413 4904 1564 4976 impicas...
1581 4906 1691 4963 mollita
1702 4906 1774 4966 mihi

68 4981 116 5036 erit
135 4991 317 5051 quacunque
331 4975 384 5031 crit
399 4975 536 5031 correctio
550 4982 607 5035 tua.
619 4975 642 5029 si
661 4990 744 5047 qucar
762 4976 877 5030 sortitas
893 4990 955 5031 sura
981 4983 1181 5047 praeceptorem
1198 4991 1267 5046 paor
1284 4976 1428 5046 pirenem,
1454 4993 1531 5035 nunc
1552 4993 1662 5050 quoque
1677 4993 1774 5036 corre·

67 5061 176 5106 ctorem
192 5057 220 5105 ta
234 5048 421 5118 impetravero
437 5047 479 5102 rir
493 5061 602 5102 seuera.

100 5120 205 5191 Quales
220 5121 270 5174 sut
285 5119 338 5174 tati
349 5133 441 5190 praes
470 5133 525 5184 ore,
542 5124 568 5172 et
594 5123 708 5242 quantos
730 5118 760 5172 in
781 5117 881 5174 studiis
902 5133 1061 5190 propressus
1090 5115 1248 5187 hadulphus
1274 5119 1378 5188 fecerit,
1403 5119 1508 5191 judicet
1526 5134 1622 5193 aquus
1644 5120 1776 5179 teomreu

69 5193 157 5266 ipsius
168 5189 309 5248 scribendi
323 5189 420 5256 modo,·
454 5205 506 5245 unc
522 5203 582 5244 aero
610 5189 781 5243 itteraturam
822 5204 888 5245 aruo
912 5189 1057 5245 admodum
1083 5189 1226 5244 interculta
1245 5191 1374 5261 temporis
1402 5200 1558 5247 consecutus
1583 5200 1632 5249 est.
1648 5192 1778 5250 Nondum

66 5268 140 5321 ssim
150 5268 304 5319 excesserat
319 5257 654 5333 coopmannehaven
669 5259 784 5315 miiitiae
794 5206 969 5324 ‹Iisrirtinam
992 5268 1101 5316 vocatus
1125 5267 1172 5315 est.
1198 5260 1275 5316 Anno
1297 5268 1390 5316 autem
1417 5263 1528 5319 circiter
1554 5262 1623 5319 tior
1646 5280 1725 5321 auce
1738 5264 1778 5322 si·

66 5331 420 5478 watIss'tItpwmw
428 5333 558 5406 principe
571 5331 686 5387 meritus
702 5336 742 5386 est
755 5330 904 5406 stipendia,
920 5341 946 5389 et
960 5333 1070 5390 biennio
1081 5338 1142 5407 post
1156 5333 1186 5388 in
1205 5330 1377 5408 expeditione
1390 5332 1527 5393 Edessena
1544 5334 1591 5392 sut
1604 5335 1694 5408 sionis
1711 5336 1779 5397 Tan·

1581 5533 1621 5601 tc
