<?xml version="1.0" encoding="UTF-8"?>
<!DOCTYPE html PUBLIC "-//W3C//DTD XHTML 1.0 Transitional//EN"
    "http://www.w3.org/TR/xhtml1/DTD/xhtml1-transitional.dtd">
<html xmlns="http://www.w3.org/1999/xhtml" xml:lang="en" lang="en">
 <head>
  <title>
</title>
<meta http-equiv="Content-Type" content="text/html;charset=utf-8" />
  <meta name='ocr-system' content='tesseract 3.04.00' />
  <meta name='ocr-capabilities' content='ocr_page ocr_carea ocr_par ocr_line ocrx_word'/>
</head>
<body>
  <div class='ocr_page' id='page_1' title='image "./patrologiaecurs93unkngoog_0110.png"; bbox 0 0 3816 6006; ppageno 0'>
   <div class='ocr_carea' id='block_1_1' title="bbox 94 247 1816 458">
    <p class='ocr_par' dir='ltr' id='par_1_1' title="bbox 94 247 1816 458">
     <span class='ocr_line' id='line_1_1' title="bbox 95 247 1816 333; baseline 0.002 -25"><span class='ocrx_word' id='word_1_1' title='bbox 95 248 156 309; x_wconf 61' lang='grc' dir='ltr'>ΞΠ</span> <span class='ocrx_word' id='word_1_2' title='bbox 606 247 901 312; x_wconf 69' lang='lat' dir='ltr'>venusiense.</span> <span class='ocrx_word' id='word_1_3' title='bbox 917 250 1046 311; x_wconf 79' lang='lat' dir='ltr'>-tiu</span> <span class='ocrx_word' id='word_1_4' title='bbox 1069 249 1093 311; x_wconf 91' lang='lat'>1.</span> <span class='ocrx_word' id='word_1_5' title='bbox 1116 249 1288 313; x_wconf 76' lang='lat' dir='ltr'>Asinus</span> <span class='ocrx_word' id='word_1_6' title='bbox 1350 267 1353 273; x_wconf 83' lang='lat'>·</span> <span class='ocrx_word' id='word_1_7' title='bbox 1548 327 1554 333; x_wconf 19' lang='grc' dir='ltr'><strong>ῃ</strong></span> <span class='ocrx_word' id='word_1_8' title='bbox 1739 248 1816 313; x_wconf 68' lang='lat' dir='ltr'>sis·-</span> 
     </span>
     <span class='ocr_line' id='line_1_2' title="bbox 94 378 1800 458; baseline 0.003 -23"><span class='ocrx_word' id='word_1_9' title='bbox 94 378 145 448; x_wconf 84' lang='lat' dir='ltr'>lis,</span> <span class='ocrx_word' id='word_1_10' title='bbox 153 382 374 453; x_wconf 70' lang='lat' dir='ltr'>eumpeeptsc.</span> <span class='ocrx_word' id='word_1_11' title='bbox 382 380 709 455; x_wconf 68' lang='lat' dir='ltr'>novitatem-temperis,</span> <span class='ocrx_word' id='word_1_12' title='bbox 720 386 784 438; x_wconf 81' lang='lat' dir='ltr'>t‘uiii</span> <span class='ocrx_word' id='word_1_13' title='bbox 803 385 923 455; x_wconf 85' lang='lat' dir='ltr'>propter</span> <span class='ocrx_word' id='word_1_14' title='bbox 936 385 964 452; x_wconf 75' lang='lat' dir='ltr'>A</span> <span class='ocrx_word' id='word_1_15' title='bbox 978 399 1032 439; x_wconf 90' lang='lat' dir='ltr'>suo</span> <span class='ocrx_word' id='word_1_16' title='bbox 1047 382 1131 452; x_wconf 89' lang='lat' dir='ltr'>duce,</span> <span class='ocrx_word' id='word_1_17' title='bbox 1148 381 1282 455; x_wconf 76' lang='lat' dir='ltr'>presidio</span> <span class='ocrx_word' id='word_1_18' title='bbox 1301 381 1386 458; x_wconf 82' lang='lat' dir='ltr'>suge,</span> <span class='ocrx_word' id='word_1_19' title='bbox 1403 380 1489 440; x_wconf 88' lang='lat' dir='ltr'>metis</span> <span class='ocrx_word' id='word_1_20' title='bbox 1504 381 1606 439; x_wconf 90' lang='lat' dir='ltr'>mortis</span> <span class='ocrx_word' id='word_1_21' title='bbox 1628 393 1726 440; x_wconf 82' lang='lat' dir='ltr'>cerere</span> <span class='ocrx_word' id='word_1_22' title='bbox 1749 399 1800 457; x_wconf 92' lang='lat' dir='ltr'>po·</span> 
     </span>
    </p>
   </div>
   <div class='ocr_carea' id='block_1_2' title="bbox 91 469 1877 4198">
    <p class='ocr_par' dir='ltr' id='par_1_2' title="bbox 91 469 1853 1259">
     <span class='ocr_line' id='line_1_3' title="bbox 96 469 1800 544; baseline 0.002 -20"><span class='ocrx_word' id='word_1_23' title='bbox 96 469 322 524; x_wconf 83' lang='lat' dir='ltr'>memorandum</span> <span class='ocrx_word' id='word_1_24' title='bbox 333 469 511 527; x_wconf 85' lang='lat' dir='ltr'>miraculum</span> <span class='ocrx_word' id='word_1_25' title='bbox 522 473 600 544; x_wconf 91' lang='lat' dir='ltr'>quod</span> <span class='ocrx_word' id='word_1_26' title='bbox 613 471 687 527; x_wconf 88' lang='lat' dir='ltr'>inea</span> <span class='ocrx_word' id='word_1_27' title='bbox 699 471 925 544; x_wconf 85' lang='lat' dir='ltr'>patraredigna·</span> <span class='ocrx_word' id='word_1_28' title='bbox 977 471 1113 529; x_wconf 85' lang='lat' dir='ltr'>tuissent.</span> <span class='ocrx_word' id='word_1_29' title='bbox 1128 472 1209 529; x_wconf 90' lang='lat' dir='ltr'>Unde</span> <span class='ocrx_word' id='word_1_30' title='bbox 1225 472 1333 529; x_wconf 87' lang='lat' dir='ltr'>lactum</span> <span class='ocrx_word' id='word_1_31' title='bbox 1354 478 1400 529; x_wconf 92' lang='lat' dir='ltr'>est</span> <span class='ocrx_word' id='word_1_32' title='bbox 1427 474 1545 544; x_wconf 82' lang='lat' dir='ltr'>ut,Jam</span> <span class='ocrx_word' id='word_1_33' title='bbox 1574 489 1639 529; x_wconf 88' lang='lat' dir='ltr'>sero</span> <span class='ocrx_word' id='word_1_34' title='bbox 1669 471 1800 539; x_wconf 84' lang='lat' dir='ltr'>facto,in</span> 
     </span>
     <span class='ocr_line' id='line_1_4' title="bbox 95 557 1848 638; baseline 0.002 -25"><span class='ocrx_word' id='word_1_35' title='bbox 95 563 142 615; x_wconf 90' lang='lat' dir='ltr'>tus</span> <span class='ocrx_word' id='word_1_36' title='bbox 156 563 203 614; x_wconf 88' lang='lat' dir='ltr'>est</span> <span class='ocrx_word' id='word_1_37' title='bbox 224 557 368 615; x_wconf 85' lang='lat' dir='ltr'><strong>Dominus</strong></span> <span class='ocrx_word' id='word_1_38' title='bbox 387 559 495 616; x_wconf 83' lang='lat' dir='ltr'>Jbesus</span> <span class='ocrx_word' id='word_1_39' title='bbox 510 560 653 626; x_wconf 88' lang='lat' dir='ltr'>Christus,</span> <span class='ocrx_word' id='word_1_40' title='bbox 666 561 828 617; x_wconf 86' lang='lat' dir='ltr'>interventu</span> <span class='ocrx_word' id='word_1_41' title='bbox 845 562 924 634; x_wconf 86' lang='lat' dir='ltr'>ejus·</span> <span class='ocrx_word' id='word_1_42' title='bbox 978 566 1077 618; x_wconf 88' lang='lat' dir='ltr'>monte</span> <span class='ocrx_word' id='word_1_43' title='bbox 1092 563 1258 636; x_wconf 88' lang='lat' dir='ltr'>Leugarum</span> <span class='ocrx_word' id='word_1_44' title='bbox 1270 563 1447 631; x_wconf 82' lang='lat' dir='ltr'>devenirent,</span> <span class='ocrx_word' id='word_1_45' title='bbox 1461 561 1501 618; x_wconf 92' lang='lat' dir='ltr'>ibi</span> <span class='ocrx_word' id='word_1_46' title='bbox 1517 561 1716 619; x_wconf 86' lang='lat' dir='ltr'>castrametati</span> <span class='ocrx_word' id='word_1_47' title='bbox 1731 565 1802 638; x_wconf 86' lang='lat' dir='ltr'>sunt</span> <span class='ocrx_word' id='word_1_48' title='bbox 1845 624 1848 632; x_wconf 26' lang='grc'>1</span> 
     </span>
     <span class='ocr_line' id='line_1_5' title="bbox 96 647 1801 724; baseline 0.004 -22"><span class='ocrx_word' id='word_1_49' title='bbox 96 648 159 704; x_wconf 88' lang='lat' dir='ltr'>dem</span> <span class='ocrx_word' id='word_1_50' title='bbox 170 647 326 721; x_wconf 82' lang='lat' dir='ltr'>genitricis</span> <span class='ocrx_word' id='word_1_51' title='bbox 336 649 426 705; x_wconf 78' lang='lat' dir='ltr'>beate</span> <span class='ocrx_word' id='word_1_52' title='bbox 436 648 565 723; x_wconf 79' lang='lat' dir='ltr'>Virginis</span> <span class='ocrx_word' id='word_1_53' title='bbox 579 650 685 706; x_wconf 78' lang='lat' dir='ltr'>Maria.</span> <span class='ocrx_word' id='word_1_54' title='bbox 696 650 770 707; x_wconf 88' lang='lat' dir='ltr'>Nam</span> <span class='ocrx_word' id='word_1_55' title='bbox 782 657 925 708; x_wconf 87' lang='lat' dir='ltr'>transma·</span> <span class='ocrx_word' id='word_1_56' title='bbox 977 654 1067 722; x_wconf 90' lang='lat' dir='ltr'>atque</span> <span class='ocrx_word' id='word_1_57' title='bbox 1077 651 1112 707; x_wconf 88' lang='lat' dir='ltr'>de</span> <span class='ocrx_word' id='word_1_58' title='bbox 1123 650 1210 706; x_wconf 86' lang='lat' dir='ltr'>coriis</span> <span class='ocrx_word' id='word_1_59' title='bbox 1219 651 1393 707; x_wconf 85' lang='lat' dir='ltr'>animalium</span> <span class='ocrx_word' id='word_1_60' title='bbox 1405 651 1460 722; x_wconf 76' lang='lat'>(90)</span> <span class='ocrx_word' id='word_1_61' title='bbox 1471 668 1501 708; x_wconf 91' lang='lat' dir='ltr'>se</span> <span class='ocrx_word' id='word_1_62' title='bbox 1511 651 1642 724; x_wconf 89' lang='lat' dir='ltr'>undique</span> <span class='ocrx_word' id='word_1_63' title='bbox 1652 649 1801 709; x_wconf 88' lang='lat' dir='ltr'>muniunt.</span> 
     </span>
     <span class='ocr_line' id='line_1_6' title="bbox 94 735 1803 812; baseline 0.002 -21"><span class='ocrx_word' id='word_1_64' title='bbox 94 735 148 791; x_wconf 88' lang='lat' dir='ltr'>riiii</span> <span class='ocrx_word' id='word_1_65' title='bbox 165 736 288 810; x_wconf 85' lang='lat' dir='ltr'>pagani,</span> <span class='ocrx_word' id='word_1_66' title='bbox 300 736 408 810; x_wconf 93' lang='lat' dir='ltr'>quibus</span> <span class='ocrx_word' id='word_1_67' title='bbox 419 738 478 793; x_wconf 89' lang='lat' dir='ltr'>dux</span> <span class='ocrx_word' id='word_1_68' title='bbox 492 743 615 810; x_wconf 77' lang='lat' dir='ltr'>preerat</span> <span class='ocrx_word' id='word_1_69' title='bbox 627 738 718 807; x_wconf 83' lang='lat' dir='ltr'>Rollo,</span> <span class='ocrx_word' id='word_1_70' title='bbox 731 757 811 797; x_wconf 88' lang='lat' dir='ltr'>mare</span> <span class='ocrx_word' id='word_1_71' title='bbox 825 745 923 797; x_wconf 91' lang='lat' dir='ltr'>trans·</span> <span class='ocrx_word' id='word_1_72' title='bbox 978 738 1134 794; x_wconf 82' lang='lat' dir='ltr'>Christiani</span> <span class='ocrx_word' id='word_1_73' title='bbox 1148 755 1214 796; x_wconf 86' lang='lat' dir='ltr'>vere</span> <span class='ocrx_word' id='word_1_74' title='bbox 1225 757 1274 796; x_wconf 88' lang='lat' dir='ltr'>eos</span> <span class='ocrx_word' id='word_1_75' title='bbox 1289 740 1486 812; x_wconf 83' lang='lat' dir='ltr'>insequentes,</span> <span class='ocrx_word' id='word_1_76' title='bbox 1499 744 1627 796; x_wconf 89' lang='lat' dir='ltr'>mentem</span> <span class='ocrx_word' id='word_1_77' title='bbox 1638 738 1758 812; x_wconf 85' lang='lat' dir='ltr'>vallant,</span> <span class='ocrx_word' id='word_1_78' title='bbox 1770 744 1803 795; x_wconf 84' lang='lat' dir='ltr'>ut</span> 
     </span>
     <span class='ocr_line' id='line_1_7' title="bbox 95 826 1853 904; baseline 0.003 -24"><span class='ocrx_word' id='word_1_79' title='bbox 95 831 229 882; x_wconf 81' lang='lat' dir='ltr'>meantes</span> <span class='ocrx_word' id='word_1_80' title='bbox 254 827 285 880; x_wconf 92' lang='lat' dir='ltr'>iii</span> <span class='ocrx_word' id='word_1_81' title='bbox 308 826 451 883; x_wconf 78' lang='lat' dir='ltr'>Neustrias</span> <span class='ocrx_word' id='word_1_82' title='bbox 480 827 625 900; x_wconf 87' lang='lat' dir='ltr'>partibus,</span> <span class='ocrx_word' id='word_1_83' title='bbox 654 828 812 885; x_wconf 86' lang='lat' dir='ltr'>maximam</span> <span class='ocrx_word' id='word_1_84' title='bbox 841 834 923 886; x_wconf 80' lang='lat' dir='ltr'>terrei</span> <span class='ocrx_word' id='word_1_85' title='bbox 979 828 1110 900; x_wconf 82' lang='lat' dir='ltr'>proxima</span> <span class='ocrx_word' id='word_1_86' title='bbox 1134 829 1181 884; x_wconf 90' lang='lat' dir='ltr'>die</span> <span class='ocrx_word' id='word_1_87' title='bbox 1211 830 1356 901; x_wconf 80' lang='lat' dir='ltr'>fugientes</span> <span class='ocrx_word' id='word_1_88' title='bbox 1383 829 1564 904; x_wconf 86' lang='lat' dir='ltr'>aggrediant.</span> <span class='ocrx_word' id='word_1_89' title='bbox 1582 831 1673 897; x_wconf 88' lang='lat' dir='ltr'>Quem</span> <span class='ocrx_word' id='word_1_90' title='bbox 1685 828 1802 901; x_wconf 85' lang='lat' dir='ltr'>(9l)vi·</span> <span class='ocrx_word' id='word_1_91' title='bbox 1851 831 1853 840; x_wconf 81' lang='grc'>’</span> 
     </span>
     <span class='ocr_line' id='line_1_8' title="bbox 95 914 1802 992; baseline 0.004 -24"><span class='ocrx_word' id='word_1_92' title='bbox 95 919 209 988; x_wconf 86' lang='lat' dir='ltr'>partem</span> <span class='ocrx_word' id='word_1_93' title='bbox 229 914 339 971; x_wconf 79' lang='lat' dir='ltr'>virtuts</span> <span class='ocrx_word' id='word_1_94' title='bbox 360 916 428 972; x_wconf 88' lang='lat' dir='ltr'>belli</span> <span class='ocrx_word' id='word_1_95' title='bbox 457 917 638 985; x_wconf 79' lang='lat' dir='ltr'>invadentes,</span> <span class='ocrx_word' id='word_1_96' title='bbox 653 924 766 992; x_wconf 90' lang='lat' dir='ltr'>septem</span> <span class='ocrx_word' id='word_1_97' title='bbox 793 919 925 976; x_wconf 83' lang='lat' dir='ltr'>civitates</span> <span class='ocrx_word' id='word_1_98' title='bbox 978 916 1079 972; x_wconf 91' lang='lat' dir='ltr'>dentes</span> <span class='ocrx_word' id='word_1_99' title='bbox 1103 916 1209 991; x_wconf 89' lang='lat' dir='ltr'>pagani</span> <span class='ocrx_word' id='word_1_100' title='bbox 1225 919 1375 991; x_wconf 83' lang='lat' dir='ltr'>patevacti,</span> <span class='ocrx_word' id='word_1_101' title='bbox 1392 919 1600 976; x_wconf 80' lang='lat' dir='ltr'>machinantur</span> <span class='ocrx_word' id='word_1_102' title='bbox 1623 918 1802 990; x_wconf 89' lang='lat' dir='ltr'>quomodoa</span> 
     </span>
     <span class='ocr_line' id='line_1_9' title="bbox 91 1003 1803 1082; baseline 0.002 -24"><span class='ocrx_word' id='word_1_103' title='bbox 91 1004 151 1077; x_wconf 78' lang='lat' dir='ltr'>jem</span> <span class='ocrx_word' id='word_1_104' title='bbox 168 1003 363 1061; x_wconf 89' lang='lat' dir='ltr'>obtinuerant</span> <span class='ocrx_word' id='word_1_105' title='bbox 374 1021 381 1061; x_wconf 92' lang='lat'>:</span> <span class='ocrx_word' id='word_1_106' title='bbox 394 1022 411 1062; x_wconf 84' lang='lat' dir='ltr'>n</span> <span class='ocrx_word' id='word_1_107' title='bbox 426 1023 551 1079; x_wconf 87' lang='lat' dir='ltr'>quorum</span> <span class='ocrx_word' id='word_1_108' title='bbox 570 1008 712 1065; x_wconf 85' lang='lat' dir='ltr'>vocabulo</span> <span class='ocrx_word' id='word_1_109' title='bbox 730 1010 832 1065; x_wconf 89' lang='lat' dir='ltr'>eadem</span> <span class='ocrx_word' id='word_1_110' title='bbox 849 1013 926 1066; x_wconf 87' lang='lat' dir='ltr'>terra</span> <span class='ocrx_word' id='word_1_111' title='bbox 978 1005 1106 1077; x_wconf 88' lang='lat' dir='ltr'>periculo</span> <span class='ocrx_word' id='word_1_112' title='bbox 1122 1005 1225 1062; x_wconf 88' lang='lat' dir='ltr'>mortis</span> <span class='ocrx_word' id='word_1_113' title='bbox 1240 1024 1271 1063; x_wconf 88' lang='lat' dir='ltr'>se</span> <span class='ocrx_word' id='word_1_114' title='bbox 1285 1006 1396 1064; x_wconf 87' lang='lat' dir='ltr'>salvare</span> <span class='ocrx_word' id='word_1_115' title='bbox 1411 1012 1539 1082; x_wconf 86' lang='lat' dir='ltr'>possent.</span> <span class='ocrx_word' id='word_1_116' title='bbox 1551 1007 1707 1080; x_wconf 84' lang='lat' dir='ltr'>Elegerunt</span> <span class='ocrx_word' id='word_1_117' title='bbox 1719 1006 1803 1062; x_wconf 90' lang='lat' dir='ltr'>deni·</span> 
     </span>
     <span class='ocr_line' id='line_1_10' title="bbox 96 1090 1803 1171; baseline 0.003 -23"><span class='ocrx_word' id='word_1_118' title='bbox 96 1090 200 1148; x_wconf 83' lang='lat' dir='ltr'>sortita</span> <span class='ocrx_word' id='word_1_119' title='bbox 230 1097 276 1149; x_wconf 88' lang='lat' dir='ltr'>est</span> <span class='ocrx_word' id='word_1_120' title='bbox 304 1110 422 1150; x_wconf 89' lang='lat' dir='ltr'>nomon.</span> <span class='ocrx_word' id='word_1_121' title='bbox 440 1095 497 1168; x_wconf 89' lang='lat' dir='ltr'>Ipsi</span> <span class='ocrx_word' id='word_1_122' title='bbox 520 1096 598 1152; x_wconf 91' lang='lat' dir='ltr'>enim</span> <span class='ocrx_word' id='word_1_123' title='bbox 613 1114 630 1153; x_wconf 89' lang='lat' dir='ltr'>a</span> <span class='ocrx_word' id='word_1_124' title='bbox 646 1097 716 1153; x_wconf 86' lang='lat' dir='ltr'>llatu</span> <span class='ocrx_word' id='word_1_125' title='bbox 744 1097 840 1154; x_wconf 89' lang='lat' dir='ltr'>Norici</span> <span class='ocrx_word' id='word_1_126' title='bbox 857 1097 923 1171; x_wconf 85' lang='lat'>(89).</span> <span class='ocrx_word' id='word_1_127' title='bbox 979 1112 1036 1167; x_wconf 90' lang='lat' dir='ltr'>que</span> <span class='ocrx_word' id='word_1_128' title='bbox 1050 1099 1111 1150; x_wconf 90' lang='lat' dir='ltr'>tres</span> <span class='ocrx_word' id='word_1_129' title='bbox 1125 1095 1202 1151; x_wconf 90' lang='lat' dir='ltr'>viros</span> <span class='ocrx_word' id='word_1_130' title='bbox 1219 1095 1395 1153; x_wconf 77' lang='lat' dir='ltr'>fortissimos</span> <span class='ocrx_word' id='word_1_131' title='bbox 1417 1097 1467 1169; x_wconf 91' lang='lat' dir='ltr'>qui</span> <span class='ocrx_word' id='word_1_132' title='bbox 1491 1097 1615 1153; x_wconf 88' lang='lat' dir='ltr'>latenter</span> <span class='ocrx_word' id='word_1_133' title='bbox 1639 1096 1751 1153; x_wconf 84' lang='lat' dir='ltr'>exirent</span> <span class='ocrx_word' id='word_1_134' title='bbox 1766 1095 1803 1153; x_wconf 86' lang='lat' dir='ltr'>ds</span> 
     </span>
     <span class='ocr_line' id='line_1_11' title="bbox 96 1181 1801 1259; baseline 0.001 -22"><span class='ocrx_word' id='word_1_135' title='bbox 96 1181 260 1238; x_wconf 75' lang='lat' dir='ltr'>Normauui</span> <span class='ocrx_word' id='word_1_136' title='bbox 289 1188 453 1240; x_wconf 89' lang='lat' dir='ltr'>vocantur:</span> <span class='ocrx_word' id='word_1_137' title='bbox 474 1202 491 1241; x_wconf 89' lang='lat' dir='ltr'>a</span> <span class='ocrx_word' id='word_1_138' title='bbox 515 1202 572 1259; x_wconf 94' lang='lat' dir='ltr'>quo</span> <span class='ocrx_word' id='word_1_139' title='bbox 602 1186 721 1243; x_wconf 91' lang='lat' dir='ltr'>nomine</span> <span class='ocrx_word' id='word_1_140' title='bbox 746 1185 926 1244; x_wconf 86' lang='lat' dir='ltr'>Normannia</span> <span class='ocrx_word' id='word_1_141' title='bbox 979 1183 1094 1251; x_wconf 87' lang='lat' dir='ltr'>castris,</span> <span class='ocrx_word' id='word_1_142' title='bbox 1111 1182 1256 1257; x_wconf 86' lang='lat' dir='ltr'>longeque</span> <span class='ocrx_word' id='word_1_143' title='bbox 1280 1185 1402 1258; x_wconf 89' lang='lat' dir='ltr'>positia</span> <span class='ocrx_word' id='word_1_144' title='bbox 1423 1184 1528 1243; x_wconf 89' lang='lat' dir='ltr'>castris</span> <span class='ocrx_word' id='word_1_145' title='bbox 1551 1190 1689 1242; x_wconf 90' lang='lat' dir='ltr'>canerent</span> <span class='ocrx_word' id='word_1_146' title='bbox 1711 1183 1801 1240; x_wconf 86' lang='lat' dir='ltr'>tubis.</span> 
     </span>
    </p>

    <p class='ocr_par' dir='ltr' id='par_1_3' title="bbox 95 1271 1804 1617">
     <span class='ocr_line' id='line_1_12' title="bbox 95 1271 1802 1346; baseline 0.002 -21"><span class='ocrx_word' id='word_1_147' title='bbox 95 1271 253 1326; x_wconf 87' lang='lat' dir='ltr'>vocitatur.</span> <span class='ocrx_word' id='word_1_148' title='bbox 265 1271 352 1329; x_wconf 87' lang='lat' dir='ltr'>Visco</span> <span class='ocrx_word' id='word_1_149' title='bbox 362 1271 462 1346; x_wconf 84' lang='lat' dir='ltr'>itaque</span> <span class='ocrx_word' id='word_1_150' title='bbox 476 1273 640 1332; x_wconf 90' lang='lat' dir='ltr'>insaciabili</span> <span class='ocrx_word' id='word_1_151' title='bbox 651 1277 778 1333; x_wconf 81' lang='lat' dir='ltr'>avaritie</span> <span class='ocrx_word' id='word_1_152' title='bbox 794 1276 927 1333; x_wconf 81' lang='lat' dir='ltr'>laborari·</span> <span class='ocrx_word' id='word_1_153' title='bbox 980 1273 1033 1340; x_wconf 82' lang='lat' dir='ltr'>Qui</span> <span class='ocrx_word' id='word_1_154' title='bbox 1064 1290 1131 1328; x_wconf 91' lang='lat' dir='ltr'>cuni</span> <span class='ocrx_word' id='word_1_155' title='bbox 1161 1273 1292 1330; x_wconf 89' lang='lat' dir='ltr'>abissent</span> <span class='ocrx_word' id='word_1_156' title='bbox 1319 1279 1347 1330; x_wconf 92' lang='lat' dir='ltr'>et</span> <span class='ocrx_word' id='word_1_157' title='bbox 1375 1273 1455 1331; x_wconf 87' lang='lat' dir='ltr'>tubis</span> <span class='ocrx_word' id='word_1_158' title='bbox 1483 1278 1630 1341; x_wconf 88' lang='lat' dir='ltr'>canerent,</span> <span class='ocrx_word' id='word_1_159' title='bbox 1645 1271 1802 1330; x_wconf 87' lang='lat' dir='ltr'>Christiani</span> 
     </span>
     <span class='ocr_line' id='line_1_13' title="bbox 95 1360 1802 1440; baseline 0.002 -25"><span class='ocrx_word' id='word_1_160' title='bbox 95 1363 146 1427; x_wconf 89' lang='lat' dir='ltr'>tes,</span> <span class='ocrx_word' id='word_1_161' title='bbox 157 1375 215 1433; x_wconf 88' lang='lat' dir='ltr'>pei·</span> <span class='ocrx_word' id='word_1_162' title='bbox 229 1360 400 1434; x_wconf 78' lang='lat' dir='ltr'>Sequanam</span> <span class='ocrx_word' id='word_1_163' title='bbox 416 1363 537 1419; x_wconf 85' lang='lat' dir='ltr'>lliivinm</span> <span class='ocrx_word' id='word_1_164' title='bbox 553 1365 733 1440; x_wconf 89' lang='lat' dir='ltr'>navigantes,</span> <span class='ocrx_word' id='word_1_165' title='bbox 750 1365 927 1425; x_wconf 85' lang='lat' dir='ltr'>Parisiucam</span> <span class='ocrx_word' id='word_1_166' title='bbox 980 1362 1132 1420; x_wconf 87' lang='lat' dir='ltr'>audientes</span> <span class='ocrx_word' id='word_1_167' title='bbox 1146 1363 1229 1421; x_wconf 90' lang='lat' dir='ltr'>veriti</span> <span class='ocrx_word' id='word_1_168' title='bbox 1244 1367 1314 1421; x_wconf 91' lang='lat' dir='ltr'>sunt</span> <span class='ocrx_word' id='word_1_169' title='bbox 1333 1380 1369 1421; x_wconf 89' lang='lat' dir='ltr'>ne</span> <span class='ocrx_word' id='word_1_170' title='bbox 1388 1364 1495 1440; x_wconf 78' lang='lat' dir='ltr'>pagani</span> <span class='ocrx_word' id='word_1_171' title='bbox 1509 1363 1665 1438; x_wconf 80' lang='lat' dir='ltr'>complices</span> <span class='ocrx_word' id='word_1_172' title='bbox 1683 1362 1802 1420; x_wconf 89' lang='lat' dir='ltr'>illorum</span> 
     </span>
     <span class='ocr_line' id='line_1_14' title="bbox 96 1449 1804 1528; baseline 0.002 -22"><span class='ocrx_word' id='word_1_173' title='bbox 96 1449 199 1507; x_wconf 81' lang='lat' dir='ltr'>nibem</span> <span class='ocrx_word' id='word_1_174' title='bbox 226 1449 363 1507; x_wconf 81' lang='lat' dir='ltr'>obtinere</span> <span class='ocrx_word' id='word_1_175' title='bbox 381 1451 527 1509; x_wconf 86' lang='lat' dir='ltr'>ambiunt.</span> <span class='ocrx_word' id='word_1_176' title='bbox 540 1453 595 1520; x_wconf 83' lang='lat' dir='ltr'>Qiii</span> <span class='ocrx_word' id='word_1_177' title='bbox 610 1471 678 1510; x_wconf 89' lang='lat' dir='ltr'>cuin</span> <span class='ocrx_word' id='word_1_178' title='bbox 701 1455 825 1513; x_wconf 90' lang='lat' dir='ltr'>desidua</span> <span class='ocrx_word' id='word_1_179' title='bbox 848 1454 926 1511; x_wconf 90' lang='lat' dir='ltr'>obsi·</span> <span class='ocrx_word' id='word_1_180' title='bbox 979 1451 1164 1509; x_wconf 88' lang='lat' dir='ltr'>venirent-in</span> <span class='ocrx_word' id='word_1_181' title='bbox 1180 1453 1333 1511; x_wconf 81' lang='lat' dir='ltr'>auxilium.</span> <span class='ocrx_word' id='word_1_182' title='bbox 1351 1455 1433 1512; x_wconf 84' lang='lat' dir='ltr'>Tune</span> <span class='ocrx_word' id='word_1_183' title='bbox 1457 1469 1490 1511; x_wconf 79' lang='lat' dir='ltr'>se</span> <span class='ocrx_word' id='word_1_184' title='bbox 1513 1453 1689 1528; x_wconf 81' lang='lat' dir='ltr'>colligentes</span> <span class='ocrx_word' id='word_1_185' title='bbox 1698 1453 1728 1509; x_wconf 92' lang='lat' dir='ltr'>in</span> <span class='ocrx_word' id='word_1_186' title='bbox 1744 1469 1804 1510; x_wconf 88' lang='lat' dir='ltr'>una</span> 
     </span>
     <span class='ocr_line' id='line_1_15' title="bbox 97 1537 1802 1617; baseline 0.001 -21"><span class='ocrx_word' id='word_1_187' title='bbox 97 1537 180 1597; x_wconf 87' lang='lat' dir='ltr'>dione</span> <span class='ocrx_word' id='word_1_188' title='bbox 194 1542 229 1596; x_wconf 79' lang='lat' dir='ltr'>et</span> <span class='ocrx_word' id='word_1_189' title='bbox 241 1555 395 1597; x_wconf 88' lang='lat' dir='ltr'>armorum</span> <span class='ocrx_word' id='word_1_190' title='bbox 419 1541 603 1612; x_wconf 84' lang='lat' dir='ltr'>exercitione,</span> <span class='ocrx_word' id='word_1_191' title='bbox 619 1544 771 1601; x_wconf 84' lang='lat' dir='ltr'>incassum</span> <span class='ocrx_word' id='word_1_192' title='bbox 794 1543 927 1602; x_wconf 87' lang='lat' dir='ltr'>laborare</span> <span class='ocrx_word' id='word_1_193' title='bbox 981 1546 1072 1616; x_wconf 89' lang='lat' dir='ltr'>parte,</span> <span class='ocrx_word' id='word_1_194' title='bbox 1088 1543 1281 1615; x_wconf 88' lang='lat' dir='ltr'>expectabant</span> <span class='ocrx_word' id='word_1_195' title='bbox 1299 1549 1434 1601; x_wconf 87' lang='lat' dir='ltr'>eventum</span> <span class='ocrx_word' id='word_1_196' title='bbox 1454 1542 1506 1600; x_wconf 87' lang='lat' dir='ltr'>rei.</span> <span class='ocrx_word' id='word_1_197' title='bbox 1522 1541 1630 1617; x_wconf 85' lang='lat' dir='ltr'>Pagani</span> <span class='ocrx_word' id='word_1_198' title='bbox 1640 1541 1746 1599; x_wconf 63' lang='lat' dir='ltr'>&#39;numm</span> <span class='ocrx_word' id='word_1_199' title='bbox 1759 1542 1802 1598; x_wconf 90' lang='lat' dir='ltr'>vi-</span> 
     </span>
    </p>

    <p class='ocr_par' dir='ltr' id='par_1_4' title="bbox 98 1630 1806 1885">
     <span class='ocr_line' id='line_1_16' title="bbox 98 1630 1806 1707; baseline 0.002 -22"><span class='ocrx_word' id='word_1_200' title='bbox 98 1632 262 1694; x_wconf 66' lang='lat' dir='ltr'>occasiost,</span> <span class='ocrx_word' id='word_1_201' title='bbox 271 1645 375 1702; x_wconf 82' lang='lat' dir='ltr'>pieres</span> <span class='ocrx_word' id='word_1_202' title='bbox 392 1630 513 1688; x_wconf 78' lang='lat' dir='ltr'>navium</span> <span class='ocrx_word' id='word_1_203' title='bbox 532 1636 608 1689; x_wconf 84' lang='lat' dir='ltr'>retro</span> <span class='ocrx_word' id='word_1_204' title='bbox 626 1637 784 1703; x_wconf 88' lang='lat' dir='ltr'>vertentes,</span> <span class='ocrx_word' id='word_1_205' title='bbox 799 1632 927 1691; x_wconf 86' lang='lat' dir='ltr'>obsidio·</span> <span class='ocrx_word' id='word_1_206' title='bbox 981 1631 1082 1688; x_wconf 89' lang='lat' dir='ltr'>dentes</span> <span class='ocrx_word' id='word_1_207' title='bbox 1097 1631 1196 1690; x_wconf 90' lang='lat' dir='ltr'>locum</span> <span class='ocrx_word' id='word_1_208' title='bbox 1216 1632 1358 1707; x_wconf 78' lang='lat' dir='ltr'>fugiendi,</span> <span class='ocrx_word' id='word_1_209' title='bbox 1373 1631 1514 1705; x_wconf 87' lang='lat' dir='ltr'>paulatim</span> <span class='ocrx_word' id='word_1_210' title='bbox 1534 1630 1655 1688; x_wconf 86' lang='lat' dir='ltr'>silenter</span> <span class='ocrx_word' id='word_1_211' title='bbox 1667 1634 1773 1689; x_wconf 85' lang='lat' dir='ltr'>exeunt</span> <span class='ocrx_word' id='word_1_212' title='bbox 1787 1648 1806 1689; x_wconf 89' lang='lat' dir='ltr'>a</span> 
     </span>
     <span class='ocr_line' id='line_1_17' title="bbox 98 1716 1805 1795; baseline 0.001 -20"><span class='ocrx_word' id='word_1_213' title='bbox 98 1734 161 1775; x_wconf 86' lang='lat' dir='ltr'>nem</span> <span class='ocrx_word' id='word_1_214' title='bbox 177 1716 346 1790; x_wconf 87' lang='lat' dir='ltr'>liquerunt.</span> <span class='ocrx_word' id='word_1_215' title='bbox 363 1720 464 1792; x_wconf 86' lang='lat' dir='ltr'>ltaque</span> <span class='ocrx_word' id='word_1_216' title='bbox 489 1721 581 1778; x_wconf 86' lang='lat' dir='ltr'>animi</span> <span class='ocrx_word' id='word_1_217' title='bbox 609 1721 655 1778; x_wconf 90' lang='lat' dir='ltr'>sui</span> <span class='ocrx_word' id='word_1_218' title='bbox 685 1723 927 1779; x_wconf 86' lang='lat' dir='ltr'>ambitionem-ad</span> <span class='ocrx_word' id='word_1_219' title='bbox 981 1720 1097 1791; x_wconf 88' lang='lat' dir='ltr'>castris,</span> <span class='ocrx_word' id='word_1_220' title='bbox 1109 1721 1319 1794; x_wconf 86' lang='lat' dir='ltr'>impedimenta</span> <span class='ocrx_word' id='word_1_221' title='bbox 1337 1721 1436 1778; x_wconf 86' lang='lat' dir='ltr'>omnia</span> <span class='ocrx_word' id='word_1_222' title='bbox 1450 1720 1698 1795; x_wconf 90' lang='lat' dir='ltr'>derelinquentes;</span> <span class='ocrx_word' id='word_1_223' title='bbox 1712 1719 1805 1778; x_wconf 86' lang='lat' dir='ltr'>veloci</span> 
     </span>
     <span class='ocr_line' id='line_1_18' title="bbox 98 1806 1803 1885; baseline 0.001 -21"><span class='ocrx_word' id='word_1_224' title='bbox 98 1807 202 1864; x_wconf 84' lang='lat' dir='ltr'>urbem</span> <span class='ocrx_word' id='word_1_225' title='bbox 217 1806 431 1865; x_wconf 82' lang='lat' dir='ltr'>Camotsnsem</span> <span class='ocrx_word' id='word_1_226' title='bbox 446 1813 506 1866; x_wconf 86' lang='lat' dir='ltr'>toto</span> <span class='ocrx_word' id='word_1_227' title='bbox 522 1809 589 1866; x_wconf 90' lang='lat' dir='ltr'>nisu</span> <span class='ocrx_word' id='word_1_228' title='bbox 603 1815 762 1869; x_wconf 90' lang='lat' dir='ltr'>verterant.</span> <span class='ocrx_word' id='word_1_229' title='bbox 778 1813 821 1869; x_wconf 84' lang='lat' dir='ltr'>Ad</span> <span class='ocrx_word' id='word_1_230' title='bbox 836 1829 926 1885; x_wconf 89' lang='lat' dir='ltr'>quain</span> <span class='ocrx_word' id='word_1_231' title='bbox 981 1825 1071 1865; x_wconf 88' lang='lat' dir='ltr'>cursu</span> <span class='ocrx_word' id='word_1_232' title='bbox 1085 1810 1122 1866; x_wconf 89' lang='lat' dir='ltr'>ad</span> <span class='ocrx_word' id='word_1_233' title='bbox 1139 1827 1208 1867; x_wconf 91' lang='lat' dir='ltr'>suas</span> <span class='ocrx_word' id='word_1_234' title='bbox 1231 1827 1319 1868; x_wconf 87' lang='lat' dir='ltr'>naves</span> <span class='ocrx_word' id='word_1_235' title='bbox 1338 1812 1472 1877; x_wconf 90' lang='lat' dir='ltr'>redeunt,</span> <span class='ocrx_word' id='word_1_236' title='bbox 1483 1810 1610 1884; x_wconf 87' lang='lat' dir='ltr'>indeque</span> <span class='ocrx_word' id='word_1_237' title='bbox 1623 1811 1660 1867; x_wconf 90' lang='lat' dir='ltr'>ad</span> <span class='ocrx_word' id='word_1_238' title='bbox 1675 1809 1803 1884; x_wconf 83' lang='lat' dir='ltr'>propria.</span> 
     </span>
    </p>

    <p class='ocr_par' dir='ltr' id='par_1_5' title="bbox 98 1895 1821 2150">
     <span class='ocr_line' id='line_1_19' title="bbox 99 1895 1821 1987; baseline 0 -35"><span class='ocrx_word' id='word_1_239' title='bbox 99 1895 336 1971; x_wconf 74' lang='lat' dir='ltr'>persequentem</span> <span class='ocrx_word' id='word_1_240' title='bbox 360 1898 456 1955; x_wconf 69' lang='lat' dir='ltr'>remis⁴</span> <span class='ocrx_word' id='word_1_241' title='bbox 477 1904 638 1970; x_wconf 86' lang='lat' dir='ltr'>currentes,</span> <span class='ocrx_word' id='word_1_242' title='bbox 658 1901 688 1956; x_wconf 91' lang='lat' dir='ltr'>in</span> <span class='ocrx_word' id='word_1_243' title='bbox 708 1901 820 1958; x_wconf 88' lang='lat' dir='ltr'>Giviildi</span> <span class='ocrx_word' id='word_1_244' title='bbox 850 1903 928 1957; x_wconf 82' lang='lat' dir='ltr'>sessa</span> <span class='ocrx_word' id='word_1_245' title='bbox 982 1897 1183 1972; x_wconf 87' lang='lat' dir='ltr'>Memorespue</span> <span class='ocrx_word' id='word_1_246' title='bbox 1212 1917 1271 1956; x_wconf 80' lang='lat' dir='ltr'>sue</span> <span class='ocrx_word' id='word_1_247' title='bbox 1299 1899 1481 1956; x_wconf 84' lang='lat' dir='ltr'>confusionis</span> <span class='ocrx_word' id='word_1_248' title='bbox 1509 1904 1608 1973; x_wconf 87' lang='lat' dir='ltr'>atque-</span> <span class='ocrx_word' id='word_1_249' title='bbox 1627 1897 1821 1987; x_wconf 58' lang='lat' dir='ltr'>detrimenti,⁸</span> 
     </span>
     <span class='ocr_line' id='line_1_20' title="bbox 98 1983 1807 2064; baseline 0.004 -25"><span class='ocrx_word' id='word_1_250' title='bbox 98 1983 299 2058; x_wconf 71' lang='lat' dir='ltr'>aplicuerunt.</span> <span class='ocrx_word' id='word_1_251' title='bbox 316 1985 359 2042; x_wconf 91' lang='lat' dir='ltr'>lbi</span> <span class='ocrx_word' id='word_1_252' title='bbox 378 1987 506 2060; x_wconf 88' lang='lat' dir='ltr'>deniquo</span> <span class='ocrx_word' id='word_1_253' title='bbox 525 1990 650 2046; x_wconf 88' lang='lat' dir='ltr'>navibus</span> <span class='ocrx_word' id='word_1_254' title='bbox 669 1990 788 2056; x_wconf 89' lang='lat' dir='ltr'>relictis,</span> <span class='ocrx_word' id='word_1_255' title='bbox 809 1989 928 2064; x_wconf 77' lang='lat' dir='ltr'>prepeti</span> <span class='ocrx_word' id='word_1_256' title='bbox 982 2002 1169 2060; x_wconf 89' lang='lat' dir='ltr'>nequaquem</span> <span class='ocrx_word' id='word_1_257' title='bbox 1183 1988 1261 2045; x_wconf 89' lang='lat' dir='ltr'>ultra</span> <span class='ocrx_word' id='word_1_258' title='bbox 1271 1989 1449 2046; x_wconf 85' lang='lat' dir='ltr'>addiderunt</span> <span class='ocrx_word' id='word_1_259' title='bbox 1461 1988 1564 2046; x_wconf 77' lang='lat' dir='ltr'>reiecti</span> <span class='ocrx_word' id='word_1_260' title='bbox 1575 1988 1611 2045; x_wconf 97' lang='lat' dir='ltr'>ad</span> <span class='ocrx_word' id='word_1_261' title='bbox 1624 1988 1730 2045; x_wconf 89' lang='lat' dir='ltr'>urbem</span> <span class='ocrx_word' id='word_1_262' title='bbox 1741 1987 1807 2046; x_wconf 63' lang='lat' dir='ltr'>(liiis</span> 
     </span>
     <span class='ocr_line' id='line_1_21' title="bbox 98 2074 1146 2150; baseline 0.004 -21"><span class='ocrx_word' id='word_1_263' title='bbox 98 2089 196 2142; x_wconf 87' lang='lat' dir='ltr'>cursu,</span> <span class='ocrx_word' id='word_1_264' title='bbox 209 2074 248 2130; x_wconf 85' lang='lat' dir='ltr'>ad</span> <span class='ocrx_word' id='word_1_265' title='bbox 263 2076 370 2131; x_wconf 66' lang='lat' dir='ltr'>‚urbem</span> <span class='ocrx_word' id='word_1_266' title='bbox 385 2076 516 2147; x_wconf 88' lang='lat' dir='ltr'>veniunt,</span> <span class='ocrx_word' id='word_1_267' title='bbox 526 2094 652 2150; x_wconf 84' lang='lat' dir='ltr'>eamque</span> <span class='ocrx_word' id='word_1_268' title='bbox 664 2079 695 2135; x_wconf 92' lang='lat' dir='ltr'>in</span> <span class='ocrx_word' id='word_1_269' title='bbox 709 2079 834 2135; x_wconf 89' lang='lat' dir='ltr'>circuitu</span> <span class='ocrx_word' id='word_1_270' title='bbox 847 2078 928 2135; x_wconf 86' lang='lat' dir='ltr'>obsi·</span> <span class='ocrx_word' id='word_1_271' title='bbox 982 2079 1146 2133; x_wconf 87' lang='lat' dir='ltr'>notensem.</span> 
     </span>
    </p>

    <p class='ocr_par' dir='ltr' id='par_1_6' title="bbox 99 2160 1877 2776">
     <span class='ocr_line' id='line_1_22' title="bbox 99 2160 1813 2241; baseline 0.009 -24"><span class='ocrx_word' id='word_1_272' title='bbox 99 2161 182 2218; x_wconf 85' lang='lat' dir='ltr'>dione</span> <span class='ocrx_word' id='word_1_273' title='bbox 193 2160 319 2219; x_wconf 78' lang='lat' dir='ltr'>vallant.</span> <span class='ocrx_word' id='word_1_274' title='bbox 331 2164 587 2223; x_wconf 77' lang='lat' dir='ltr'>verumenimvero</span> <span class='ocrx_word' id='word_1_275' title='bbox 598 2167 737 2240; x_wconf 80' lang='lat' dir='ltr'>prelatus</span> <span class='ocrx_word' id='word_1_276' title='bbox 747 2167 854 2241; x_wconf 84' lang='lat' dir='ltr'>priesul</span> <span class='ocrx_word' id='word_1_277' title='bbox 864 2184 931 2224; x_wconf 88' lang='lat' dir='ltr'>ven·</span> <span class='ocrx_word' id='word_1_278' title='bbox 1019 2163 1070 2220; x_wconf 89' lang='lat' dir='ltr'>His</span> <span class='ocrx_word' id='word_1_279' title='bbox 1084 2165 1127 2221; x_wconf 89' lang='lat' dir='ltr'>ite</span> <span class='ocrx_word' id='word_1_280' title='bbox 1138 2165 1268 2233; x_wconf 82' lang='lat' dir='ltr'>omissis,</span> <span class='ocrx_word' id='word_1_281' title='bbox 1277 2167 1313 2222; x_wconf 68' lang='lat' dir='ltr'>td</span> <span class='ocrx_word' id='word_1_282' title='bbox 1329 2167 1429 2223; x_wconf 75' lang='lat' dir='ltr'>domni</span> <span class='ocrx_word' id='word_1_283' title='bbox 1442 2165 1534 2241; x_wconf 56' lang='lat' dir='ltr'>egani</span> <span class='ocrx_word' id='word_1_284' title='bbox 1549 2165 1683 2240; x_wconf 58' lang='lat' dir='ltr'>presulis</span> <span class='ocrx_word' id='word_1_285' title='bbox 1696 2164 1813 2240; x_wconf 59' lang='lat' dir='ltr'>Scribit</span> 
     </span>
     <span class='ocr_line' id='line_1_23' title="bbox 99 2251 1812 2329; baseline 0.003 -23"><span class='ocrx_word' id='word_1_286' title='bbox 99 2255 195 2307; x_wconf 81' lang='lat' dir='ltr'>teiam</span> <span class='ocrx_word' id='word_1_287' title='bbox 205 2251 505 2311; x_wconf 86' lang='lat' dir='ltr'>obsidionemdivino</span> <span class='ocrx_word' id='word_1_288' title='bbox 519 2253 611 2311; x_wconf 85' lang='lat' dir='ltr'>relatu</span> <span class='ocrx_word' id='word_1_289' title='bbox 627 2272 822 2329; x_wconf 79' lang='lat' dir='ltr'>prenoscens,</span> <span class='ocrx_word' id='word_1_290' title='bbox 835 2256 930 2312; x_wconf 84' lang='lat' dir='ltr'>Picta·</span> <span class='ocrx_word' id='word_1_291' title='bbox 983 2258 1114 2310; x_wconf 89' lang='lat' dir='ltr'>vertatur</span> <span class='ocrx_word' id='word_1_292' title='bbox 1142 2255 1278 2327; x_wconf 88' lang='lat' dir='ltr'>pennula,</span> <span class='ocrx_word' id='word_1_293' title='bbox 1296 2256 1346 2329; x_wconf 92' lang='lat' dir='ltr'>qui</span> <span class='ocrx_word' id='word_1_294' title='bbox 1375 2257 1471 2312; x_wconf 87' lang='lat' dir='ltr'>locum</span> <span class='ocrx_word' id='word_1_295' title='bbox 1485 2273 1514 2313; x_wconf 41' lang='lat' dir='ltr'>&#39;a</span> <span class='ocrx_word' id='word_1_296' title='bbox 1538 2255 1662 2329; x_wconf 85' lang='lat' dir='ltr'>paganis</span> <span class='ocrx_word' id='word_1_297' title='bbox 1689 2256 1812 2313; x_wconf 50' lang='lat' dir='ltr'>destris-⁴</span> 
     </span>
     <span class='ocr_line' id='line_1_24' title="bbox 99 2339 1807 2416; baseline 0.003 -21"><span class='ocrx_word' id='word_1_298' title='bbox 99 2355 219 2397; x_wconf 84' lang='lat' dir='ltr'>iansem</span> <span class='ocrx_word' id='word_1_299' title='bbox 235 2339 375 2398; x_wconf 87' lang='lat' dir='ltr'>comitem</span> <span class='ocrx_word' id='word_1_300' title='bbox 398 2342 497 2399; x_wconf 85' lang='lat' dir='ltr'>venire</span> <span class='ocrx_word' id='word_1_301' title='bbox 511 2343 566 2400; x_wconf 91' lang='lat' dir='ltr'>sibi</span> <span class='ocrx_word' id='word_1_302' title='bbox 593 2343 624 2401; x_wconf 91' lang='lat' dir='ltr'>in</span> <span class='ocrx_word' id='word_1_303' title='bbox 639 2344 782 2401; x_wconf 85' lang='lat' dir='ltr'>auxilium</span> <span class='ocrx_word' id='word_1_304' title='bbox 798 2345 928 2413; x_wconf 85' lang='lat' dir='ltr'>mandat,</span> <span class='ocrx_word' id='word_1_305' title='bbox 984 2348 1075 2411; x_wconf 91' lang='lat' dir='ltr'>ctum,</span> <span class='ocrx_word' id='word_1_306' title='bbox 1095 2343 1193 2399; x_wconf 85' lang='lat' dir='ltr'>divine</span> <span class='ocrx_word' id='word_1_307' title='bbox 1222 2343 1384 2416; x_wconf 79' lang='lat' dir='ltr'>opitulante</span> <span class='ocrx_word' id='word_1_308' title='bbox 1407 2345 1516 2411; x_wconf 85' lang='lat' dir='ltr'>Gratis,</span> <span class='ocrx_word' id='word_1_309' title='bbox 1532 2345 1669 2401; x_wconf 86' lang='lat' dir='ltr'>decenter</span> <span class='ocrx_word' id='word_1_310' title='bbox 1693 2347 1807 2401; x_wconf 82' lang='lat' dir='ltr'>resten-</span> 
     </span>
     <span class='ocr_line' id='line_1_25' title="bbox 102 2428 1812 2506; baseline 0.004 -23"><span class='ocrx_word' id='word_1_311' title='bbox 102 2428 465 2503; x_wconf 79' lang='lat' dir='ltr'>ducemquessurgundie</span> <span class='ocrx_word' id='word_1_312' title='bbox 493 2436 580 2505; x_wconf 89' lang='lat' dir='ltr'>etque</span> <span class='ocrx_word' id='word_1_313' title='bbox 607 2433 682 2489; x_wconf 90' lang='lat' dir='ltr'>dues</span> <span class='ocrx_word' id='word_1_314' title='bbox 710 2433 931 2506; x_wconf 86' lang='lat' dir='ltr'>potentissimos</span> <span class='ocrx_word' id='word_1_315' title='bbox 985 2448 1064 2500; x_wconf 89' lang='lat' dir='ltr'>rans,</span> <span class='ocrx_word' id='word_1_316' title='bbox 1090 2431 1265 2488; x_wconf 82' lang='lat' dir='ltr'>clerinomiae</span> <span class='ocrx_word' id='word_1_317' title='bbox 1295 2433 1400 2491; x_wconf 89' lang='lat' dir='ltr'>seriem</span> <span class='ocrx_word' id='word_1_318' title='bbox 1429 2432 1502 2490; x_wconf 90' lang='lat' dir='ltr'>inibi</span> <span class='ocrx_word' id='word_1_319' title='bbox 1532 2431 1812 2490; x_wconf 74' lang='lat' dir='ltr'>Deoinilitaturam&#39;</span> 
     </span>
     <span class='ocr_line' id='line_1_26' title="bbox 103 2517 1807 2596; baseline 0.004 -23"><span class='ocrx_word' id='word_1_320' title='bbox 103 2517 231 2576; x_wconf 70' lang='lat' dir='ltr'>innuis</span> <span class='ocrx_word' id='word_1_321' title='bbox 246 2517 382 2590; x_wconf 90' lang='lat' dir='ltr'>comites,</span> <span class='ocrx_word' id='word_1_322' title='bbox 390 2519 506 2593; x_wconf 88' lang='lat' dir='ltr'>qui,die</span> <span class='ocrx_word' id='word_1_323' title='bbox 519 2522 681 2579; x_wconf 88' lang='lat' dir='ltr'>constituto</span> <span class='ocrx_word' id='word_1_324' title='bbox 691 2539 709 2579; x_wconf 88' lang='lat' dir='ltr'>a</span> <span class='ocrx_word' id='word_1_325' title='bbox 719 2520 852 2595; x_wconf 80' lang='lat' dir='ltr'>presule,</span> <span class='ocrx_word' id='word_1_326' title='bbox 866 2521 934 2594; x_wconf 89' lang='lat' dir='ltr'>pari</span> <span class='ocrx_word' id='word_1_327' title='bbox 985 2521 1163 2594; x_wconf 81' lang='lat' dir='ltr'>subrogavit,</span> <span class='ocrx_word' id='word_1_328' title='bbox 1181 2523 1308 2594; x_wconf 87' lang='lat' dir='ltr'>quadani</span> <span class='ocrx_word' id='word_1_329' title='bbox 1334 2522 1520 2596; x_wconf 89' lang='lat' dir='ltr'>portiuncula</span> <span class='ocrx_word' id='word_1_330' title='bbox 1536 2539 1635 2579; x_wconf 86' lang='lat' dir='ltr'>rernm</span> <span class='ocrx_word' id='word_1_331' title='bbox 1647 2521 1724 2578; x_wconf 53' lang='lat' dir='ltr'>*olim</span> <span class='ocrx_word' id='word_1_332' title='bbox 1744 2521 1807 2579; x_wconf 92' lang='lat' dir='ltr'>loeo</span> 
     </span>
     <span class='ocr_line' id='line_1_27' title="bbox 101 2607 1877 2688; baseline 0.003 -26"><span class='ocrx_word' id='word_1_333' title='bbox 101 2611 252 2664; x_wconf 70' lang='lat' dir='ltr'>tetecum</span> <span class='ocrx_word' id='word_1_334' title='bbox 267 2607 535 2667; x_wconf 82' lang='lat' dir='ltr'>exercitumaxime</span> <span class='ocrx_word' id='word_1_335' title='bbox 547 2610 653 2684; x_wconf 88' lang='lat' dir='ltr'>parati,</span> <span class='ocrx_word' id='word_1_336' title='bbox 663 2610 829 2668; x_wconf 83' lang='lat' dir='ltr'>Christiano</span> <span class='ocrx_word' id='word_1_337' title='bbox 841 2628 935 2684; x_wconf 74' lang='lat' dir='ltr'>popu·</span> <span class='ocrx_word' id='word_1_338' title='bbox 985 2609 1193 2683; x_wconf 85' lang='lat' dir='ltr'>pertinentium</span> <span class='ocrx_word' id='word_1_339' title='bbox 1207 2611 1349 2686; x_wconf 70' lang='lat' dir='ltr'>delegata,</span> <span class='ocrx_word' id='word_1_340' title='bbox 1367 2630 1431 2686; x_wconf 79' lang='lat' dir='ltr'>que</span> <span class='ocrx_word' id='word_1_341' title='bbox 1451 2629 1606 2688; x_wconf 89' lang='lat' dir='ltr'>corporum</span> <span class='ocrx_word' id='word_1_342' title='bbox 1625 2610 1807 2669; x_wconf 82' lang='lat' dir='ltr'>necessitati·</span> <span class='ocrx_word' id='word_1_343' title='bbox 1872 2658 1877 2668; x_wconf 84' lang='grc'><em>,</em></span> 
     </span>
     <span class='ocr_line' id='line_1_28' title="bbox 101 2693 1809 2776; baseline 0.005 -27"><span class='ocrx_word' id='word_1_344' title='bbox 101 2693 289 2754; x_wconf 73' lang='grc' dir='ltr'>Ια,αιιιίὶίιιω</span> <span class='ocrx_word' id='word_1_345' title='bbox 302 2697 385 2776; x_wconf 67' lang='lat' dir='ltr'>v‚terre</span> <span class='ocrx_word' id='word_1_346' title='bbox 409 2698 524 2755; x_wconf 80' lang='lat' dir='ltr'>adsunt.</span> <span class='ocrx_word' id='word_1_347' title='bbox 545 2702 675 2772; x_wconf 85' lang='lat' dir='ltr'>Cumque</span> <span class='ocrx_word' id='word_1_348' title='bbox 693 2699 800 2773; x_wconf 84' lang='lat' dir='ltr'>pagani</span> <span class='ocrx_word' id='word_1_349' title='bbox 819 2698 933 2755; x_wconf 89' lang='lat' dir='ltr'>viribus</span> <span class='ocrx_word' id='word_1_350' title='bbox 984 2699 1040 2756; x_wconf 89' lang='lat' dir='ltr'>bus</span> <span class='ocrx_word' id='word_1_351' title='bbox 1055 2699 1261 2773; x_wconf 87' lang='lat' dir='ltr'>supplementa</span> <span class='ocrx_word' id='word_1_352' title='bbox 1275 2706 1453 2776; x_wconf 81' lang='lat' dir='ltr'>suggereret,</span> <span class='ocrx_word' id='word_1_353' title='bbox 1466 2707 1556 2776; x_wconf 91' lang='lat' dir='ltr'>atque</span> <span class='ocrx_word' id='word_1_354' title='bbox 1570 2699 1672 2776; x_wconf 91' lang='lat' dir='ltr'>procul</span> <span class='ocrx_word' id='word_1_355' title='bbox 1687 2698 1809 2776; x_wconf 83' lang='lat' dir='ltr'>expulsa</span> 
     </span>
    </p>

    <p class='ocr_par' dir='ltr' id='par_1_7' title="bbox 103 2785 1808 2860">
     <span class='ocr_line' id='line_1_29' title="bbox 103 2785 1808 2860; baseline 0.005 -21"><span class='ocrx_word' id='word_1_356' title='bbox 103 2788 129 2840; x_wconf 89' lang='lat' dir='ltr'>et</span> <span class='ocrx_word' id='word_1_357' title='bbox 141 2785 238 2842; x_wconf 88' lang='lat' dir='ltr'>armis</span> <span class='ocrx_word' id='word_1_358' title='bbox 253 2786 436 2844; x_wconf 83' lang='lat' dir='ltr'>confidentes</span> <span class='ocrx_word' id='word_1_359' title='bbox 451 2789 611 2846; x_wconf 91' lang='lat' dir='ltr'>admodum</span> <span class='ocrx_word' id='word_1_360' title='bbox 626 2788 807 2857; x_wconf 87' lang='lat' dir='ltr'>insisterent,</span> <span class='ocrx_word' id='word_1_361' title='bbox 818 2789 930 2846; x_wconf 83' lang='lat' dir='ltr'>etcivi·</span> <span class='ocrx_word' id='word_1_362' title='bbox 984 2803 1083 2843; x_wconf 86' lang='lat' dir='ltr'>rerum</span> <span class='ocrx_word' id='word_1_363' title='bbox 1098 2792 1263 2845; x_wconf 84' lang='lat' dir='ltr'>exterorum</span> <span class='ocrx_word' id='word_1_364' title='bbox 1278 2789 1487 2860; x_wconf 76' lang='lat' dir='ltr'>sollieitudine,</span> <span class='ocrx_word' id='word_1_365' title='bbox 1495 2790 1591 2848; x_wconf 88' lang='lat' dir='ltr'>clerus</span> <span class='ocrx_word' id='word_1_366' title='bbox 1609 2791 1702 2848; x_wconf 89' lang='lat' dir='ltr'>libera</span> <span class='ocrx_word' id='word_1_367' title='bbox 1715 2789 1808 2847; x_wconf 90' lang='lat' dir='ltr'>medi·</span> 
     </span>
    </p>

    <p class='ocr_par' dir='ltr' id='par_1_8' title="bbox 102 2875 1808 2956">
     <span class='ocr_line' id='line_1_30' title="bbox 102 2875 1808 2956; baseline 0.004 -27"><span class='ocrx_word' id='word_1_368' title='bbox 102 2877 189 2930; x_wconf 79' lang='lat' dir='ltr'>utem</span> <span class='ocrx_word' id='word_1_369' title='bbox 199 2890 309 2947; x_wconf 83' lang='lat' dir='ltr'>capere</span> <span class='ocrx_word' id='word_1_370' title='bbox 320 2875 657 2951; x_wconf 68' lang='lat' dir='ltr'>festinarentpentilex,</span> <span class='ocrx_word' id='word_1_371' title='bbox 668 2879 715 2935; x_wconf 91' lang='lat' dir='ltr'>die</span> <span class='ocrx_word' id='word_1_372' title='bbox 730 2895 789 2952; x_wconf 84' lang='lat' dir='ltr'>qus</span> <span class='ocrx_word' id='word_1_373' title='bbox 812 2884 931 2936; x_wconf 89' lang='lat' dir='ltr'>noverat</span> <span class='ocrx_word' id='word_1_374' title='bbox 984 2875 1094 2934; x_wconf 83' lang='lat' dir='ltr'>tutione</span> <span class='ocrx_word' id='word_1_375' title='bbox 1114 2876 1221 2933; x_wconf 88' lang='lat' dir='ltr'>divinis</span> <span class='ocrx_word' id='word_1_376' title='bbox 1240 2877 1389 2936; x_wconf 85' lang='lat' dir='ltr'>insisteret</span> <span class='ocrx_word' id='word_1_377' title='bbox 1415 2879 1563 2937; x_wconf 85' lang='lat' dir='ltr'>leudibus.</span> <span class='ocrx_word' id='word_1_378' title='bbox 1580 2879 1671 2937; x_wconf 77' lang='lat' dir='ltr'>Unde¹</span> <span class='ocrx_word' id='word_1_379' title='bbox 1684 2878 1808 2956; x_wconf 80' lang='lat' dir='ltr'>(lignum</span> 
     </span>
    </p>

    <p class='ocr_par' dir='ltr' id='par_1_9' title="bbox 102 2963 1808 3041">
     <span class='ocr_line' id='line_1_31' title="bbox 102 2963 1808 3041; baseline 0.003 -22"><span class='ocrx_word' id='word_1_380' title='bbox 102 2963 441 3036; x_wconf 75' lang='lat' dir='ltr'>supradictoscomites</span> <span class='ocrx_word' id='word_1_381' title='bbox 456 2966 512 3024; x_wconf 89' lang='lat' dir='ltr'>sibi</span> <span class='ocrx_word' id='word_1_382' title='bbox 524 2967 623 3024; x_wconf 88' lang='lat' dir='ltr'>venire</span> <span class='ocrx_word' id='word_1_383' title='bbox 637 2968 667 3024; x_wconf 93' lang='lat' dir='ltr'>in</span> <span class='ocrx_word' id='word_1_384' title='bbox 684 2967 836 3038; x_wconf 85' lang='lat' dir='ltr'>auxilium,</span> <span class='ocrx_word' id='word_1_385' title='bbox 847 2966 932 3024; x_wconf 84' lang='lat' dir='ltr'>veldc</span> <span class='ocrx_word' id='word_1_386' title='bbox 984 2965 1053 3021; x_wconf 81' lang='lat' dir='ltr'>duxi</span> <span class='ocrx_word' id='word_1_387' title='bbox 1067 2966 1103 3022; x_wconf 86' lang='lat' dir='ltr'>ad</span> <span class='ocrx_word' id='word_1_388' title='bbox 1120 2966 1209 3022; x_wconf 88' lang='lat' dir='ltr'>llnem</span> <span class='ocrx_word' id='word_1_389' title='bbox 1224 2966 1314 3039; x_wconf 90' lang='lat' dir='ltr'>hujus</span> <span class='ocrx_word' id='word_1_390' title='bbox 1331 2966 1439 3041; x_wconf 90' lang='lat' dir='ltr'>epilogi</span> <span class='ocrx_word' id='word_1_391' title='bbox 1458 2967 1700 3026; x_wconf 84' lang='lat' dir='ltr'>cartasscribere</span> <span class='ocrx_word' id='word_1_392' title='bbox 1714 2967 1808 3026; x_wconf 87' lang='lat' dir='ltr'>editas</span> 
     </span>
    </p>

    <p class='ocr_par' dir='ltr' id='par_1_10' title="bbox 102 3051 1833 3218">
     <span class='ocr_line' id='line_1_32' title="bbox 102 3051 1833 3132; baseline 0.004 -25"><span class='ocrx_word' id='word_1_393' title='bbox 102 3051 332 3126; x_wconf 83' lang='lat' dir='ltr'>diluculojubet</span> <span class='ocrx_word' id='word_1_394' title='bbox 344 3070 528 3113; x_wconf 86' lang='lat' dir='ltr'>omnesseos</span> <span class='ocrx_word' id='word_1_395' title='bbox 542 3057 633 3114; x_wconf 88' lang='lat' dir='ltr'>armis</span> <span class='ocrx_word' id='word_1_396' title='bbox 648 3057 758 3113; x_wconf 91' lang='lat' dir='ltr'>muniri</span> <span class='ocrx_word' id='word_1_397' title='bbox 772 3058 850 3114; x_wconf 87' lang='lat' dir='ltr'>etad</span> <span class='ocrx_word' id='word_1_398' title='bbox 867 3074 932 3132; x_wconf 87' lang='lat' dir='ltr'>por-</span> <span class='ocrx_word' id='word_1_399' title='bbox 985 3055 1020 3110; x_wconf 89' lang='lat' dir='ltr'>eb</span> <span class='ocrx_word' id='word_1_400' title='bbox 1035 3053 1182 3127; x_wconf 89' lang='lat' dir='ltr'>episcopis</span> <span class='ocrx_word' id='word_1_401' title='bbox 1204 3055 1304 3129; x_wconf 79' lang='lat' dir='ltr'>itgane</span> <span class='ocrx_word' id='word_1_402' title='bbox 1318 3055 1452 3113; x_wconf 90' lang='lat' dir='ltr'>videlicet</span> <span class='ocrx_word' id='word_1_403' title='bbox 1465 3060 1495 3113; x_wconf 89' lang='lat' dir='ltr'>et</span> <span class='ocrx_word' id='word_1_404' title='bbox 1514 3057 1696 3131; x_wconf 83' lang='lat' dir='ltr'>Regenfredo</span> <span class='ocrx_word' id='word_1_405' title='bbox 1720 3060 1808 3129; x_wconf 88' lang='lat' dir='ltr'>atqua</span> <span class='ocrx_word' id='word_1_406' title='bbox 1824 3096 1833 3114; x_wconf 88' lang='lat'>.</span> 
     </span>
     <span class='ocr_line' id='line_1_33' title="bbox 102 3133 1810 3218; baseline 0.001 -21"><span class='ocrx_word' id='word_1_407' title='bbox 102 3144 285 3199; x_wconf 78' lang='lat' dir='ltr'>travectum</span> <span class='ocrx_word' id='word_1_408' title='bbox 299 3141 352 3200; x_wconf 86' lang='lat' dir='ltr'>ire.</span> <span class='ocrx_word' id='word_1_409' title='bbox 368 3143 501 3201; x_wconf 76' lang='lat' dir='ltr'>Trahens</span> <span class='ocrx_word' id='word_1_410' title='bbox 524 3145 624 3218; x_wconf 85' lang='lat' dir='ltr'>itaque</span> <span class='ocrx_word' id='word_1_411' title='bbox 652 3145 820 3203; x_wconf 88' lang='lat' dir='ltr'>interiorem</span> <span class='ocrx_word' id='word_1_412' title='bbox 850 3146 930 3201; x_wconf 88' lang='lat' dir='ltr'>tuni·</span> <span class='ocrx_word' id='word_1_413' title='bbox 945 3133 966 3200; x_wconf 83' lang='lat' dir='ltr'>C</span> <span class='ocrx_word' id='word_1_414' title='bbox 983 3142 1077 3199; x_wconf 88' lang='lat' dir='ltr'>sancti</span> <span class='ocrx_word' id='word_1_415' title='bbox 1091 3142 1216 3199; x_wconf 87' lang='lat' dir='ltr'>Garauui</span> <span class='ocrx_word' id='word_1_416' title='bbox 1238 3142 1342 3199; x_wconf 83' lang='lat' dir='ltr'>abbate</span> <span class='ocrx_word' id='word_1_417' title='bbox 1357 3143 1507 3215; x_wconf 83' lang='lat' dir='ltr'>Gredulto,</span> <span class='ocrx_word' id='word_1_418' title='bbox 1519 3146 1555 3202; x_wconf 88' lang='lat' dir='ltr'>de</span> <span class='ocrx_word' id='word_1_419' title='bbox 1568 3145 1656 3202; x_wconf 87' lang='lat' dir='ltr'>rebus</span> <span class='ocrx_word' id='word_1_420' title='bbox 1666 3142 1749 3202; x_wconf 88' lang='lat' dir='ltr'>datis</span> <span class='ocrx_word' id='word_1_421' title='bbox 1761 3141 1810 3200; x_wconf 87' lang='lat' dir='ltr'>vel</span> 
     </span>
    </p>

    <p class='ocr_par' dir='ltr' id='par_1_11' title="bbox 102 3230 1810 3310">
     <span class='ocr_line' id='line_1_34' title="bbox 102 3230 1810 3310; baseline 0.001 -22"><span class='ocrx_word' id='word_1_422' title='bbox 102 3246 165 3288; x_wconf 79' lang='lat' dir='ltr'>cam</span> <span class='ocrx_word' id='word_1_423' title='bbox 179 3230 235 3289; x_wconf 77' lang='lat' dir='ltr'>uei</span> <span class='ocrx_word' id='word_1_424' title='bbox 249 3231 404 3305; x_wconf 83' lang='lat' dir='ltr'>genitricis</span> <span class='ocrx_word' id='word_1_425' title='bbox 423 3234 521 3291; x_wconf 78' lang='lat' dir='ltr'>Maria</span> <span class='ocrx_word' id='word_1_426' title='bbox 539 3238 756 3310; x_wconf 87' lang='lat' dir='ltr'>superportani</span> <span class='ocrx_word' id='word_1_427' title='bbox 772 3252 836 3308; x_wconf 81' lang='lat' dir='ltr'>que</span> <span class='ocrx_word' id='word_1_428' title='bbox 851 3235 931 3291; x_wconf 88' lang='lat' dir='ltr'>Nova</span> <span class='ocrx_word' id='word_1_429' title='bbox 985 3231 1107 3288; x_wconf 84' lang='lat' dir='ltr'>redditis</span> <span class='ocrx_word' id='word_1_430' title='bbox 1121 3236 1210 3303; x_wconf 86' lang='lat' dir='ltr'>atque</span> <span class='ocrx_word' id='word_1_431' title='bbox 1232 3231 1378 3289; x_wconf 82' lang='lat' dir='ltr'>concessis</span> <span class='ocrx_word' id='word_1_432' title='bbox 1394 3237 1496 3290; x_wconf 90' lang='lat' dir='ltr'>saneto</span> <span class='ocrx_word' id='word_1_433' title='bbox 1517 3233 1600 3290; x_wconf 87' lang='lat' dir='ltr'>Petro</span> <span class='ocrx_word' id='word_1_434' title='bbox 1616 3233 1652 3289; x_wconf 89' lang='lat' dir='ltr'>eb</span> <span class='ocrx_word' id='word_1_435' title='bbox 1667 3231 1720 3301; x_wconf 86' lang='lat' dir='ltr'>eis,</span> <span class='ocrx_word' id='word_1_436' title='bbox 1735 3231 1810 3289; x_wconf 89' lang='lat' dir='ltr'>dum</span> 
     </span>
    </p>

    <p class='ocr_par' dir='ltr' id='par_1_12' title="bbox 101 3318 1809 3397">
     <span class='ocr_line' id='line_1_35' title="bbox 101 3318 1809 3397; baseline 0.002 -21"><span class='ocrx_word' id='word_1_437' title='bbox 101 3325 235 3388; x_wconf 75' lang='lat' dir='ltr'>meatur,</span> <span class='ocrx_word' id='word_1_438' title='bbox 248 3321 403 3378; x_wconf 87' lang='lat' dir='ltr'>obtutibus</span> <span class='ocrx_word' id='word_1_439' title='bbox 416 3368 419 3373; x_wconf 87' lang='lat'>.</span> <span class='ocrx_word' id='word_1_440' title='bbox 431 3340 613 3397; x_wconf 85' lang='lat' dir='ltr'>paganorum</span> <span class='ocrx_word' id='word_1_441' title='bbox 639 3323 747 3382; x_wconf 90' lang='lat' dir='ltr'>obtulit</span> <span class='ocrx_word' id='word_1_442' title='bbox 774 3328 931 3396; x_wconf 88' lang='lat' dir='ltr'>portasque</span> <span class='ocrx_word' id='word_1_443' title='bbox 985 3320 1082 3377; x_wconf 88' lang='lat' dir='ltr'>adbuc</span> <span class='ocrx_word' id='word_1_444' title='bbox 1096 3319 1229 3376; x_wconf 88' lang='lat' dir='ltr'>canonici</span> <span class='ocrx_word' id='word_1_445' title='bbox 1243 3318 1306 3376; x_wconf 94' lang='lat' dir='ltr'>loco</span> <span class='ocrx_word' id='word_1_446' title='bbox 1316 3322 1505 3379; x_wconf 87' lang='lat' dir='ltr'>deservirent.</span> <span class='ocrx_word' id='word_1_447' title='bbox 1515 3322 1624 3379; x_wconf 87' lang='lat' dir='ltr'>Deinde</span> <span class='ocrx_word' id='word_1_448' title='bbox 1635 3339 1680 3379; x_wconf 87' lang='lat' dir='ltr'>res</span> <span class='ocrx_word' id='word_1_449' title='bbox 1695 3337 1809 3396; x_wconf 87' lang='lat' dir='ltr'>posses·</span> 
     </span>
    </p>

    <p class='ocr_par' dir='ltr' id='par_1_13' title="bbox 103 3409 1808 3486">
     <span class='ocr_line' id='line_1_36' title="bbox 103 3409 1808 3486; baseline 0.002 -21"><span class='ocrx_word' id='word_1_450' title='bbox 103 3409 183 3466; x_wconf 87' lang='lat' dir='ltr'>urbia</span> <span class='ocrx_word' id='word_1_451' title='bbox 207 3410 336 3483; x_wconf 85' lang='lat' dir='ltr'>aperuit,</span> <span class='ocrx_word' id='word_1_452' title='bbox 348 3416 378 3468; x_wconf 89' lang='lat' dir='ltr'>et</span> <span class='ocrx_word' id='word_1_453' title='bbox 394 3411 575 3470; x_wconf 82' lang='lat' dir='ltr'>christianos</span> <span class='ocrx_word' id='word_1_454' title='bbox 592 3414 716 3470; x_wconf 81' lang='lat' dir='ltr'>tidenter</span> <span class='ocrx_word' id='word_1_455' title='bbox 737 3413 868 3486; x_wconf 82' lang='lat' dir='ltr'>preliare</span> <span class='ocrx_word' id='word_1_456' title='bbox 879 3413 931 3485; x_wconf 87' lang='lat' dir='ltr'>ju·</span> <span class='ocrx_word' id='word_1_457' title='bbox 984 3426 1034 3466; x_wconf 88' lang='lat' dir='ltr'>sas</span> <span class='ocrx_word' id='word_1_458' title='bbox 1048 3410 1084 3467; x_wconf 86' lang='lat' dir='ltr'>ab</span> <span class='ocrx_word' id='word_1_459' title='bbox 1099 3409 1158 3467; x_wconf 92' lang='lat' dir='ltr'>illis</span> <span class='ocrx_word' id='word_1_460' title='bbox 1170 3425 1244 3482; x_wconf 87' lang='lat' dir='ltr'>quas</span> <span class='ocrx_word' id='word_1_461' title='bbox 1255 3410 1507 3484; x_wconf 83' lang='lat' dir='ltr'>scriptasrepperi</span> <span class='ocrx_word' id='word_1_462' title='bbox 1518 3411 1547 3467; x_wconf 92' lang='lat' dir='ltr'>in</span> <span class='ocrx_word' id='word_1_463' title='bbox 1560 3411 1678 3469; x_wconf 90' lang='lat' dir='ltr'>duobus</span> <span class='ocrx_word' id='word_1_464' title='bbox 1692 3409 1808 3480; x_wconf 81' lang='lat' dir='ltr'>rotulis,</span> 
     </span>
    </p>

    <p class='ocr_par' dir='ltr' id='par_1_14' title="bbox 101 3497 1809 3575">
     <span class='ocr_line' id='line_1_37' title="bbox 101 3497 1809 3575; baseline 0.001 -21"><span class='ocrx_word' id='word_1_465' title='bbox 101 3497 262 3555; x_wconf 76' lang='lat' dir='ltr'>bet&#39;l&#39;uue</span> <span class='ocrx_word' id='word_1_466' title='bbox 273 3498 441 3569; x_wconf 82' lang='lat' dir='ltr'>Christiani,</span> <span class='ocrx_word' id='word_1_467' title='bbox 454 3501 492 3558; x_wconf 90' lang='lat' dir='ltr'>ab</span> <span class='ocrx_word' id='word_1_468' title='bbox 515 3502 714 3575; x_wconf 85' lang='lat' dir='ltr'>omnipotente</span> <span class='ocrx_word' id='word_1_469' title='bbox 737 3502 795 3559; x_wconf 89' lang='lat' dir='ltr'>Deo</span> <span class='ocrx_word' id='word_1_470' title='bbox 819 3502 932 3559; x_wconf 87' lang='lat' dir='ltr'>viribus</span> <span class='ocrx_word' id='word_1_471' title='bbox 985 3504 1073 3572; x_wconf 86' lang='lat' dir='ltr'>atque</span> <span class='ocrx_word' id='word_1_472' title='bbox 1087 3500 1450 3574; x_wconf 87' lang='lat' dir='ltr'>consuetudinesquasab</span> <span class='ocrx_word' id='word_1_473' title='bbox 1464 3501 1599 3575; x_wconf 81' lang='lat' dir='ltr'>agricolis</span> <span class='ocrx_word' id='word_1_474' title='bbox 1614 3499 1809 3574; x_wconf 79' lang='lat' dir='ltr'>accipiebant,</span> 
     </span>
    </p>

    <p class='ocr_par' dir='ltr' id='par_1_15' title="bbox 101 3587 1818 3753">
     <span class='ocr_line' id='line_1_38' title="bbox 102 3587 1818 3664; baseline 0.001 -21"><span class='ocrx_word' id='word_1_475' title='bbox 102 3587 243 3661; x_wconf 86' lang='lat' dir='ltr'>sumptis.</span> <span class='ocrx_word' id='word_1_476' title='bbox 256 3588 371 3645; x_wconf 83' lang='lat' dir='ltr'>sortiter</span> <span class='ocrx_word' id='word_1_477' title='bbox 384 3593 526 3664; x_wconf 81' lang='lat' dir='ltr'>pugnant</span> <span class='ocrx_word' id='word_1_478' title='bbox 539 3591 647 3664; x_wconf 89' lang='lat' dir='ltr'>Pagani</span> <span class='ocrx_word' id='word_1_479' title='bbox 658 3607 726 3648; x_wconf 91' lang='lat' dir='ltr'>vero</span> <span class='ocrx_word' id='word_1_480' title='bbox 741 3593 830 3649; x_wconf 82' lang='lat' dir='ltr'>alteo</span> <span class='ocrx_word' id='word_1_481' title='bbox 844 3591 932 3648; x_wconf 85' lang='lat' dir='ltr'>desti·</span> <span class='ocrx_word' id='word_1_482' title='bbox 985 3606 1049 3662; x_wconf 77' lang='lat' dir='ltr'>que</span> <span class='ocrx_word' id='word_1_483' title='bbox 1072 3590 1199 3647; x_wconf 90' lang='lat' dir='ltr'>multum</span> <span class='ocrx_word' id='word_1_484' title='bbox 1216 3591 1383 3664; x_wconf 87' lang='lat' dir='ltr'>discrepant</span> <span class='ocrx_word' id='word_1_485' title='bbox 1402 3607 1419 3645; x_wconf 84' lang='lat' dir='ltr'>a</span> <span class='ocrx_word' id='word_1_486' title='bbox 1437 3590 1700 3647; x_wconf 87' lang='lat' dir='ltr'>consuetudinibus</span> <span class='ocrx_word' id='word_1_487' title='bbox 1716 3587 1818 3646; x_wconf 85' lang='lat' dir='ltr'>nostri-</span> 
     </span>
     <span class='ocr_line' id='line_1_39' title="bbox 101 3675 1810 3753; baseline 0.002 -22"><span class='ocrx_word' id='word_1_488' title='bbox 101 3677 167 3746; x_wconf 91' lang='lat' dir='ltr'>tiiti,</span> <span class='ocrx_word' id='word_1_489' title='bbox 178 3675 318 3733; x_wconf 86' lang='lat' dir='ltr'>omnium</span> <span class='ocrx_word' id='word_1_490' title='bbox 333 3680 533 3735; x_wconf 88' lang='lat' dir='ltr'>membrorum</span> <span class='ocrx_word' id='word_1_491' title='bbox 552 3679 664 3737; x_wconf 85' lang='lat' dir='ltr'>viribus</span> <span class='ocrx_word' id='word_1_492' title='bbox 679 3680 810 3753; x_wconf 86' lang='lat' dir='ltr'>perditis,</span> <span class='ocrx_word' id='word_1_493' title='bbox 823 3698 857 3738; x_wconf 84' lang='lat' dir='ltr'>ex</span> <span class='ocrx_word' id='word_1_494' title='bbox 872 3698 931 3737; x_wconf 90' lang='lat' dir='ltr'>una</span> <span class='ocrx_word' id='word_1_495' title='bbox 984 3678 1136 3752; x_wconf 89' lang='lat' dir='ltr'>temporis.</span> <span class='ocrx_word' id='word_1_496' title='bbox 1147 3681 1254 3736; x_wconf 78' lang='lat' dir='ltr'>ilerum</span> <span class='ocrx_word' id='word_1_497' title='bbox 1269 3681 1393 3753; x_wconf 90' lang='lat' dir='ltr'>denique</span> <span class='ocrx_word' id='word_1_498' title='bbox 1408 3697 1505 3737; x_wconf 86' lang='lat' dir='ltr'>rerum</span> <span class='ocrx_word' id='word_1_499' title='bbox 1516 3683 1622 3749; x_wconf 87' lang='lat' dir='ltr'>cartas,</span> <span class='ocrx_word' id='word_1_500' title='bbox 1633 3680 1679 3736; x_wconf 90' lang='lat' dir='ltr'>vel</span> <span class='ocrx_word' id='word_1_501' title='bbox 1690 3677 1810 3736; x_wconf 81' lang='lat' dir='ltr'>nomina</span> 
     </span>
    </p>

    <p class='ocr_par' dir='ltr' id='par_1_16' title="bbox 102 3763 1808 3843">
     <span class='ocr_line' id='line_1_40' title="bbox 102 3763 1808 3843; baseline 0.003 -22"><span class='ocrx_word' id='word_1_502' title='bbox 102 3770 184 3839; x_wconf 82' lang='lat' dir='ltr'>pai-te</span> <span class='ocrx_word' id='word_1_503' title='bbox 197 3782 216 3821; x_wconf 85' lang='lat' dir='ltr'>a</span> <span class='ocrx_word' id='word_1_504' title='bbox 231 3763 347 3823; x_wconf 91' lang='lat' dir='ltr'>civibus</span> <span class='ocrx_word' id='word_1_505' title='bbox 362 3772 538 3838; x_wconf 86' lang='lat' dir='ltr'>mactantur,</span> <span class='ocrx_word' id='word_1_506' title='bbox 551 3774 579 3826; x_wconf 91' lang='lat' dir='ltr'>et</span> <span class='ocrx_word' id='word_1_507' title='bbox 592 3769 628 3826; x_wconf 90' lang='lat' dir='ltr'>ab</span> <span class='ocrx_word' id='word_1_508' title='bbox 639 3769 696 3826; x_wconf 89' lang='lat' dir='ltr'>ulia</span> <span class='ocrx_word' id='word_1_509' title='bbox 711 3775 792 3843; x_wconf 86' lang='lat' dir='ltr'>parto</span> <span class='ocrx_word' id='word_1_510' title='bbox 804 3787 823 3825; x_wconf 87' lang='lat' dir='ltr'>a</span> <span class='ocrx_word' id='word_1_511' title='bbox 833 3787 932 3843; x_wconf 71' lang='lat' dir='ltr'>sepse</span> <span class='ocrx_word' id='word_1_512' title='bbox 984 3767 1101 3825; x_wconf 92' lang='lat' dir='ltr'>illorum</span> <span class='ocrx_word' id='word_1_513' title='bbox 1117 3769 1168 3842; x_wconf 89' lang='lat' dir='ltr'>qui</span> <span class='ocrx_word' id='word_1_514' title='bbox 1183 3785 1234 3826; x_wconf 90' lang='lat' dir='ltr'>eas</span> <span class='ocrx_word' id='word_1_515' title='bbox 1248 3769 1345 3843; x_wconf 85' lang='lat' dir='ltr'>largiti</span> <span class='ocrx_word' id='word_1_516' title='bbox 1361 3773 1430 3826; x_wconf 89' lang='lat' dir='ltr'>sunt</span> <span class='ocrx_word' id='word_1_517' title='bbox 1445 3770 1567 3826; x_wconf 89' lang='lat' dir='ltr'>minime</span> <span class='ocrx_word' id='word_1_518' title='bbox 1580 3767 1688 3826; x_wconf 90' lang='lat' dir='ltr'>inveni.</span> <span class='ocrx_word' id='word_1_519' title='bbox 1704 3768 1808 3826; x_wconf 83' lang='lat' dir='ltr'>Utrum</span> 
     </span>
    </p>

    <p class='ocr_par' dir='ltr' id='par_1_17' title="bbox 102 3853 1811 3932">
     <span class='ocr_line' id='line_1_41' title="bbox 102 3853 1811 3932; baseline 0.003 -24"><span class='ocrx_word' id='word_1_520' title='bbox 102 3853 230 3911; x_wconf 72' lang='lat' dir='ltr'>venienti</span> <span class='ocrx_word' id='word_1_521' title='bbox 252 3855 476 3914; x_wconf 82' lang='lat' dir='ltr'>exercitavelut</span> <span class='ocrx_word' id='word_1_522' title='bbox 503 3858 568 3932; x_wconf 87' lang='lat' dir='ltr'>agri</span> <span class='ocrx_word' id='word_1_523' title='bbox 594 3859 664 3915; x_wconf 87' lang='lat' dir='ltr'>loeiii</span> <span class='ocrx_word' id='word_1_524' title='bbox 693 3863 874 3916; x_wconf 89' lang='lat' dir='ltr'>sternuntur.</span> <span class='ocrx_word' id='word_1_525' title='bbox 891 3859 932 3914; x_wconf 83' lang='lat' dir='ltr'>lix</span> <span class='ocrx_word' id='word_1_526' title='bbox 985 3860 1084 3912; x_wconf 91' lang='lat' dir='ltr'>autem</span> <span class='ocrx_word' id='word_1_527' title='bbox 1099 3860 1243 3913; x_wconf 79' lang='lat' dir='ltr'>vetustate</span> <span class='ocrx_word' id='word_1_528' title='bbox 1255 3856 1370 3913; x_wconf 81' lang='lat' dir='ltr'>abolite</span> <span class='ocrx_word' id='word_1_529' title='bbox 1380 3861 1460 3924; x_wconf 90' lang='lat' dir='ltr'>sunt,</span> <span class='ocrx_word' id='word_1_530' title='bbox 1471 3861 1523 3913; x_wconf 89' lang='lat' dir='ltr'>eut</span> <span class='ocrx_word' id='word_1_531' title='bbox 1532 3856 1663 3914; x_wconf 88' lang='lat' dir='ltr'>bostium</span> <span class='ocrx_word' id='word_1_532' title='bbox 1672 3856 1811 3931; x_wconf 69' lang='lat' dir='ltr'>ignecro⁴</span> 
     </span>
    </p>

    <p class='ocr_par' dir='ltr' id='par_1_18' title="bbox 102 3943 1808 4020">
     <span class='ocr_line' id='line_1_42' title="bbox 102 3943 1808 4020; baseline 0.001 -20"><span class='ocrx_word' id='word_1_533' title='bbox 102 3943 211 4017; x_wconf 87' lang='lat' dir='ltr'>quibus</span> <span class='ocrx_word' id='word_1_534' title='bbox 225 3948 311 4001; x_wconf 82' lang='lat' dir='ltr'>tants</span> <span class='ocrx_word' id='word_1_535' title='bbox 319 3946 410 4004; x_wconf 87' lang='lat' dir='ltr'>cedes</span> <span class='ocrx_word' id='word_1_536' title='bbox 422 3946 491 4015; x_wconf 85' lang='lat' dir='ltr'>luit,</span> <span class='ocrx_word' id='word_1_537' title='bbox 499 3952 531 4002; x_wconf 88' lang='lat' dir='ltr'>ut</span> <span class='ocrx_word' id='word_1_538' title='bbox 540 3952 725 4004; x_wconf 89' lang='lat' dir='ltr'>mortuorum</span> <span class='ocrx_word' id='word_1_539' title='bbox 741 3947 932 4005; x_wconf 87' lang='lat' dir='ltr'>cadaveribus</span> <span class='ocrx_word' id='word_1_540' title='bbox 986 3949 1082 4012; x_wconf 78' lang='lat' dir='ltr'>mate,</span> <span class='ocrx_word' id='word_1_541' title='bbox 1100 3950 1152 4000; x_wconf 90' lang='lat' dir='ltr'>aut</span> <span class='ocrx_word' id='word_1_542' title='bbox 1167 3961 1319 4018; x_wconf 86' lang='lat' dir='ltr'>nunquam</span> <span class='ocrx_word' id='word_1_543' title='bbox 1345 3943 1469 4018; x_wconf 76' lang='lat' dir='ltr'>scripte,</span> <span class='ocrx_word' id='word_1_544' title='bbox 1485 3945 1648 4002; x_wconf 83' lang='lat' dir='ltr'>scribarum</span> <span class='ocrx_word' id='word_1_545' title='bbox 1663 3945 1808 4020; x_wconf 85' lang='lat' dir='ltr'>penuria,</span> 
     </span>
    </p>

    <p class='ocr_par' dir='ltr' id='par_1_19' title="bbox 103 4032 1194 4110">
     <span class='ocr_line' id='line_1_43' title="bbox 103 4032 1194 4110; baseline 0.002 -22"><span class='ocrx_word' id='word_1_546' title='bbox 103 4049 179 4106; x_wconf 81' lang='lat' dir='ltr'>aqua</span> <span class='ocrx_word' id='word_1_547' title='bbox 192 4032 329 4099; x_wconf 82' lang='lat' dir='ltr'>fluminis</span> <span class='ocrx_word' id='word_1_548' title='bbox 347 4034 560 4108; x_wconf 84' lang='lat' dir='ltr'>excluderetur,</span> <span class='ocrx_word' id='word_1_549' title='bbox 576 4041 665 4109; x_wconf 88' lang='lat' dir='ltr'>atque</span> <span class='ocrx_word' id='word_1_550' title='bbox 688 4053 791 4093; x_wconf 90' lang='lat' dir='ltr'>omnes</span> <span class='ocrx_word' id='word_1_551' title='bbox 811 4035 929 4110; x_wconf 86' lang='lat' dir='ltr'>pariter,</span> <span class='ocrx_word' id='word_1_552' title='bbox 986 4033 1108 4090; x_wconf 88' lang='lat' dir='ltr'>minime</span> <span class='ocrx_word' id='word_1_553' title='bbox 1122 4033 1194 4090; x_wconf 92' lang='lat' dir='ltr'>scio.</span> 
     </span>
    </p>

    <p class='ocr_par' dir='ltr' id='par_1_20' title="bbox 102 4120 931 4198">
     <span class='ocr_line' id='line_1_44' title="bbox 102 4120 931 4198; baseline 0.008 -22"><span class='ocrx_word' id='word_1_554' title='bbox 102 4120 167 4195; x_wconf 76' lang='lat' dir='ltr'>ipsa</span> <span class='ocrx_word' id='word_1_555' title='bbox 180 4122 231 4179; x_wconf 87' lang='lat' dir='ltr'>die</span> <span class='ocrx_word' id='word_1_556' title='bbox 241 4121 351 4193; x_wconf 85' lang='lat' dir='ltr'>ultrici,</span> <span class='ocrx_word' id='word_1_557' title='bbox 361 4123 459 4198; x_wconf 89' lang='lat' dir='ltr'>gladio</span> <span class='ocrx_word' id='word_1_558' title='bbox 467 4130 677 4195; x_wconf 86' lang='lat' dir='ltr'>sternerentur,</span> <span class='ocrx_word' id='word_1_559' title='bbox 687 4124 743 4182; x_wconf 90' lang='lat' dir='ltr'>nisi</span> <span class='ocrx_word' id='word_1_560' title='bbox 754 4123 850 4183; x_wconf 90' lang='lat' dir='ltr'>ultimi</span> <span class='ocrx_word' id='word_1_561' title='bbox 862 4142 931 4183; x_wconf 92' lang='lat' dir='ltr'>cum</span> 
     </span>
    </p>
   </div>
   <div class='ocr_carea' id='block_1_3' title="bbox 136 4301 1808 4449">
    <p class='ocr_par' dir='ltr' id='par_1_21' title="bbox 136 4301 1808 4449">
     <span class='ocr_line' id='line_1_45' title="bbox 136 4301 1808 4387; baseline 0.003 -29"><span class='ocrx_word' id='word_1_562' title='bbox 136 4302 197 4371; x_wconf 83' lang='grc'>(89)</span> <span class='ocrx_word' id='word_1_563' title='bbox 211 4301 267 4358; x_wconf 86' lang='lat' dir='ltr'>Pro</span> <span class='ocrx_word' id='word_1_564' title='bbox 281 4302 386 4370; x_wconf 67' lang='lat' dir='ltr'>nertin,</span> <span class='ocrx_word' id='word_1_565' title='bbox 401 4319 431 4376; x_wconf 77' lang='lat' dir='ltr'>q.</span> <span class='ocrx_word' id='word_1_566' title='bbox 445 4320 473 4360; x_wconf 89' lang='lat' dir='ltr'>e.</span> <span class='ocrx_word' id='word_1_567' title='bbox 489 4304 659 4378; x_wconf 85' lang='lat' dir='ltr'>septentrio.</span> <span class='ocrx_word' id='word_1_568' title='bbox 1019 4303 1076 4375; x_wconf 82' lang='grc'>(91)</span> <span class='ocrx_word' id='word_1_569' title='bbox 1092 4303 1136 4360; x_wconf 92' lang='lat' dir='ltr'>lta</span> <span class='ocrx_word' id='word_1_570' title='bbox 1149 4303 1214 4360; x_wconf 85' lang='lat' dir='ltr'>ced.</span> <span class='ocrx_word' id='word_1_571' title='bbox 1230 4319 1282 4386; x_wconf 83' lang='lat' dir='ltr'>pro</span> <span class='ocrx_word' id='word_1_572' title='bbox 1297 4303 1377 4387; x_wconf 79' lang='lat' dir='ltr'>quod,</span> <span class='ocrx_word' id='word_1_573' title='bbox 1389 4304 1709 4375; x_wconf 87' lang='lat' dir='ltr'>mendose,utvidetur,</span> <span class='ocrx_word' id='word_1_574' title='bbox 1720 4305 1808 4363; x_wconf 87' lang='lat' dir='ltr'>etiam</span> 
     </span>
     <span class='ocr_line' id='line_1_46' title="bbox 137 4373 1477 4449; baseline 0.002 -20"><span class='ocrx_word' id='word_1_575' title='bbox 137 4374 196 4444; x_wconf 78' lang='lat'>(90)</span> <span class='ocrx_word' id='word_1_576' title='bbox 210 4374 284 4432; x_wconf 87' lang='lat' dir='ltr'>Cod.</span> <span class='ocrx_word' id='word_1_577' title='bbox 298 4376 478 4434; x_wconf 67' lang='lat' dir='ltr'>manniam.</span> <span class='ocrx_word' id='word_1_578' title='bbox 985 4375 1014 4431; x_wconf 94' lang='lat' dir='ltr'>in</span> <span class='ocrx_word' id='word_1_579' title='bbox 1030 4375 1085 4432; x_wconf 93' lang='lat' dir='ltr'>boo</span> <span class='ocrx_word' id='word_1_580' title='bbox 1097 4374 1205 4432; x_wconf 80' lang='lat' dir='ltr'>intima</span> <span class='ocrx_word' id='word_1_581' title='bbox 1220 4373 1377 4433; x_wconf 81' lang='lat' dir='ltr'>latinitatis</span> <span class='ocrx_word' id='word_1_582' title='bbox 1392 4375 1477 4449; x_wconf 76' lang='lat' dir='ltr'>stylo.</span> 
     </span>
    </p>
   </div>
   <div class='ocr_carea' id='block_1_4' title="bbox 693 4545 1226 4621">
    <p class='ocr_par' dir='ltr' id='par_1_22' title="bbox 693 4545 1226 4621">
     <span class='ocr_line' id='line_1_47' title="bbox 693 4545 1226 4621; baseline -0.002 -17"><span class='ocrx_word' id='word_1_583' title='bbox 693 4546 815 4621; x_wconf 69' lang='lat' dir='ltr'>Explicit</span> <span class='ocrx_word' id='word_1_584' title='bbox 828 4546 899 4604; x_wconf 83' lang='lat' dir='ltr'>liber</span> <span class='ocrx_word' id='word_1_585' title='bbox 913 4546 1073 4620; x_wconf 66' lang='lat' dir='ltr'>tininensi</span> <span class='ocrx_word' id='word_1_586' title='bbox 1084 4545 1226 4619; x_wconf 71' lang='lat' dir='ltr'>praesclii.</span> 
     </span>
    </p>
   </div>
   <div class='ocr_carea' id='block_1_5' title="bbox 0 0 1927 6006">
    <p class='ocr_par' dir='ltr' id='par_1_23' title="bbox 0 0 1927 6006">
     <span class='ocr_line' id='line_1_48' title="bbox 0 0 1927 6006; baseline 0 0"><span class='ocrx_word' id='word_1_587' title='bbox 0 0 1927 6006; x_wconf 95' lang='lat' dir='ltr'> </span> 
     </span>
    </p>
   </div>
  </div>
 </body>
</html>
