3816 6006
161 246 239 315 laea
789 241 992 310 sinuabat
1012 240 1225 306 sabasam.
1787 235 1865 318 Μ

162 382 300 450 muletur,
317 383 346 438 et
360 382 393 438 ut
405 378 441 438 ed
453 381 587 437 mutuam
600 381 727 436 matrum
741 377 939 435 visitationem
950 381 980 435 et
994 375 1023 445 Α
1037 392 1085 433 me
1098 374 1226 432 Verbum
1242 372 1347 443 Patria,
1362 371 1528 430 secundum
1556 370 1679 431 verbum
1706 373 1810 430 taam.
1830 373 1864 432 Et

162 470 714 546 congratulationem,infantesquoque
725 468 817 525 sancti
829 468 858 523 in
872 468 982 524 sanetis
1035 481 1114 532 ecce,
1129 463 1256 538 gloriosa
1269 462 1368 537 Virgo,
1391 459 1569 519 desideriam
1598 466 1685 519 tuum
1714 462 1862 537 adimple·

162 561 254 618 uteris
269 560 519 632 congratulentur.
534 560 567 614 lit
582 559 626 614 laic
648 560 749 614 aenea
772 566 811 613 eat
831 565 922 614 sectas
937 558 983 613 illi
1035 559 1100 610 tum
1112 557 1166 610 eat.
1179 552 1347 610 Secundum
1358 551 1437 608 enim
1461 548 1778 624 angelicumverbum,
1797 551 1863 610 ller-

162 666 225 725 qaae
239 649 468 706 vocaturatcritia.
485 649 524 703 Ao
535 647 558 702 si
570 647 719 703 sidicatur
735 663 741 701 :
761 647 843 703 Sicut
858 651 983 720 cognata
1036 644 1108 700 bum
1124 643 1218 699 Patris
1232 643 1342 698 tactum
1357 645 1402 698 est
1416 640 1446 696 in
1460 644 1489 697 te
1504 644 1534 697 et
1548 640 1613 708 tibi,
1629 639 1689 698 imo
1703 644 1738 698 et
1753 640 1862 700 mibiet

161 744 255 797 tuate
271 736 458 811 praecucurrit
468 736 668 809 concipiendo,
679 736 721 792 ita
732 734 811 793 iliius
821 737 885 808 ejus
896 739 982 792 tuum
1037 731 1268 804 omnibusquiin
1284 747 1352 787 eum
1366 729 1655 786 tirmitercreduntet
1669 729 1861 806 sperant,qci

162 832 319 904 precurret
334 827 518 899 predicando
532 830 561 881 et
576 825 761 898 baptizando.
778 827 851 896 Quia
865 842 920 882 non
930 827 984 883 erit
1036 838 1104 879 eum
1118 821 1255 878 ardenter
1269 819 1404 893 diligant,
1419 819 1470 892 qui
1493 818 1559 890 ejus
1580 819 1724 877 mandata
1740 819 1858 878 radunt

164 915 415 991 impossibilcapad
429 916 513 971 Deam
527 931 604 972 ornae
623 915 754 984 averium
769 931 802 970 ac
831 914 856 971 si
885 921 984 987 aperte
1036 911 1093 968 Sed
1109 927 1184 978 ecce,
1202 909 1335 982 piissima
1349 908 1479 965 domine.
1492 908 1565 964 dum
1579 906 1634 964 boc
1653 908 1755 967 iacere
1782 910 1859 968 sala·

162 1009 241 1064 dicat
252 1023 258 1062 :
271 1007 333 1062 Non
345 1005 440 1062 solum
453 1008 553 1077 partus
568 1003 749 1078 virginisvel
761 1021 845 1072 anus,
863 1005 907 1061 vel
928 1008 984 1062 ste·
1037 1017 1115 1067 mus,
1130 997 1242 1055 inimici
1258 997 1348 1054 nostri
1364 997 1414 1070 qui
1431 996 1587 1053 animabus
1599 997 1709 1055 nastris
1721 997 1860 1058 insidiae·

163 1095 235 1164 silis,
253 1096 310 1152 Deo
326 1098 370 1151 est
384 1092 543 1166 possibilis,
559 1092 618 1149 imo
629 1092 871 1166 etiamquidquid
886 1094 981 1150 homi·
1037 1093 1095 1156 tur,
1112 1105 1166 1145 nos
1181 1087 1356 1161 impediunt,
1373 1091 1402 1143 et
1415 1085 1446 1141 in
1462 1089 1669 1159 partemsaam
1684 1087 1806 1146 babere
1818 1107 1860 1147 vo·

164 1185 251 1242 nibus
266 1183 582 1256 videturimpossibiie,
598 1182 656 1238 Deo
669 1186 712 1239 est
722 1182 872 1256 possibile,
884 1184 933 1240 aui
946 1185 984 1240 la·
1038 1177 1113 1235 lunt.
1130 1176 1185 1235 Sed
1202 1181 1246 1245 tu,
1267 1175 1397 1246 domina,
1415 1178 1549 1232 materna
1571 1175 1679 1249 pietate
1698 1194 1755 1251 pro
1780 1179 1859 1238 nobie

165 1275 249 1332 cilius
262 1278 307 1331 est
321 1272 463 1346 quidquid
479 1270 541 1328 vult
557 1272 747 1344 facerequam
763 1271 848 1328 nobis
862 1273 984 1330 verbum
1038 1265 1162 1325 servulis
1178 1264 1237 1322 tuis
1251 1269 1314 1321 esto
1329 1262 1466 1321 sollicita.
1485 1262 1516 1320 Si
1531 1280 1585 1320 nos
1612 1267 1708 1322 tentat
1736 1267 1859 1339 demea,

164 1364 302 1438 prolerre,
319 1365 348 1418 et
362 1365 480 1433 propter
494 1361 548 1416 hac
573 1359 684 1416 dictum
713 1363 759 1416 est
786 1361 884 1433 potius
907 1378 985 1420 omae
1035 1357 1126 1430 joam
1144 1353 1169 1412 εἰ
1183 1370 1237 1410 110⁵
1252 1356 1346 1410 leniti
1360 1368 1438 1423 ⁰¹r02
1450 1353 1541 1425 jumi
1559 1351 1584 1409 δί
1600 1369 1654 1410 ¹¹0⁸
1668 1358 1770 1413 aaut
1783 1373 1861 1415 mua·

164 1455 285 1520 verbula,
297 1467 386 1524 quam
396 1466 481 1506 omne
490 1449 680 1505 iactumNan
689 1465 757 1523 ergo
767 1450 900 1524 desperet
910 1467 986 1524 quae-
1040 1445 1184 1516 dus,juva
1194 1458 1201 1500 :
1212 1442 1271 1499 imo
1280 1442 1481 1515 semperjuve,
1492 1445 1636 1514 quatenus
1648 1444 1862 1516 potentissimis

166 1559 281 1615 cunque
296 1539 395 1597 anima
410 1538 528 1603 sterilis,
540 1536 679 1610 quoniam
689 1538 758 1595 lieet
772 1555 824 1611 per
838 1544 929 1597 totam
943 1541 986 1598 vi·
1040 1530 1299 1589 inierob'flsiOssiblffl
1314 1530 1487 1602 Φθῑῑῑῑθφῐθ
1501 1530 1561 1588 ῖΰῑθ
1577 1530 1682 1604 adiuti,
1703 1533 1742 1590 ⁸⁶
1758 1539 1863 1593 Oiom

165 1637 225 1688 tam
237 1646 321 1687 suam
335 1629 461 1684 fructum
472 1627 582 1682 bonum
594 1643 651 1683 non
664 1626 772 1695 iecerit,
783 1632 985 1701 sperettamen
1040 1621 1149 1696 gaudia
1164 1620 1314 1694 pervenire
1329 1634 1505 1686 meremur,
1522 1635 1574 1693 per
1588 1619 1696 1677 Filium
1711 1625 1801 1681 tuum
1815 1625 1865 1684 Do·

165 1720 196 1777 in
211 1719 345 1784 Domino,
362 1716 456 1790 quiin
472 1720 630 1782 senectute,
647 1719 676 1772 et
694 1715 782 1773 etiam
803 1717 833 1774 in
858 1722 987 1777 extremo
1041 1710 1157 1767 minum
1173 1714 1317 1779 nostrum,
1334 1708 1383 1781 qni
1400 1724 1468 1766 cum
1484 1708 1569 1765 Palm
1591 1712 1621 1766 ei
1635 1710 1750 1784 Spiritu
1765 1718 1864 1773 unca

167 1808 289 1866 articulo
303 1807 378 1874 vitre,
396 1808 561 1879 peccatores
577 1805 613 1860 ab
628 1803 793 1862 omnibono
808 1823 894 1880 opere
904 1808 988 1865 steri·
1041 1798 1112 1855 Vitii
1125 1803 1156 1856 θῐ
1171 1801 1274 1872 “³8¹¹ai
1288 1799 1366 1855 ⁰0⁰⁸
1380 1814 1432 1872 Dir
1446 1797 1544 1855 ⁰¹⁰⁰st
1561 1797 1667 1857 ”⁰⁰¹⁸
1677 1800 1862 1861 mmmm·

166 1899 208 1956 les
224 1896 352 1970 respicit,
368 1899 397 1951 et
412 1911 462 1967 per
481 1894 681 1968 poeniteatiam
708 1895 882 1953 fructificare
907 1898 987 1956 iacit.
1041 1890 1144 1945 Amen·

167 1988 284 2057 Quinto,
294 1984 471 2057 bealaVirgo
483 1983 728 2056 suamproiitetur
737 1984 934 2044 bumilitatem
946 1988 987 2044 di·

167 2093 237 2133 cens
252 2092 259 2131 :
276 2077 342 2130 Ecce
355 2073 459 2129 ancilla
474 2072 594 2128 Domini.
611 2072 693 2140 Dece,
703 2072 808 2130 iratres
819 2075 887 2142 mei,
903 2076 989 2135 beata
1124 2085 1154 2124 ΙΝ
1167 2083 1252 2124 fsssw
1266 2083 1470 2124 APOSTOLOBUM
1486 2082 1610 2125 ΡΗΙΗΡΡΙ
1626 2085 1660 2126 n
1672 2085 1785 2129 samse.

167 2165 267 2238 Virgo,
284 2162 417 2236 quamvis
433 2160 526 2234 gratia
540 2160 637 2234 plena,
648 2162 783 2233 quamvis
794 2162 886 2221 Mater
900 2166 990 2224 Deiet
1078 2160 1156 2214 Dabit
1168 2159 1245 2215 teias
1259 2157 1404 2230 descipulis
1425 2173 1483 2213 sues
1499 2172 1506 2211 :
1523 2157 1583 2214 Noa
1606 2161 1733 2217 tarteria
1759 2177 1808 2219 cor
1819 2181 1862 2223 ee·

168 2252 283 2311 Domini
300 2251 392 2307 nostri
408 2250 508 2319 electa,
526 2253 623 2306 tamen
640 2249 733 2306 solam
747 2253 902 2324 profitetur
915 2255 946 2311 in
957 2274 988 2314 se
1041 2254 1139 2303 iiim
1155 2246 1273 2303 credisti
1288 2248 1318 2302 ¹⁶²¹
1334 2247 1428 2313 Deum·
1441 2254 1467 2303 εἰ
1482 2248 1513 2303 in
1526 2262 1570 2304 me
1581 2247 1682 2305 credite
1691 2251 1783 2320 (Im.
1798 2254 1863 2329 xiv.)

169 2340 359 2414 subjectionis
388 2338 594 2406 humilitatem,
621 2356 673 2395 nec
702 2340 756 2396 hoc
782 2340 846 2398 sola
872 2360 940 2402 voce
959 2350 989 2404 et
1043 2333 1861 2413 etreliqua·OmniscienflD⁰mim¹⁸2sffliffl⁸⁰h⁸riflfmb

168 2431 285 2488 fictione
301 2430 344 2501 (ut
359 2428 477 2501 quidam
493 2427 627 2497 iaciunt)
641 2428 692 2484 sed
721 2431 807 2486 cordo
835 2436 864 2488 et
890 2450 986 2507 opere.
1043 2423 1864 2506 praevidensanimosdiscipulorumerauapaasioneper-

168 2520 249 2577 Unde
264 2523 292 2574 et
304 2517 404 2574 statim
415 2516 741 2589 postennuntistionem
753 2519 914 2591 angelicam
926 2541 989 2582 sur·
1041 2514 1214 2581 turbandos,
1229 2530 1279 2570 0⁰³
1291 2514 1465 2587 proemuniffi
1475 2516 1504 2570 01
1514 2513 1864 2594 prveonsoleridigaatus

169 2625 241 2682 gens
257 2609 300 2681 (ut
315 2607 344 2662 in
361 2605 551 2678 sequentibus
575 2605 751 2676 continetur)
765 2608 845 2664 vadit
860 2611 988 2673 salutaro
1042 2608 1096 2660 est.
1113 2603 1211 2660 Minus
1226 2602 1304 2659 enim
1319 2602 1430 2659 laeduat
1452 2602 1555 2675 jacula
1579 2620 1643 2677 qua
1668 2607 1864 2678 praevidentur

168 2702 197 2755 at
211 2695 385 2769 obsequium
400 2699 537 2768 prestare
554 2693 711 2762 Elisabeth,
722 2696 816 2754 Mater
825 2698 886 2769 Dei,
900 2704 989 2760 matri
1042 2709 1130 2765 (luam
1145 2710 1180 2751 0³
1195 2710 1259 2766 (111oe
1270 2709 1327 2749 non
1339 2692 1543 2765 prffllideniur·
1554 2693 1647 2766 igitur
1656 2694 1753 2753 iturus
1762 2697 1863 2774 inipsa

168 2785 307 2855 hominis,
321 2787 415 2840 mater
425 2782 521 2856 Regis,
536 2784 621 2839 matri
634 2784 719 2840 servi.
735 2786 815 2851 Quod
827 2792 871 2844 est
886 2795 988 2850 contra
1042 2787 1126 2840 nocte
1145 2783 1181 2839 ad
1192 2779 1359 2855 passionem
1368 2797 1418 2838 eos
1424 2781 1610 2856 praemunivit
1618 2784 1862 2860 etprasiastruxit,

169 2874 325 2950 plerosque
340 2878 485 2940 nostrum,
495 2873 599 2929 iratres
609 2871 676 2940 mei,
691 2890 764 2946 quos
775 2875 800 2930 si
810 2879 987 2953 quandoque
1041 2871 1118 2929 sicut
1132 2870 1162 2927 ia
1179 2870 1329 2944 prelibata
1344 2869 1489 2945 Evangelii
1504 2869 1627 2929 lectione
1645 2873 1735 2931 mado
1748 2876 1863 2934 audivi·

167 2962 277 3021 nostris
293 2961 531 3019 simulationibus
543 2960 672 3017 Ecclesia
681 2962 847 3035 decepta,et
857 2971 913 3024 Deo
924 2985 987 3041 per-
1041 2960 1105 3018 stis.
1123 2961 1203 3018 Facit
1219 2964 1317 3016 autem
1334 2959 1364 3015 in
1376 2957 1441 3032 ipse
1456 2958 1579 3017 lectione
1604 2966 1742 3034 quatuor.
1765 2965 1863 3026 Prima

167 3053 311 3123 mittente,
328 3052 363 3107 ad
375 3050 503 3124 aliquam
515 3049 801 3108 administrationem
813 3055 988 3114 ecclesiasti·
1042 3050 1121 3107 enim
1137 3065 1186 3106 ⁸0⁸
1201 3049 1535 3119 ⁰⁰n³01⁸i11h8001¹¹1d02
1553 3051 1589 3106 id
1605 3049 1862 3126 intimationem

167 3159 232 3199 cam
247 3140 432 3214 promoverit,
449 3139 556 3196 nostris
572 3138 748 3196 meritishoc
763 3143 950 3216 ascribimus,
959 3151 988 3205 et
1001 3117 1024 3188 G
1043 3140 1171 3203 'Pholum
1187 3138 1313 3196 ostendii
1328 3155 1359 3195 se
1373 3154 1436 3195 esse
1450 3137 1527 3195 viem
1543 3141 1738 3212 perquamad
1748 3143 1863 3203 Patren

168 3235 273 3288 nostre
288 3229 454 3303 fragilitatis
470 3227 551 3284 obiiti
563 3232 681 3284 cateros
696 3232 923 3302 contemnimus,
935 3236 989 3294 im·
1040 3228 1110 3285 itur.
1127 3228 1237 3295 Tertio,
1247 3227 1283 3284 ad
1294 3227 1464 3301 petitionem
1476 3226 1612 3301 Philippi,
1621 3245 1715 3302 perse
1725 3234 1862 3307 cognosci

169 3336 314 3377 memores
329 3317 445 3374 Domini
460 3316 583 3389 exempli
601 3317 704 3389 (lluttli.
721 3321 780 3389 aa)
795 3322 845 3392 qui
862 3340 919 3380 non
935 3325 988 3382 mi·
1041 3318 1156 3375 Patrem
1168 3317 1247 3374 dicit.
1257 3319 1375 3385 Quarto,
1387 3317 1457 3390 quid
1470 3318 1864 3380 mereaturveriiidesosten·

168 3408 304 3474 nistrare,
321 3407 370 3462 sed
388 3405 549 3462 ministrari
565 3405 710 3475 volumus,
729 3424 841 3481 nosque
860 3429 918 3468 non
933 3429 986 3486 pa.
1040 3408 1093 3464 dit.
1111 3409 1211 3479 ltaque
1226 3423 1276 3463 eos
1291 3405 1447 3463 consolans
1462 3405 1502 3463 ait
1517 3423 1524 3463 ε
1541 3411 1601 3465 lica
1616 3408 1741 3465 turdeber
1754 3424 1804 3469 eor
1817 3428 1862 3471 ve·

151 3505 222 3564 tres,
238 3498 289 3552 sed
304 3495 438 3551 dominos
454 3495 690 3551 demonstramus
720 3514 984 3574 numerumaquo-
1038 3505 1137 3563 etnim,
1154 3496 1330 3571 aesidicat:
1348 3498 1468 3568 Propter
1493 3496 1661 3568 passionem
1687 3513 1786 3556 meam
1803 3517 1860 3559 oon

1408 1977 1493 2034 xvll.

153 3601 230 3650 ram,
248 3600 381 3639 acervum
399 3583 576 3647 divitiarum,
593 3583 751 3640 mutatoria
770 3585 904 3644 mollium
928 3607 973 3647 ve·

150 3673 356 3729 stimantorum
372 3671 457 3727 nobis
473 3688 676 3745 aggregamus,
704 3690 771 3729 cum
787 3692 894 3749 pompa
910 3678 973 3752 glo.

150 3761 252 3834 risque
267 3759 463 3833 procedimus,
480 3766 508 3816 et
523 3761 552 3815 ia
573 3761 630 3816 alto
652 3760 802 3818 sublimati
832 3766 971 3825 mortales

147 3849 245 3906 videre
257 3849 460 3920 dedignamur,
468 3849 545 3920 quod
557 3848 696 3905 iacientes
707 3867 764 3905 non
773 3850 970 3912 humilitatem

149 3955 238 4011 quam
254 3937 396 3994 Dominus
407 3937 619 3993 demonstravit
630 3938 725 4005 nobis,
735 3940 784 3996 sed
801 3942 969 4013 superbiam

148 4026 322 4083 diabolicam
339 4027 500 4082 imitamur.
519 4026 625 4083 Deinde
636 4027 721 4082 beata
735 4028 822 4102 Virgo
834 4047 884 4102 per
896 4032 969 4090 desi·

147 4115 310 4172 derativum
326 4120 354 4172 et
367 4115 585 4187 deprecativam
601 4116 722 4172 verbum
747 4117 895 4176 desiderat
908 4125 971 4179 tota

148 4208 282 4259 menteet
292 4203 622 4277 deprecaturadimpleri
634 4205 812 4276 promissum
824 4225 891 4264 cum
903 4212 972 4267 sub·

146 4293 190 4348 dit
207 4309 213 4348 :
228 4294 289 4348 Fiat
308 4292 380 4348 mibi
403 4292 552 4348 secundum
580 4293 692 4349 verbum
718 4302 804 4363 taam,
831 4298 908 4369 quod
924 4304 970 4356 est

1037 3589 1255 3642 commoveatur
1269 3601 1318 3641 cor
1332 3589 1461 3641 vestrum
1477 3583 1663 3642 estabilitate
1677 3586 1746 3644 iidsi
1759 3592 1858 3646 staua

1036 3672 1268 3747 tranquillitatis.
1283 3673 1318 3729 st
1333 3689 1423 3746 quare
1452 3690 1510 3730 non
1538 3674 1664 3730 debeam
1691 3677 1857 3749 perturbari

1034 3764 1171 3831 ostendit,
1187 3779 1255 3819 cum
1267 3762 1376 3818 subdit.
1394 3762 1509 3820 Creditis
1520 3765 1548 3819 ia
1561 3764 1657 3830 Deam,
1668 3772 1694 3821 et
1704 3766 1737 3821 ie
1749 3781 1858 3825 meere·

1033 3852 1098 3920 dite,
1115 3851 1144 3907 id
1160 3856 1214 3918 est,
1229 3851 1253 3907 si
1269 3851 1388 3908 creditis
1403 3855 1519 3908 Patrem
1533 3868 1597 3909 esse
1612 3852 1856 3927 omnipotentem,

1032 3957 1214 4013 consequens
1224 3944 1269 3997 est
1279 3946 1312 3995 ut
1323 3956 1491 4012 mequcque
1502 3940 1856 4017 consubstantialemque

1032 4030 1138 4086 Filium
1154 4029 1280 4086 credatis
1294 4028 1536 4100 omnipotentem,
1566 4029 1617 4102 qui
1646 4029 1770 4089 detineri
1795 4049 1853 4091 aaa

1031 4134 1152 4190 possum
1172 4133 1189 4172 a
1202 4121 1304 4183 morte,
1321 4117 1372 4173 sed
1388 4133 1454 4171 sum
1466 4116 1609 4174 Dominus
1618 4118 1723 4175 mortis
1734 4123 1765 4176 et
1776 4120 1852 4178 vitas.

1030 4206 1084 4263 Sed
1101 4210 1129 4262 et
1144 4206 1167 4264 si
1188 4206 1338 4279 contingat
1351 4222 1404 4262 vos
1427 4205 1456 4261 in
1486 4205 1623 4278 passione
1645 4222 1712 4265 mea
1739 4208 1853 4267 turbari

1029 4312 1123 4368 usque
1136 4293 1180 4351 vel
1197 4295 1233 4350 ad
1249 4294 1359 4367 lugam,
1370 4292 1414 4349 vel
1425 4293 1460 4349 ad
1472 4292 1694 4365 dubitationem,
1706 4295 1851 4356 ueletiam

147 4385 249 4438 contra
263 4385 393 4454 teporem
408 4381 603 4452 quorumdam
621 4386 765 4447 nostrum,
783 4383 886 4441 iratres
897 4387 966 4456 mei,
1027 4385 1063 4441 ad
1080 4382 1275 4457 negationem,
1291 4387 1389 4439 tamen
1405 4399 1463 4439 noa
1475 4381 1685 4457 perturbemini
1700 4401 1798 4459 esque
1814 4387 1851 4444 ad

146 4469 195 4541 qui
212 4471 247 4525 ad
263 4474 385 4526 eternas
400 4473 429 4525 et
439 4470 539 4525 beatas
551 4468 601 4525 Dei
610 4470 819 4541 promissiones
827 4476 966 4547 torpesci-
982 4489 1005 4554 p
1027 4471 1270 4545 desperationem,
1287 4469 1426 4543 quoniam
1441 4469 1471 4527 in
1487 4471 1575 4528 domo
1585 4471 1680 4530 Patris
1694 4474 1753 4529 mei
1767 4473 1852 4532 caele·

145 4574 221 4627 mus,
239 4575 306 4614 cum
323 4563 421 4615 tamen
435 4559 470 4614 ad
487 4557 695 4630 promissiones
707 4561 881 4632 temporales
893 4563 968 4620 inar-
1021 4562 1087 4631 stis,
1104 4576 1162 4617 non
1174 4558 1269 4617 solum
1281 4559 1331 4632 qui
1345 4574 1497 4632 nunquam
1509 4560 1687 4631 ceciderunt,
1698 4562 1850 4622 sedetiam

144 4645 309 4703 descamus.
323 4649 404 4704 Certe
416 4647 439 4703 si
453 4646 561 4718 aliquis
572 4662 621 4701 rea
631 4647 801 4720 temporalis
815 4651 967 4722 promittat
1019 4651 1069 4722 qui
1081 4649 1257 4716 ceciderant,
1269 4653 1298 4704 et
1307 4665 1359 4722 per
1368 4647 1566 4721 penitentiam
1575 4650 1845 4724 esurguntloeum

144 4736 229 4792 nobis
244 4736 369 4793 honoras
385 4741 413 4792 et
428 4735 544 4792 divitias
557 4753 655 4804 vanas,
672 4753 721 4793 eas
737 4753 804 4794 cum
818 4743 878 4796 toto
893 4741 966 4798 desi·
1019 4738 1139 4795 babent.
1156 4736 1238 4793 Unde
1252 4741 1280 4793 et
1292 4737 1429 4794 subditur
1445 4753 1453 4793 ι
1469 4738 1588 4796 ludariae
1595 4741 1688 4796 Patria
1701 4741 1847 4798 maman·

143 4824 224 4880 derio
240 4841 298 4880 non
314 4825 422 4881 dillerri
439 4830 575 4897 optamus
589 4828 618 4879 et
643 4823 836 4896 postulamus.
853 4828 887 4883 llt
901 4845 966 4886 ecco
1019 4829 1109 4884 siem
1123 4827 1219 4884 multae
1230 4833 1302 4882 suat.
1312 4826 1394 4892 Quod
1410 4829 1508 4883 autem
1525 4826 1667 4885 Dominus
1682 4832 1755 4885 tane
1769 4831 1846 4888 diee-

143 4910 219 4969 Deus
236 4913 379 4985 promittit
393 4914 478 4969 nobis
493 4917 633 4968 arternum
649 4917 678 4968 et
697 4914 814 4971 beatum
831 4933 964 4990 regnum,
1019 4915 1070 4972 bat
1083 4913 1246 4987 discipulis,
1264 4931 1317 4988 ego
1332 4931 1421 4984 nune,
1438 4931 1555 4990 quoque
1570 4917 1674 4974 lbatres
1688 4918 1748 4974 mei
1772 4918 1842 4976 oba·

142 5001 288 5073 promittit
303 5001 387 5057 nobis
416 5001 542 5058 calestia
571 5001 687 5067 bona«
704 5019 767 5074 qua
784 5020 837 5060 neo
861 5005 965 5064 oculus
1019 5002 1314 5068 rissimi,dieoaobis.
1330 5004 1359 5061 Si
1373 5004 1529 5079 eontigerit
1543 5007 1717 5063 vosturbari
1732 5007 1843 5066 eaden·

140 5088 223 5151 vidit,
249 5105 302 5143 nec
331 5090 546 5158 aurisaudivit,
563 5094 592 5146 et
612 5090 641 5144 in
673 5106 722 5145 cor
748 5090 876 5149 bominis
905 5112 963 5152 non
1016 5092 1098 5148 doin
1115 5090 1234 5164 aliquod
1254 5108 1341 5165 grave
1370 5105 1534 5166 peccatum,
1561 5110 1621 5152 non
1650 5095 1843 5168 perturbetur

141 5176 273 5232 ascendit
301 5178 325 5247 (l
352 5177 413 5232 Cor.
444 5179 482 5249 u.)
513 5201 526 5228 a
551 5183 579 5234 et
607 5179 643 5232 ad
679 5177 730 5233 illa
766 5182 962 5253 torpescimus
1017 5197 1067 5237 cor
1108 5185 1241 5237 vestrum
1285 5198 1379 5253 usque
1416 5183 1452 5239 ad
1491 5182 1735 5257 desperationem,
1770 5201 1842 5260 qus

142 5267 171 5319 et
199 5263 380 5337 negligentes
408 5283 522 5322 sumus.
553 5266 590 5323 Ut
618 5266 779 5339 quidhoc,
805 5269 862 5325 nisi
893 5271 978 5344 quia·
1016 5270 1096 5326 niam
1126 5269 1227 5326 nullus
1252 5269 1342 5327 tantis
1377 5269 1496 5345 flagitiis
1531 5276 1561 5328 et
1594 5271 1757 5330 sceleribus
1789 5291 1841 5348 po·

139 5351 314 5423 temporalia
339 5353 426 5409 nimis
460 5356 594 5411 ardenter
617 5371 761 5423 amamus,
788 5361 817 5412 et
837 5358 964 5417 calestia
1015 5363 1072 5417 test
1100 5356 1254 5430 implicari,
1284 5359 1334 5431 qui
1368 5375 1419 5432 per
1448 5358 1650 5434 paenitentiam
1682 5377 1740 5418 noa
1771 5378 1841 5436 pos·

137 5438 224 5506 bona,
249 5439 292 5497 vel
309 5459 366 5498 non
389 5444 546 5510 oredimus,
573 5442 616 5499 vel
632 5444 960 5521 contemnimusil'ict,
1015 5447 1053 5505 sit
1076 5447 1216 5520 reparari,
1246 5451 1275 5503 et
1303 5445 1402 5504 locum
1430 5447 1461 5504 in
1490 5465 1580 5523 regno
1608 5447 1747 5506 celorum
1776 5451 1841 5509 edi-

139 5527 246 5600 inquit,
259 5533 331 5587 mibi
341 5532 489 5589 secandum
504 5532 615 5588 vertam
629 5540 716 5588 taam.
735 5535 798 5591 Fiet
808 5535 879 5592 mibi
891 5541 920 5594 et
930 5537 960 5594 in
1014 5535 1098 5611 pisci,
1124 5534 1153 5594 in
1179 5551 1233 5608 qao
1262 5539 1332 5593 suat
1362 5536 1482 5596 diverses
1511 5537 1691 5606 mansiones,
1720 5536 1751 5599 id
1782 5544 1841 5611 est,
