3816 6006
420 242 574 307 1111101118
593 243 724 309 ensis.
747 244 850 308 lllS'P.
873 244 1080 313 tineosos.
1095 246 1224 311 -tua
1245 246 1286 311 ti.
1479 278 1484 285 ·
1645 245 1707 321 W

77 385 172 439 maus,
189 371 298 430 nostris
312 372 371 446 (te)
384 373 503 431 castella
517 375 682 458 propinqua
693 377 822 448 tenebat,
836 377 865 446 Α
879 379 992 436 Tureus
1007 394 1116 453 equum
1131 379 1221 439 irenis
1235 376 1402 454 indulgens,
1416 381 1502 454 urget
1515 377 1649 442 habenis.

77 457 141 517 ibus
156 459 298 518 auxilium
313 462 382 519 dare
396 462 578 522 Christicolis
593 465 777 539 prohibebat.
878 467 1008 542 Praceps
1022 468 1072 527 ille
1085 469 1170 544 sugit,
1186 467 1276 526 tellus
1288 469 1361 542 pede
1375 467 1489 526 concita
1504 469 1609 544 mugit.

77 547 100 615 11
115 553 272 624 postquam
285 550 394 627 fiducia
407 569 464 609 uon
480 554 535 611 iuit
549 573 692 630 unquam,
877 558 910 612 lu
926 574 1030 632 eampo
1040 557 1137 615 lentns
1147 559 1227 631 jacet
1241 574 1327 616 arcus
1342 556 1572 631 pulverulentus.

77 643 240 697 uvasernnt
252 645 350 699 metus
364 647 393 698 et
404 644 509 716 pudor,
524 644 716 719 obriguerunt
877 646 934 702 iste
943 646 1018 720 jacit
1032 647 1126 720 pictus
1141 647 1303 721 pharetras,
1318 646 1397 720 capit
1411 645 1460 705 illo
1474 645 1602 716 relictas,

77 743 130 785 ces
143 727 244 797 animi,
261 729 410 805 trepidant
423 735 452 789 et
466 731 497 790 iu
512 734 630 808 agmine
645 733 743 808 primi.
875 733 956 791 Alter
969 737 1113 794 currendo
1124 753 1156 795 sc
1171 735 1275 794 liberat
1289 736 1359 793 orbe
1374 737 1511 793 rotundo.

77 819 124 892 tet
134 820 268 874 auctores
281 836 378 876 rerum
394 825 437 878 tot
452 822 542 880 inisse
557 824 683 892 labores,
877 823 998 897 Singula
1013 824 1083 898 quid
1103 825 1220 882 dicam?
1234 829 1352 899 gentem
1367 829 1507 898 superant
1521 825 1684 885 inimicam.

77 907 119 963 tet
133 904 253 980 incepti,
271 924 338 965 mox
352 908 383 965 in
398 928 453 967 sua
467 916 563 969 castra
578 912 696 987 recepti,
875 912 929 969 vix
943 917 1098 971 evaseruut
1111 913 1213 987 aliqui,
1229 913 1329 988 plures
1342 913 1502 987 perierunt,

85 999 308 1068 perscrutantur
323 999 392 1071 qnid
409 1004 507 1073 agant,
522 1001 617 1076 magis
631 1007 823 1062 attenuantur
876 1003 930 1071 Qui
945 1004 1017 1062 dum
1032 1002 1182 1060 luctantur
1196 1020 1335 1077 superare
1350 1004 1468 1073 vadum,
1485 1008 1673 1077 superantur.

77 1099 113 1145 dn
137 1089 260 1154 mentes,
284 1087 362 1144 mala
384 1105 565 1162 quacunque
590 1091 689 1149 futura
711 1098 818 1166 putan·
876 1094 908 1150 ln
925 1090 1003 1151 bello
1016 1093 1099 1151 strati
1113 1091 1280 1165 paucisunt
1295 1109 1365 1151 ense
1380 1093 1475 1150 necati

655 1228 658 1234 .
677 1184 733 1255 [tes
748 1184 816 1254 (43),
990 1183 1145 1240 Chrestiani
1158 1188 1280 1241 castrum
1294 1182 1451 1255 infidelium
1463 1182 1586 1254 capient.

77 1265 209 1336 poterant
223 1264 350 1332 lieri,sed
367 1284 452 1325 mens
467 1274 512 1327 est
527 1269 622 1328 inscia
635 1273 706 1341 veri,
911 1270 990 1327 Hanc
1006 1276 1135 1346 stragem
1150 1271 1271 1345 quidam
1286 1269 1410 1345 gentiles
1426 1269 1653 1344 prospiciebant,

85 1351 163 1426 sapit
173 1352 488 1430 humanum,prooercs
499 1359 820 1434 dantdeuiquevanum
874 1359 1031 1419 Castellum
1048 1361 1195 1434 quoddam
1210 1360 1333 1434 quinon
1347 1358 1449 1434 procul
1465 1359 1533 1416 inde
1546 1361 1686 1418 tenebant

77 1439 153 1507 lium
170 1442 272 1512 turba,
289 1446 368 1516 quod
383 1447 508 1520 quisque
524 1451 641 1509 recedat
655 1452 692 1507 ab
706 1452 788 1522 urbe,
875 1447 954 1506 lilino
969 1448 1108 1524 ingerunt
1122 1454 1151 1506 et
1166 1453 1296 1509 castrum
1308 1449 1512 1507 deseruerunt.

86 1533 248 1601 tutetur,ne
263 1533 343 1607 turpi
359 1540 452 1594 morte
467 1543 596 1595 necetur.
875 1538 947 1594 Huic
961 1555 1097 1612 proceres
1113 1539 1205 1596 nostri
1220 1538 1359 1600 custodes
1374 1537 1590 1611 imposueruut;

117 1621 198 1678 Pvrct
212 1624 279 1679 victi
291 1640 423 1681 retonare
438 1643 563 1700 pugnam
577 1637 692 1686 1111111111.
875 1628 928 1694 Qui
945 1628 1127 1691 custodirent
1141 1633 1277 1702 pontem3
1294 1632 1362 1702 post
1376 1628 1437 1686 hac
1452 1626 1602 1689 redierunt

77 1724 105 1777 aa
118 1714 189 1773 snut
204 1712 333 1769 attonita
348 1717 392 1771 tot
407 1719 519 1788 gentes,
536 1717 615 1774 tama
630 1722 747 1792 ropentc
834 1740 857 1807 B
875 1715 989 1774 Auxilio
1003 1717 1069 1774 fulti
1084 1714 1192 1787 divino,
1209 1717 1324 1774 fortiter
1338 1715 1402 1774 ulti.

77 1797 321 1874 docetingratam,
331 1819 460 1875 pugnam
470 1811 662 1878 propeoastra
672 1812 815 1881 paratam.
872 1809 932 1861 Hos
947 1809 1122 1878 exceperunt
1137 1805 1220 1874 socii,
1235 1805 1349 1879 latiqee
1363 1805 1491 1864 luerunt.

79 1891 139 1949 loss
153 1888 285 1961 predicti
298 1891 394 1964 primo
409 1895 569 1951 certamine
583 1895 663 1968 victi,
872 1893 1013 1951 conflictu
1029 1893 1138 1967 duplici
1154 1894 1232 1967 quod
1248 1894 1436 1952 conciderant
1451 1891 1574 1951 inimici.

77 1994 104 2047 aa
120 1975 256 2041 collectas
269 1985 434 2039 castrorum
450 1982 563 2040 solvere
577 1988 654 2042 tecta
871 1982 945 2039 Nam
960 1982 1032 2040 dnm
1045 1982 1176 2056 predicti
1191 1986 1334 2057 pugnant,
1351 1982 1389 2041 ad
1404 1985 1501 2041 castra
1516 1979 1610 2049 relicti

89 2065 271 2136 diffidebant,
285 2073 313 2126 et
327 2070 425 2128 adhuc
440 2072 522 2129 taciti
537 2073 701 2132 veniebant.
872 2070 1020 2147 Insignem
1035 2071 1164 2145 palmam
1179 2071 1215 2129 de
1229 2070 1341 2129 civibus
1356 2071 1557 2141 obtinuerunt,

77 2155 116 2233 rbi
129 2159 289 2230 torpentes,
306 2159 390 2233 quasi
407 2161 442 2216 de
457 2177 563 2218 somno
579 2163 746 2231 redeuutes,
873 2161 906 2216 111
921 2159 1008 2218 multi
1021 2161 1131 2218 virtute
1140 2160 1190 2221 Dei
1200 2176 1310 2234 paucos
1325 2159 1498 2221 timuerunt·

77 2261 116 2323 qs
129 2245 302 2316 hauserunt,
319 2246 376 2305 ⁸110
390 2249 440 2306 alii
455 2256 643 2309 monuerunt.
920 2269 1000 2326 Terei
1012 2285 1027 2324 e
1041 2269 1152 2325 civetate
1167 2275 1348 2341 amempcvtes
1362 2268 1462 2328 11111111
1478 2265 1650 2331 Christianos,

78 2338 151 2393 eunt
163 2334 272 2407 vultus,
289 2338 408 2396 auditur
423 2339 532 2414 ubique
548 2342 693 2399 tumultus
1226 2339 1341 2401 cedern

77 2421 127 2481 luti
142 2428 247 2481 ventus
261 2441 329 2481 oum
345 2422 384 2482 sit
399 2428 496 2485 subito
509 2428 664 2499 violentus,
908 2428 971 2487 Non
985 2432 1085 2485 tamen
1101 2428 1205 2489 audaci
1220 2427 1329 2501 populo
1345 2425 1455 2487 llduois
1467 2425 1569 2494 cessit,

77 2528 146 2583 nara
159 2530 248 2586 parva
262 2514 338 2584 irati,
356 2517 407 2574 sed
424 2533 481 2574 non
497 2517 617 2575 omnino
633 2519 734 2593 quieti,
872 2517 929 2574 Nee
943 2516 1032 2575 sociis
1044 2517 1167 2577 adversa
1180 2516 1243 2574 suis
1259 2515 1376 2574 iortuua
1391 2515 1531 2590 repressit

77 2604 115 2671 at,
131 2605 161 2658 at
175 2601 310 2660 intlatum
325 2608 443 2662 resonat
457 2623 547 2675 mare,
564 2608 660 2666 reddit
674 2608 798 2681 hiatum,
872 2606 946 2681 llrgo
962 2611 1081 2680 repenle
1096 2605 1176 2665 cavie
1191 2606 1227 2662 de
1241 2605 1374 2663 turribus
1386 2604 1567 2680 egredientes

77 2689 193 2763 eicrcns
208 2691 331 2760 subitas,
349 2692 391 2750 sic
406 2711 511 2769 aspera
524 2695 604 2755 iama
614 2698 747 2770 jacentes
871 2693 969 2763 Terei,
985 2695 1146 2755 turbabant
1159 2694 1254 2751 victus
1269 2694 1309 2753 ad·
1321 2697 1419 2752 castra
1429 2693 1567 2762 ferentes,

77 2776 104 2857 it
116 2783 241 2847 mentes,
256 2781 372 2838 animos
387 2781 449 2856 agit
461 2783 505 2841 ira
520 2784 650 2861 iurantes
665 2786 732 2861 (44),
870 2783 945 2840 Neve
960 2782 1026 2840 dolo
1041 2782 1092 2839 tali
1107 2786 1276 2857 paterentur
1288 2799 1364 2856 sape
1378 2781 1507 2852 ruinam,

77 2883 156 2927 suae
170 2870 275 2928 caetris
290 2869 368 2928 acies
383 2873 515 2944 procedit
528 2875 683 2948 equestris,
871 2873 1008 2931 Invenere
1023 2874 1112 2931 duces
1128 2871 1221 2929 nostri
1236 2888 1325 2945 super
1339 2873 1394 2930 hoc
1409 2869 1596 2933 medicinam.

77 2959 296 3043 quadringentis
311 2967 425 3020 armata
439 2963 587 3038 simulque
602 2967 738 3024 trecentis
749 2967 815 3042 (45),
870 2964 965 3034 Atque
980 2978 1068 3034 super
1082 2965 1222 3030 monem,
1235 2961 1321 3033 Juxta
1331 2959 1464 3027 fluvium,
1475 2974 1565 3035 prope
1576 2959 1697 3031 pontem

77 3063 116 3105 ‚en
131 3048 186 3122 (46)
197 3049 267 3117 dira
282 3050 377 3123 gentis
393 3068 450 3108 non
466 3052 566 3110 horret
581 3054 671 3112 adire.
871 3048 1029 3111 Castellum
1045 3048 1108 3105 fieri
1122 3053 1267 3117 statuunt,
1284 3051 1461 3122 pontemque
1475 3045 1561 3107 lueri·
1603 3097 1611 3109 .

77 3136 171 3225 rigens
185 3139 242 3209 (17)
256 3140 366 3199 destris
382 3142 455 3215 pede
477 3147 615 3217 prompta
630 3147 745 3203 caterva
768 3109 851 3220 pec
871 3139 926 3197 Sed
943 3156 989 3196 res
1004 3136 1133 3196 diflicilia
1148 3155 1185 3194 ne
1201 3136 1394 3198 conficeretur·
1408 3136 1445 3195 ab
1459 3135 1519 3193 iliis

108 3216 113 3225 ’
685 3233 814 3307 [descrig
870 3226 948 3284 Bello
962 3226 1122 3300 quassatis,
1137 3230 1166 3284 ct
1180 3223 1292 3289 viribus
1307 3223 1478 3287 attenuatis.

77 3330 156 3393 qsero
171 3332 259 3389 parvo
275 3318 405 3375 renitens
419 3319 574 3391 exponitur
589 3338 667 3389 arvo,
870 3317 936 3374 lllox
950 3314 1135 3383 Boimundus
1147 3332 1221 3389 equo
1237 3313 1313 3379 celer
1326 3313 1430 3383 insilit,
1446 3317 1479 3377 et
1489 3310 1574 3389 quasi
1589 3327 1685 3386 premi

77 3405 259 3481 accingenti
275 3407 388 3480 pedites
403 3407 486 3464 ibant
499 3409 656 3467 numerati.
869 3406 1012 3467 Convocat
1026 3422 1041 3461 e
1056 3404 1161 3469 castris
1175 3402 1298 3477 aliquos,
1315 3401 1504 3478 vergentibus
1516 3398 1618 3469 astris,

77 3490 158 3563 11111111
180 3493 330 3563 incedunt,
348 3496 398 3557 sed
423 3496 453 3554 in
476 3498 595 3572 agmina
614 3499 669 3573 (48)
685 3499 815 3574 quinque
868 3493 975 3566 AEgidii
990 3493 1089 3561 Sancti
1101 3508 1200 3553 comcs
1215 3492 1379 3559 associatur
1392 3491 1484 3554 eunti.

652 3589 812 3661 [recedung
869 3583 999 3641 Ensibus
1009 3600 1077 3658 ergo
1092 3582 1178 3647 bonis
1191 3582 1238 3641 ssei
1254 3582 1321 3654 (50),
1338 3580 1443 3645 Sancti
1454 3579 1604 3641 Simeonis

78 3667 178 3745 sisque
195 3670 295 3735 tribus,
305 3670 408 3743 leucia,
423 3674 548 3750 aliisque
562 3676 688 3747 duabus,
867 3672 909 3729 Ad
926 3675 1042 3745 portam
1054 3674 1222 3747 properant,
1235 3674 1267 3729 ut
1281 3671 1317 3733 ab
1331 3670 1379 3731 hie
1395 3666 1536 3743 sutfragia
1549 3671 1692 3744 querant,

77 3775 112 3837 ep,
122 3763 236 3833 optatos
251 3761 351 3823 hostes
366 3763 463 3821 videre
478 3769 595 3838 paratos
867 3761 921 3828 Qui
936 3778 991 3819 sna
1004 3761 1169 3820 vendebant
1182 3759 1252 3829 illic,
1269 3759 1437 3835 nostrisque
1452 3758 1598 3821 favebant.

77 3852 161 3913 antem
176 3848 255 3918 ferri,
268 3858 417 3925 nequeunt
432 3855 615 3912 numerando
631 3855 732 3915 referri
867 3851 901 3908 ili
918 3854 989 3908 sunt
1002 3851 1181 3918 Genuensos,
1196 3848 1293 3924 Angli,
1310 3849 1514 3925 venetumque
1529 3847 1665 3917 colentes

77 3954 112 4009 aa
125 3936 299 4008 Turoorum,
316 3956 369 3997 nec
384 3941 429 3999 vis
443 3942 521 4016 eapit
536 3943 597 4001 haeo
611 3944 775 4005 oculorum.
867 3938 1075 4010 Pisani,cuncti
1092 3937 1186 3995 navali
1203 3941 1295 3995 marte
1311 3938 1408 4012 periti.

77 4024 224 4085 bristiocos
236 4029 436 4099 aggredientur
451 4047 469 4086 o
484 4031 582 4103 quidus
596 4036 742 4105 segon-ter.
866 4034 998 4103 Dumque
1012 4029 1102 4087 duces
1116 4028 1247 4097 aberant,
1264 4027 1370 4101 reliqui
1381 4031 1547 4102 torpescere
1561 4030 1690 4102 sperant,

77 4116 249 4191 teqabsqua
265 4135 357 4187 mora,
375 4119 430 4176 sub
447 4119 550 4179 eadem
566 4121 678 4179 scilicet
692 4122 774 4193 hora,
865 4120 896 4178 Si
911 4135 968 4177 non
983 4117 1158 4191 impeterent
1172 4114 1260 4182 cives,
1275 4114 1401 4188 urbique
1414 4119 1560 4175 nocerent.

77 4203 265 4279 inviderunt,
280 4209 308 4262 et
323 4205 354 4261 in
368 4206 448 4280 ipsos
464 4224 494 4264 se
509 4213 680 4281 rapuerunt,
865 4205 1001 4265 Protinus
1014 4204 1122 4261 aillatis
1137 4203 1245 4261 animis
1259 4207 1345 4260 vento
1361 4202 1499 4271 levitatis,

77 4280 105 4367 la
117 4290 285 4365 mittuntur,
302 4293 519 4365 clamorcstela
534 4302 709 4369 sequuntur.
864 4295 1015 4359 Urbanum
1031 4297 1139 4351 temere
1151 4296 1270 4365 pontem
1285 4292 1376 4349 nostri
1392 4293 1510 4366 petiere.

77 4381 324 4463 (1111811111181111
342 4383 629 4443 111111111111111111.
863 4385 911 4442 Sic
926 4380 1097 4441 inconsulte
1111 4380 1208 4455 gentis
1222 4380 1298 4439 iacto
1312 4396 1410 4459 grege,
1424 4380 1515 4441 stulte

77 4485 187 4545 dequo
201 4471 344 4544 gaudens,
360 4489 413 4529 nec
429 4471 531 4545 prelia
550 4473 684 4544 cominus
699 4476 812 4539 audens
825 4476 850 4543 1)
863 4474 1003 4531 Provocat
1016 4470 1139 4529 hostiles
1155 4470 1265 4529 Turoos
1280 4485 1370 4543 prope
1385 4469 1494 4527 moenia
1509 4467 1605 4529 milas.

77 4560 166 4627 ctare,
179 4563 262 4615 tonat
276 4559 383 4626 verbis,
400 4565 575 4634 nostrosque
589 4568 719 4620 coronat.
864 4562 1040 4629 Panduntur
1054 4559 1145 4634 portis
1160 4557 1257 4617 subito
1273 4557 1451 4625 clamoribus
1466 4556 1538 4617 ortis

77 4645 191 4707 „vallati
207 4652 287 4717 stam
302 4648 332 4709 in
344 4649 440 4708 medio
455 4648 621 4723 glomerati,
863 4650 970 4708 Nudati
986 4650 1109 4724 pedites,
1125 4646 1311 4721 quorumvis
1326 4645 1441 4720 spicula
1453 4646 1538 4718 vites,

77 4733 272 4815 tepeobstaqt,
288 4735 381 4812 clypei
394 4737 542 4813 galeaque
556 4741 705 4804 resultant
863 4737 1080 4811 Prosilientque
1095 4734 1145 4793 citi
1155 4737 1280 4810 Juvenes
1293 4734 1375 4793 vittis
1387 4734 1526 4795 redimiti.

77 4820 274 4901 dinaniensis,
283 4842 448 4901 ensemque,
457 4828 627 4897 reverberat¹
636 4830 727 4890 ensis.
862 4829 895 4884 111
909 4824 1011 4902 procul
1024 4825 1131 4889 exertis
1142 4823 1315 4897 Jaculautvr
1328 4823 1466 4899 ubisque
1481 4822 1607 4893 lacertis.

77 4927 105 4969 ne
118 4911 230 4986 fatigati
246 4914 343 4982 Turni,
361 4915 477 4988 lateque
492 4917 598 4985 necati,
860 4915 910 4973 Ille
926 4914 1016 4972 sudes
1026 4913 1109 4986 iacit,
1124 4912 1172 4970 hic
1188 4913 1311 4987 lapidee,
1327 4912 1375 4969 hic
1385 4912 1452 4983 tela,
1469 4912 1520 4970 scd
1535 4911 1584 4970 ille

77 5015 109 5073 pe
121 4999 256 5058 vincendi
272 5004 462 5072 contendunt,
476 5004 534 5072 sed.
544 5003 686 5078 fugiendi.
859 5006 933 5062 Dum
949 5002 1077 5061 trahitur
1090 5003 1182 5085 gemit
1193 5002 1263 5085 qhic
1278 5003 1389 5076 petitur
1400 5019 1454 5076 par.
1465 5001 1579 5078 spinule
1593 5000 1684 5070 mille,

77 5088 146 5146 ersis
160 5090 253 5147 scutis
268 5090 376 5163 petitur
391 5093 453 5163 (19)Ι
465 5093 544 5167 luga,
560 5109 650 5153 cansa
669 5093 783 5157 salutis.
858 5094 984 5152 Lumina
999 5098 1168 5150 nostrorum
1184 5091 1322 5150 hebetant
1336 5091 1430 5151 nubes
1442 5092 1621 5165 jaculorum,

82 5247 171 5318 coit,
187 5260 289 5308 nostro.
892 5256 938 5400 (47
964 5253 1051 5321 linit,
1067 5252 1165 5310 dende
1179 5254 1284 5324 vigens.

83 5319 171 5388 111111,
188 5323 323 5391 limentes.
904 5327 938 5383 48
963 5325 1055 5394 iidie,
1069 5326 1189 5396 agmine.

82 5390 173 5460 sdic,
190 5395 250 5466 ipso
260 5395 391 5467 serentes.
883 5398 948 5466 ’(49)
964 5395 1052 5462 Edit,
1066 5397 1182 5467 petitor.

81 5461 171 5535 snit,
187 5465 399 5538 quadringintos
414 5475 440 5524 et
455 5475 595 5534 trecenos.
891 5468 948 5540 (50)
964 5466 1052 5524 snit..
1065 5467 1116 5537 fili.

83 5532 151 5605 lte„
164 5538 405 5613 perficam-torte
417 5530 572 5613 perfidiam.
