3816 6006
94 232 153 295 ate
511 230 632 294 PAULI
655 229 689 292 S.
711 230 830 294 Pll'llll
851 225 1123 309 uauaarurtsts
1144 224 1333 311 Mentem.
1744 223 1816 293 162,

95 381 221 438 quorum
237 362 286 419 alii
302 362 414 420 insanis
428 363 548 419 vocibus
562 363 703 419 Bedasem
718 363 825 441 Villam
837 364 918 435 eius·
934 358 1152 439 Abenestcium
1178 357 1262 425 facile
1291 358 1436 437 flerimus,
1468 357 1675 436 &applicamus
1703 366 1816 437 autem·¹

97 470 153 527 quc
169 452 333 527 adjacentia
346 471 381 508 ex
395 452 598 525 episcoporum
627 451 766 520 denariis,
780 451 830 508 alii
845 469 916 525 quo·
974 464 1076 511 omnes
1092 450 1413 520 successeresnostrcs,
1426 448 1546 521 utqued
1557 448 1816 527 benigneanobis,

97 559 155 616 que
169 560 204 599 ex
219 542 360 598 comitum
375 540 579 614 largitionibus
594 541 683 597 tuisse
711 541 918 613 proclamando
974 541 1072 593 actum
1082 535 1265 609 estipscrum
1276 552 1393 610 quoque
1401 535 1597 614 beniuolentia
1606 543 1803 607 conservetur,

99 632 265 700 alllrmant3
283 635 327 687 set
341 629 495 697 falluntur,
508 647 573 685 nam
590 630 718 703 episcopi
732 631 792 685 fere
806 646 919 699 ornnes,
976 630 1009 693 ut
1024 626 1053 681 iu
1070 625 1168 681 divina
1183 625 1373 685 retributione
1389 625 1596 705 munificentia
1607 632 1715 691 nostra
1730 629 1803 705 fiant

99 725 254 793 sequentes
270 718 383 775 Heliam
399 718 448 791 qui
464 720 617 775 temerario
634 736 707 776 ausu
718 723 747 774 et
761 718 922 776 insatiabili
977 713 1143 788 participes.
1162 714 1409 788 »archiepiscopi
1434 715 1611 792 Senonensis
1636 733 1744 781 nemen
1759 734 1805 774 ve·

100 809 219 866 vesania
233 808 329 864 lacurn
354 808 467 881 primus
490 809 627 880 pervasit,
642 813 680 875 et,
697 808 759 864 sine
782 808 924 864 bonitatis
978 807 1088 860 tustute
1102 803 1246 861 exoletum
1261 803 1458 883 inscriptum
1487 803 1666 880 dimisimus.
1683 827 1697 856 a
1714 805 1805 883 Gisle·

102 902 246 972 respectu,
263 899 356 969 ejecta
369 897 517 971 religione,
533 897 663 964 nudavit,
675 898 807 969 ejusdem
823 898 925 954 morbo
979 893 1092 960 bertus,
1108 892 1232 950 humilis
1255 893 1476 949 carnotensium
1493 893 1658 972 episcopare,
1675 893 1744 952 huic
1759 896 1816 966 de·¹

103 986 317 1052 laboraverunt,
343 991 428 1059 atque
455 989 558 1059 prater
585 1003 704 1058 paucos,
734 1003 802 1042 ceca
829 987 926 1043 inten-
980 981 1806 1060 eretoanobistactosubscripsiflildegarius,Melden·

104 1076 193 1146 tione,
211 1093 274 1149 qua
303 1080 422 1148 potuere
448 1075 510 1131 suis
538 1076 642 1130 usibus
670 1080 821 1132 retorsere.
850 1077 928 1132 Inter
981 1071 1023 1127 sis
1050 1070 1185 1128 aeclesia
1214 1070 1329 1143 praesul.
1360 1072 1473 1139 AEneas,
1504 1071 1609 1141 Parisii
1640 1073 1804 1149 episcopua.

104 1182 178 1239 quos
206 1164 382 1222 Gistevertus
410 1163 517 1236 prasii
546 1162 703 1220 munificus
732 1163 861 1234 emicuit,
878 1164 928 1237 qui
983 1159 1167 1228 Folchichus,
1179 1159 1318 1240 indignus
1329 1160 1804 1241 episeopusetugualel'riccrum.

105 1271 227 1310 cernens
245 1253 274 1308 in
290 1269 366 1325 saepe
386 1257 546 1308 memorato
571 1253 671 1310 Sancti
697 1253 773 1310 Petri
797 1254 928 1310 eoencbic
983 1247 1158 1316 cristianus,
1188 1247 1453 1328 dutisicdorepsisx
1471 1248 1811 1328 indignesepisccpus,

105 1342 254 1398 modicum
284 1358 440 1397 nnmerum
467 1341 689 1411 monachornm,
706 1342 756 1416 qui
779 1359 815 1400 er
842 1344 930 1399 rebus
983 1337 1098 1421 egrapsi
1112 1339 1178 1411 (85).
1192 1338 1274 1405 Aius,
1299 1337 1554 1420 ¹aurelianensium
1583 1339 1748 1414 episcopus.
1774 1343 1812 1398 ln.

106 1430 317 1504 angustisque
333 1432 369 1486 ab
382 1430 446 1504 ipsc
466 1431 547 1487 llelia
575 1430 676 1488 relicta
700 1432 755 1488 sibi
773 1433 888 1490 tuerent
902 1436 931 1488 et
984 1427 1033 1483 Dei
1050 1420 1168 1484 nemine
1182 1444 1235 1500 ego
1250 1428 1361 1501 Lupus,
1378 1428 1469 1485 abbas
1484 1428 1678 1487 Ferrariensis
1690 1484 1692 1489 ,
1704 1446 1806 1505 mona

106 1538 124 1577 a
147 1537 327 1593 paganorum
356 1519 501 1592 frequenti
529 1519 714 1577 intestatione
742 1521 929 1594 depopulata,
984 1515 1065 1571 Slerii
1080 1517 1146 1588 (86)·
1164 1539 1178 1566 ”
1194 1517 1259 1573 Hffic
1275 1521 1374 1582 aulem
1390 1521 1470 1572 cart&
1482 1517 1546 1574 ideo
1565 1523 1611 1583 est
1624 1518 1654 1573 in
1669 1519 1727 1575 ssne
1741 1517 1808 1575 libri

105 1609 153 1665 vix
180 1614 290 1665 naturae
318 1608 520 1665 necessitatem
549 1608 663 1682 explere
688 1609 833 1677 valebant,
854 1611 930 1665 bcno
984 1605 1159 1677 conscripta,
1177 1604 1246 1678 quia
1265 1605 1294 1661 in
1319 1606 1446 1678 quodam
1475 1606 1611 1679 pitaciolo
1637 1612 1814 1687 coopertura⁸

107 1716 180 1756 usus
191 1697 323 1767 consitio,
333 1696 475 1770 depellere
486 1698 609 1766 studuit,
618 1703 670 1754 aut
679 1698 932 1771 aliquatenusillo·
985 1710 1049 1750 sera
1066 1695 1120 1750 tuit
1133 1695 1259 1751 inventa.

108 1805 174 1844 rum
204 1792 403 1860 paupertatem
433 1788 707 1860 temperare3inlra
721 1787 933 1861 comprehensa
1020 1787 1067 1839 22.
1086 1783 1153 1840 Post
1178 1783 1288 1840 exitum
1316 1785 1443 1860 denique
1480 1784 1630 1842 Gisleverti
1664 1785 1808 1859 praesulis,

109 1876 241 1942 contulit,
256 1875 569 1932 ullibentinsDomino
581 1876 933 1944 t'amularenturacdevo
986 1872 1093 1947 pagani
1110 1872 1310 1940 transmarini,
1326 1890 1393 1930 cum
1418 1873 1512 1932 multa
1534 1873 1628 1932 classe
1649 1876 1811 1954 venientes,

109 1965 198 2023 tiores
222 1964 387 2021 existerent.
400 1965 443 2020 Ad
467 1964 639 2020 thesaurum
664 1965 757 2039 ipsius
782 1964 837 2021 loci
853 1969 881 2021 et
896 1965 932 2021 ad
986 1977 1060 2033 pene
1075 1965 1165 2017 lotam
1182 1963 1327 2036 Europam
1342 1962 1471 2020 tlammis
1493 1968 1580 2038 atquc
1599 1964 1706 2038 pradis
1722 1966 1811 2042 ferror

109 2053 268 2111 luminaria
282 2052 376 2126 ipsius
391 2052 537 2120 aeclesia,
553 2053 628 2110 sieut
644 2053 740 2110 inveni
755 2054 785 2109 in
801 2058 882 2110 carta
895 2054 932 2110 ab
987 2049 1164 2124 quaerudeli
1179 2051 1382 2125 depopulando
1397 2041 1584 2124 vastaverunt
1594 2072 1601 2124 ;
1613 2071 1682 2111 nam
1699 2056 1814 2110 Lunen-

110 2143 174 2217 ipso
190 2143 309 2215 scripta,
326 2141 468 2215 delegavit
496 2159 633 2198 mansum
658 2160 751 2198 unum
765 2160 854 2216 prope
871 2159 933 2199 mc·
987 2156 1050 2197 sem
1065 2140 1179 2207 urbem,
1196 2147 1229 2196 ut
1244 2145 1320 2198 retro
1344 2140 1459 2198 affatim
1479 2142 1595 2216 scripsi,
1612 2141 1678 2200 dolo
1693 2143 1814 2221 capiens

111 2231 237 2288 nasleric
253 2231 282 2286 in
298 2231 362 2303 ipso
389 2229 462 2297 uec,
488 2230 517 2286 in
542 2230 676 2287 llaslaico
701 2249 803 2288 mansa
819 2233 886 2303 duo,
903 2232 933 2287 in
986 2234 1174 2297 tes,eruento
1204 2247 1272 2286 ense
1298 2235 1456 2303 utrumque
1483 2247 1585 2291 sexum
1613 2236 1814 2304 peremerunt,

111 2321 235 2378 Caluaec
246 2337 349 2376 mansa
360 2318 425 2390 tria,
437 2319 466 2374 in
480 2320 667 2393 Campiniaco
679 2321 768 2377 vineae
779 2321 934 2394 aripennes
987 2319 1122 2391 indeque,
1148 2319 1288 2375 subversa
1309 2319 1391 2389 urbe,
1408 2318 1500 2399 levato
1527 2324 1676 2380 artemone
1688 2320 1811 2379 Allricc·

111 2429 152 2479 ιιι,
170 2411 256 2482 juxta
283 2407 443 2465 aeclesiam
458 2408 547 2464 vinea
563 2410 637 2465 duas
653 2415 750 2483 partes
765 2409 933 2484 aripennis;
988 2424 1045 2481 que
1061 2407 1322 2474 tlante,rcdeuntes
1338 2407 1549 2482 Aquitanorum
1564 2408 1711 2484 regionem
1723 2413 1812 2490 atque

30 2570 36 2577 .
111 2498 248 2555 similiter
262 2502 290 2554 et
306 2496 371 2554 aliis
386 2498 415 2554 in
431 2496 503 2554 locis
517 2515 534 2553 x
549 2497 704 2571 aripennes
722 2499 811 2555 vinea
827 2505 935 2556 terras·
989 2497 1170 2554 Pictuvorum
1182 2498 1268 2570 juxta
1290 2513 1370 2554 mare
1384 2498 1576 2570 adjacentem,
1593 2497 1698 2571 praedis
1713 2503 1742 2557 et
1755 2498 1813 2555 ini·=

112 2605 169 2661 que
179 2587 312 2645 arabiles.
321 2588 370 2643 Set
380 2585 448 2659 quia
459 2586 508 2642 diu
521 2591 565 2643 est
578 2589 655 2659 quod
671 2605 688 2644 a
700 2588 781 2645 cultu
796 2589 936 2645 discesse·
989 2603 1049 2659 qua
1063 2587 1139 2644 eaede
1154 2586 1375 2660 depopulantes,
1387 2587 1464 2642 intra
1475 2592 1572 2660 parles
1583 2587 1723 2645 Neustriae
1739 2587 1815 2645 navi·

113 2681 182 2733 runt
195 2680 224 2732 et
238 2677 274 2732 ab
289 2674 459 2732 hominibus
485 2677 600 2732 deserta
615 2693 679 2733 esse
695 2683 866 2744 noscuntur,
882 2695 935 2734 nc·
990 2680 1103 2748 gentes,
1116 2675 1145 2730 in
1156 2680 1272 2747 portum
1284 2675 1501 2733 tluminisDivae
1512 2675 1814 2750 applicuerunttarm

114 2765 309 2822 minaeorum
325 2765 463 2820 adnotare
487 2764 591 2820 litteris
621 2765 756 2822 frivolum
773 2783 837 2824 esse
852 2767 935 2823 duri·
990 2781 1046 2838 que
1063 2764 1168 2829 securi,
1186 2762 1294 2822 relictis
1310 2765 1348 2820 ibi
1366 2765 1489 2821 naribus
1503 2770 1533 2822 et
1547 2765 1634 2823 variis
1650 2767 1814 2841 praedarum

115 2855 376 2911 musAdannum
404 2853 481 2909 diem
511 2855 709 2927 peragendum
740 2857 935 2928 quorumdam
992 2853 1151 2921 manubiis,
1163 2855 1199 2910 ad
1211 2854 1286 2910 hane
1302 2854 1405 2911 urbem
1421 2853 1531 2926 pernici
1545 2871 1632 2911 cursu
1648 2871 1814 2929 peruenere.

115 2949 269 3018 parentum
284 2960 416 3011 suerum,
434 2942 463 2998 in
480 2942 605 2999 Maslaec
621 2945 679 2999 dac
701 2960 814 3008 mansa,
830 2945 860 3001 in
872 2946 937 3002 aliis
991 2942 1083 2998 Noetu
1113 2943 1248 3016 denique,
1278 2943 1461 2999 circumdata
1490 2943 1562 3000 urbe
1587 2945 1616 2999 et
1642 2943 1755 3001 civibus
1782 2959 1817 3019 eu

116 3032 187 3090 locis
204 3050 251 3088 vm
264 3032 419 3106 aripennes
434 3031 536 3100 t¹ineae3
549 3032 586 3088 ad
598 3048 755 3099 eameram,
766 3034 796 3089 in
809 3036 936 3107 quadan
991 3031 1149 3105 improvise
1165 3031 1303 3101 obsessis,
1320 3031 1437 3090 barbari
1468 3048 1519 3105 per
1547 3031 1655 3090 moenia
1670 3033 1707 3089 ab
1722 3032 1817 3090 hosti·

115 3121 178 3178 leco
194 3138 298 3178 mansa
312 3133 376 3178 rru⁰¹
390 3125 420 3176 et
435 3120 601 3191 dimidium,
618 3121 648 3178 in
673 3122 776 3179 Parido
800 3141 937 3181 mansam
954 3108 975 3175 C
994 3120 1049 3178 bus
1064 3137 1185 3195 persepe
1200 3121 1297 3178 diruta
1311 3138 1344 3177 ac
1360 3138 1411 3195 per
1425 3126 1524 3195 pertas
1538 3121 1818 3189 irruentes,cbvian.·

116 3228 208 3267 unum
223 3216 252 3267 et
275 3210 442 3280 dimidium,
457 3209 488 3265 in
518 3209 573 3266 alic
601 3210 663 3267 loco
693 3229 796 3268 mansa
824 3214 892 3282 duc,
907 3212 937 3271 in

114 3300 221 3356 Planca
236 3316 373 3355 mansum
390 3315 491 3365 unum,
508 3299 538 3354 in
553 3299 738 3372 campiniaco
766 3301 855 3358 vincae
884 3301 939 3358 ari·

112 3405 243 3462 pennum
257 3404 350 3443 unum
365 3392 393 3442 el
407 3387 521 3442 vineam
545 3405 635 3442 unam
647 3389 732 3460 juxta
746 3407 883 3460 murum;
901 3392 937 3448 ad

112 3477 234 3532 demum
250 3477 446 3543 intirmorum,
457 3475 487 3530 in
498 3475 560 3532 vieo
577 3493 713 3532 mansum
726 3495 817 3535 unum
831 3484 860 3535 et
875 3497 936 3537 mc·

110 3564 262 3620 landinum
277 3581 380 3630 unum,
392 3563 422 3618 in
438 3564 625 3637 Campiniaeo
651 3565 740 3622 vinea
766 3567 936 3641 aripennem

114 3671 216 3721 unum,
230 3653 259 3709 in
276 3652 332 3708 alio
348 3652 410 3707 leco
426 3652 514 3708 vineae
530 3653 685 3726 aripennes
701 3660 836 3727 quatuor,
849 3674 938 3730 super

112 3745 255 3798 Aurcsam
270 3740 427 3815 hospitiola
441 3741 515 3809 tria,
533 3743 568 3797 ad
585 3741 776 3816 hospitale,in
793 3745 937 3804 Saliniaco

7 3887 10 3894 ,
47 3884 53 3897 „
113 3830 936 3905 mansumunum,inGuarennevineaearipennumunum

113 3920 191 3976 etde
217 3925 294 3975 terra
321 3919 424 3975 arabili
454 3919 592 3993 anzingas
606 3937 652 3987 xv,
669 3919 699 3976 in
716 3922 839 3980 Gerillas
855 3925 937 3997 qnie-

113 4008 185 4081 qnid
200 4008 322 4076 habuil;
339 4008 373 4064 ad
391 4007 553 4074 cellarium,
571 4007 659 4064 vineas
675 4010 830 4083 aripennes
842 4017 901 4070 tres
910 4019 939 4070 et

113 4096 288 4165 dimidium;
317 4098 353 4152 ad
383 4097 511 4161 hortum,
542 4114 677 4153 mansum
707 4099 883 4171 dimidium;
907 4103 937 4159 in

113 4185 240 4242 Maslaeo
265 4203 356 4241 unum
382 4185 582 4259 hospitiolum.
599 4187 640 4241 Ad
658 4188 744 4244 finem
759 4206 825 4246 vere
841 4196 936 4259 carta,

112 4274 173 4330 hac
192 4278 275 4330 erant
299 4274 408 4347 scripta
424 4291 431 4328 :
450 4297 463 4323 a
480 4275 554 4341 Hae,
571 4273 676 4348 inquit,
692 4282 796 4348 praeter
810 4279 860 4335 illa
874 4297 937 4353 quaa

111 4363 255 4432 babeban,
281 4363 378 4437 largiti
392 4379 495 4419 sumus
511 4363 649 4420 tratribus
664 4381 748 4438 opem
763 4367 938 4439 postulanti·

111 4453 186 4521 bus;
203 4457 231 4508 et
242 4456 274 4508 ut
291 4469 325 4508 ea
340 4452 473 4509 securius
489 4453 597 4508 nostris
621 4454 787 4527 futurisque
803 4459 939 4531 tempori·

111 4542 166 4597 bus
190 4543 382 4613 possiderent,
408 4540 624 4614 subscriptione
653 4543 771 4616 propria
796 4546 939 4604 roboravi.

112 4646 188 4698 mus,
207 4631 368 4704 iratresquc
382 4635 411 4686 et
425 4629 613 4703 coepiscopos
629 4635 755 4698 nostros,
768 4637 800 4689 ul
811 4635 888 4691 idem
901 4637 940 4694 ia-

111 4734 175 4776 cere
190 4719 382 4793 dignarentur
395 4719 589 4786 obsecrantes,
606 4719 642 4774 ad
653 4718 730 4775 idem
739 4726 938 4793 praestandum

148 4825 203 4907 (85)
219 4825 272 4881 Pro
286 4834 390 4908 ἔγραψα.
401 4826 441 4881 De
450 4824 592 4950 singulari
606 4824 690 4898 signo
704 4825 795 4900 hujus
809 4829 937 4906 episcopi

113 4896 320 5022 gratcigsagrgis,
336 4899 402 4953 vide
425 4896 503 4952 Mabi
515 4896 627 4970 lonium
649 4898 686 4955 lle
708 4915 737 4954 re
757 4898 898 4972 diplomat.
918 4905 935 4962 Ι.

114 4983 153 5034 vi,
184 4984 201 5021 a
225 5008 230 5021 .
285 5009 291 5022 .

149 5036 204 5108 (86)
217 5037 259 5094 Ob
275 5041 389 5093 aetatem
405 5054 464 5109 qua
475 5039 609 5094 vixerunt
628 5039 842 5113 subscriptores
857 5045 935 5103 vide·

113 5111 161 5164 tur
173 5109 274 5164 charta
288 5109 403 5165 circiter
419 5110 453 5164 ad
472 5126 497 5164 a.
514 5112 567 5165 860
582 5110 740 5167 reserenda.

147 5183 202 5251 (87)
219 5180 258 5234 De
273 5197 307 5235 ca
321 5180 441 5235 victoria
458 5181 634 5237 Francorum
651 5183 772 5240 uberius
786 5186 875 5242 codex
891 5189 910 5243 B
927 5205 933 5245 :

112 5249 181 5305 Nam
221 5253 320 5306 Franci
355 5251 542 5324 undecumque
578 5254 753 5323 cumulabatl,
789 5266 936 5331 autequam

20 5366 23 5371 ,
112 5321 225 5377 barbari
238 5322 273 5377 ael
288 5320 399 5378 relictas
423 5338 505 5377 naues
529 5323 670 5392 adtingere
694 5328 857 5395 potuissent,
874 5346 935 5386 ecu-

109 5394 197 5460 pressi
214 5402 280 5448 aaut
301 5410 362 5448 cum
386 5394 434 5456 eis,
451 5401 484 5460 el,
501 5394 555 5448 Dee
568 5397 697 5465 presule,
715 5399 879 5455 victoriace
894 5404 934 5458 eia

108 5465 198 5534 petiti,
213 5467 285 5520 sieut
297 5481 382 5536 risque
396 5463 475 5520 lindie
488 5473 591 5536 eperat,
605 5483 655 5536 per
669 5482 778 5539 cumpca
798 5472 933 5530 trucidata

991 3215 1036 3266 tes
1051 3210 1118 3279 sibi,
1133 3212 1196 3266 sine
1220 3210 1394 3279 differentia,
1415 3211 1491 3267 terre
1515 3214 1703 3279 necaverunt,
1717 3215 1815 3289 atque,

992 3298 1069 3356 intra
1080 3304 1202 3356 matrem
1214 3298 1386 3369 aeclesiam,
1399 3316 1457 3356 non
1470 3299 1612 3356 modicam
1623 3299 1736 3373 plebem
1747 3316 1814 3377 cum

992 3405 1045 3444 suo
1059 3388 1206 3462 episeopo,
1223 3388 1342 3444 nomine
1358 3387 1532 3456 Frcdbeldo,
1548 3387 1755 3462 canonicisque
1765 3405 1817 3446 ae-

991 3477 1085 3534 etesia
1101 3483 1129 3534 et
1144 3477 1296 3534 monachis
1311 3478 1361 3551 qui
1377 3478 1414 3533 ad
1430 3478 1553 3535 eandem
1568 3468 1728 3537 aeclesiam
1743 3494 1817 3544 con:

991 3567 1137 3639 fugerant,
1155 3567 1284 3623 eruentis
1300 3566 1406 3641 gladiis
1427 3565 1507 3623 velut
1521 3583 1588 3623 oves
1603 3570 1815 3637 mactaverunt,

992 3657 1132 3732 urbeque¹
1144 3657 1321 3736 depopulata
1349 3660 1436 3728 alque
1466 3654 1691 3724 succensuisti
1713 3659 1740 3712 et
1755 3656 1815 3712 ala·

992 3761 1065 3810 cres,
1082 3746 1125 3800 uti
1140 3762 1199 3800 sua
1215 3744 1346 3801 libidinis
1361 3749 1520 3817 compotes,
1537 3744 1608 3801 dum
1623 3745 1661 3800 ad
1679 3749 1756 3802 rates
1772 3761 1816 3802 re·

990 3833 1075 3890 lictas
1089 3835 1270 3890 arbitrantur
1284 3850 1351 3890 cum
1367 3832 1484 3907 magnis
1498 3832 1589 3907 copiis
1605 3832 1710 3901 redire,
1726 3821 1816 3894 inler-

991 3922 1123 3979 veniente
1149 3923 1235 3978 beata
1258 3921 1308 3978 Dei
1332 3921 1472 3996 genitrice
1497 3919 1599 3985 Maria,
1620 3911 1713 3994 quam
1735 3921 1815 3994 parui

991 4012 1154 4085 penderant
1182 4011 1338 4077 offendere,
1355 4027 1406 4084 per
1425 4027 1458 4066 cs
1469 4009 1607 4082 janitoris
1622 4009 1708 4067 interi
1723 4010 1758 4069 ad
1774 3998 1817 4067 in·

991 4099 1687 4168 clementembarathrumunadie,meritamcrte,
1698 4099 1818 4157 descen·

992 4191 1111 4258 derunt;
1124 4206 1192 4245 nem
1204 4188 1316 4256 Franci,
1328 4193 1486 4261 antequam
1498 4189 1695 4244 adratessuas
1706 4187 1817 4261 poluis-

992 4284 1058 4335 sent
1074 4277 1233 4352 pervenire,
1250 4277 1397 4351 congressi
1420 4280 1491 4334 sunt
1515 4292 1583 4333 cum
1607 4276 1659 4345 eis,
1676 4280 1704 4332 et
1719 4276 1815 4350 opituf

993 4368 1071 4424 tante
1086 4368 1143 4424 Deo
1158 4366 1279 4423 victoria
1293 4384 1328 4422 ex
1341 4366 1384 4423 eis
1399 4365 1494 4440 potiti,
1510 4383 1562 4438 per
1585 4381 1705 4439 campos
1728 4366 1814 4423 cada·

954 4474 1059 4543 Drera
1075 4473 1175 4512 eorum
1204 4455 1351 4511 trucidata
1374 4455 1477 4512 avibus
1493 4459 1522 4513 ct
1537 4453 1607 4512 teris
1636 4452 1817 4512 corrodenda

995 4546 1175 4620 reliquerunt
1190 4544 1256 4617 (81).

1027 4637 1073 4692 23.
1090 4635 1199 4708 (Operae
1215 4635 1271 4703 (88)
1287 4631 1417 4706 precium
1432 4632 1501 4691 duxi
1515 4631 1584 4690 huic
1599 4631 1723 4689 orationi
1737 4631 1815 4690 inse·

993 4743 1056 4783 rere
1071 4723 1253 4781 obsidionem
1270 4723 1374 4778 tactam
1389 4725 1520 4796 tempore
1541 4720 1691 4780 (lancelini
1705 4737 1816 4795 presu-

991 4839 1065 4888 runt.
1085 4830 1204 4902 Populus
1219 4828 1407 4902 ueniamque
1432 4829 1551 4902 effugere
1577 4830 1666 4901 patuit
1690 4827 1816 4897 gladium

992 4906 1181 4968 barbarorum,
1205 4901 1241 4955 ad
1277 4907 1476 4957 ecuerauaurm
1513 4901 1609 4956 urbem
1649 4899 1814 4968 reproditur,

990 4983 1070 5048 aque
1083 4973 1192 5042 collegit
1215 4972 1292 5027 busta
1304 4979 1495 5040 crematorum,
1511 4980 1537 5028 et
1551 4971 1581 5029 in
1593 4978 1672 5044 puteo
1686 4969 1814 5046 quedam,

992 5048 1066 5101 iutra
1081 5047 1168 5117 ipsam
1179 5043 1333 5101 arcasium
1345 5045 1409 5113 elle,
1424 5043 1558 5116 projecit,·
1569 5042 1706 5114 uudelpse
1717 5048 1815 5114 pimus

991 5118 1076 5173 locus
1092 5117 1209 5172 Fertisa
1223 5114 1328 5170 ciuibus
1337 5130 1422 5186 usque
1435 5114 1516 5172 lodie
1528 5114 1672 5179 vocitatur,
1680 5112 1729 5169 ulu'
1739 5112 1814 5183 jupi-

989 5197 1030 5246 ter
1045 5188 1150 5243 meritis
1172 5202 1267 5243 eorum
1295 5201 1411 5257 quomm
1430 5186 1472 5247 iet
1491 5188 1595 5245 umes
1609 5184 1816 5257 ‚assuantur

988 5276 1050 5317 eum
1065 5257 1170 5315 curtato
1182 5264 1418 5330 resurgereulque
1432 5259 1463 5315 iu
1477 5258 1552 5314 celis
1565 5274 1628 5314 eum
1641 5272 1671 5312 ea
1681 5271 1812 5325 ‚requae

975 5332 1046 5405 ipsa
1062 5345 1109 5387 ceo
1129 5338 1231 5393 ercule,
1244 5329 1331 5383 mulla
1343 5329 1414 5400 fiant
1426 5329 1580 5385 mirabilia.
1634 5331 1637 5339 ’

1023 5408 1032 5470 t
1052 5404 1080 5470 8)
1120 5417 1174 5456 ane
1190 5401 1225 5456 de
1241 5398 1360 5455 llcllcne
1383 5400 1606 5473 digressionem,
1623 5414 1712 5471 quam
1727 5396 1813 5453 uncis

987 5473 1172 5542 inclusimus,
1199 5471 1296 5528 sctum
1323 5472 1387 5539 dat,
1401 5472 1554 5549 eodegll,
1566 5470 1705 5545 οοάἰφῃι,
1717 5484 1815 5547 recen·

109 5549 204 5590 eerum
226 5551 340 5608 corpora
368 5536 464 5592 uvidus
492 5544 517 5591 et
540 5537 609 5606 ferie
632 5537 795 5595 corrodenda
819 5543 933 5617 relique·
985 5543 1051 5601 tior.
