3816 6006
153 246 231 316 {in
758 247 947 313 elcanam
969 249 1020 313 DE
1041 249 1252 314 audeatis.
1786 240 1865 313 {628

151 385 222 443 tatis
237 379 478 458 obsequium,his
492 385 591 440 tumen
607 382 732 440 maxime
747 387 916 441 sauctorum
928 384 977 440 Dei
991 385 1019 453 Α
1034 388 1063 440 et
1087 400 1232 441 consensu
1256 381 1446 441 Eboraoensis
1469 379 1600 456 capituli,
1617 381 1655 439 do
1681 385 1712 439 et
1736 381 1865 438 concedo

151 474 293 533 debemus
308 471 483 547 obsequium
499 476 604 529 nostrae
618 472 781 530 devotionis
795 472 975 546 impendere,
1032 472 1132 529 Decet
1147 477 1247 529 sancto
1262 471 1468 540 cuthberto,et
1481 471 1619 529 omuibus
1634 471 1660 543 ej
1666 488 1703 527 us
1716 468 1864 544 episeopis

152 563 294 638 aquibus
310 579 363 620 nos
378 566 493 620 coastat
502 559 647 634 peculiare
660 561 791 619 muueris
801 562 976 618 heneficium
1032 562 1223 630 successuris,
1235 566 1264 617 st
1274 561 1411 618 omnihus
1426 558 1578 617 monachis
1594 559 1708 616 ibidem
1723 557 1757 615 in
1773 562 1865 631 poste·

152 652 340 726 percepisse:
362 667 415 707 uos
430 651 549 724 quidem
575 648 689 723 flagello
713 651 763 707 Dei
789 650 932 723 castigati,
949 654 978 706 et
1032 667 1098 706 rum
1121 650 1238 721 suturis,
1256 655 1288 706 ut
1315 666 1417 706 omnes
1446 648 1584 706 ecelesias
1612 664 1813 723 quascunque
1835 647 1863 704 ia

152 741 278 799 febrium
292 737 484 814 languoribus
494 756 546 812 per
553 738 705 795 biennium
716 740 803 796 modo
814 739 976 796 incredibili
1032 740 1167 813 prasenti
1183 739 1213 795 in
1228 738 1393 795 dioecesana
1407 737 1546 811 parocbia
1559 754 1625 795 mea
1640 737 1812 810 possident,
1823 735 1862 793 rel

152 830 256 898 exusti,
273 846 340 886 oum
368 846 470 885 omues
492 827 598 884 medici
622 826 714 885 solius
738 828 842 885 mortis
866 829 976 885 exilum
1031 829 1061 885 in
1078 833 1228 903 posterum
1244 827 1383 884 canonice
1407 827 1558 901 acquirere
1581 830 1723 900 poterunt
1744 843 1862 882 conme-

152 919 238 978 uobis
252 917 415 992 prominere
430 917 642 991 promitterent,
660 916 759 990 nilque
775 935 906 990 unquam
923 917 978 973 suit
1032 918 1114 974 sione
1129 934 1242 995 regum,
1259 916 1412 991 largitione
1436 915 1577 984 fidelium,
1593 914 1638 972 vel
1652 913 1861 971 aedificaverint

151 1008 183 1066 in
198 1025 256 1082 quo
271 1007 416 1065 continue
431 1023 536 1062 noxam
561 1005 745 1079 egritudinis
769 1010 976 1078 temperarent,
1032 1005 1063 1062 in
1091 1006 1207 1079 proprio
1236 1006 1326 1062 iuudo
1355 1008 1510 1072 terrarum,
1537 1003 1667 1061 habeant
1691 1002 1860 1070 liberas,et

151 1114 203 1171 per
227 1097 323 1154 visum
348 1111 417 1169 ergo
441 1094 638 1152 commonitus
660 1095 696 1151 ad
725 1095 858 1152 tumbam
884 1095 977 1152 sancti
1033 1095 1147 1168 quietas
1175 1095 1295 1150 omnino
1322 1094 1353 1150 in
1378 1097 1645 1167 perpetuumame
1668 1095 1700 1148 et
1724 1092 1859 1149 omuibus

151 1186 443 1258 cuthberti,gemens
454 1189 482 1240 et
493 1184 865 1258 l1·emenaperuoctavi,qui
876 1185 977 1241 morbo
1032 1184 1251 1241 successoribus
1267 1183 1351 1253 meis,
1367 1184 1404 1239 ab
1419 1183 1557 1239 omnibus
1572 1198 1636 1255 que
1650 1181 1689 1237 ad
1705 1198 1755 1238 me
1769 1180 1814 1238 rel
1825 1182 1856 1237 ed

151 1274 283 1333 simulet
298 1274 374 1332 mole
385 1273 534 1347 fatigatus,
551 1274 621 1329 dum
637 1289 774 1330 somnum
790 1273 933 1346 subripui,
946 1275 976 1329 in
1031 1289 1216 1330 successores
1232 1289 1312 1330 meos
1325 1272 1482 1345 pertinent.
1494 1273 1588 1339 Quare
1601 1268 1667 1327 volo
1680 1273 1712 1327 et
1727 1270 1857 1344 praecipio

150 1364 246 1422 visum
271 1363 343 1420 mibi
368 1364 471 1420 beatus
494 1361 672 1418 Cutbbertus
694 1361 797 1428 astitit,
812 1361 862 1434 qui
887 1379 976 1418 manu
1032 1367 1065 1418 ut
1080 1379 1182 1419 omnes
1197 1360 1335 1418 ecclesias
1355 1378 1425 1418 suas
1448 1360 1478 1416 in
1494 1377 1583 1417 manu
1605 1375 1663 1416 sua
1687 1361 1819 1429 teneam,
1833 1362 1858 1416 et

151 1471 206 1512 sua
222 1450 340 1527 singula
354 1452 487 1507 membra
502 1466 567 1506 mea
582 1450 618 1506 de
631 1449 802 1507 infirmitate
824 1467 890 1506 mea
912 1468 976 1524 per·
1031 1451 1129 1524 quiete
1144 1468 1193 1507 ess
1208 1451 1387 1524 possideant,
1404 1454 1433 1507 et
1446 1449 1570 1507 vicarios
1583 1466 1653 1506 suos
1668 1447 1701 1504 in
1717 1447 1761 1506 eis
1774 1447 1857 1505 libere

150 1558 272 1600 currens
286 1557 353 1598 mox
367 1538 537 1614 vigilantem
554 1539 590 1595 ab
601 1539 681 1594 omni
693 1539 862 1597 infirmitate
871 1557 976 1596 sanum
1031 1545 1152 1614 ponant,
1178 1540 1228 1613 qui
1255 1539 1326 1596 mihi
1352 1545 1381 1596 et
1405 1538 1626 1597 suecessoribus
1648 1538 1728 1595 meis
1743 1538 1780 1595 de
1794 1555 1859 1596 eura

150 1629 287 1700 reddidit,
304 1634 333 1688 et
347 1645 394 1687 me
408 1628 464 1687 sibi
485 1628 515 1685 iu
539 1627 679 1686 omnihus
702 1629 838 1685 devotum
864 1629 935 1697 sore,
949 1634 978 1687 et
1031 1633 1145 1686 tautum
1157 1628 1312 1685 intendant
1321 1628 1488 1685 animarum
1499 1627 1665 1702 ;ipsisvero
1676 1626 1715 1683 de
1725 1626 1859 1684 omuibus

150 1736 333 1794 quecunque
347 1719 377 1775 iu
393 1735 459 1775 mea
473 1717 602 1786 dioecesi,
613 1718 676 1790 ipse
690 1718 733 1774 vel
749 1718 795 1775 sui
811 1719 976 1791 possessuri
1032 1719 1142 1775 ceteris
1158 1718 1351 1790 eleemosynis
1372 1723 1400 1774 et
1420 1717 1571 1775 beneflciis
1585 1715 1715 1773 concedo
1730 1715 1858 1789 insuper,

148 1815 242 1877 erant,
258 1809 294 1866 ab
316 1807 397 1866 omni
421 1807 602 1881 fatigatione,
618 1823 722 1864 secura
745 1811 774 1863 et
796 1806 888 1865 libera
911 1825 976 1865 esse
1029 1808 1181 1875 confirmo,
1198 1811 1227 1863 et
1240 1807 1386 1880 precipio,
1403 1810 1437 1863 ut
1457 1811 1517 1863 tam
1542 1805 1598 1880 ipsi
1615 1824 1707 1881 quam
1729 1807 1857 1880 ipsorum

148 1899 304 1973 pracepit;
320 1897 430 1971 quique
453 1896 529 1953 beati
552 1896 727 1953 confessoris
746 1897 867 1969 adjutus
887 1898 975 1954 beno·
1027 1897 1128 1953 vicarii
1136 1895 1219 1952 liberi
1228 1900 1256 1952 et
1264 1895 1354 1969 quieti
1366 1896 1577 1970 inperpetuum
1585 1895 1646 1954 sint
1655 1896 1694 1953 ab
1706 1896 1789 1952 omui
1799 1895 1858 1952 red·

149 1988 234 2057 liciis,
250 2005 284 2046 eo
298 1988 323 2044 ei
338 1985 467 2044 devotior
481 1985 588 2053 exstiti,
606 2002 663 2059 quo
685 1986 798 2057 majora
812 1986 975 2059 persolvere
1028 1985 1090 2042 ditu
1102 1983 1245 2058 synodali,
1253 1988 1282 2041 et
1291 1984 1327 2040 ab
1338 1983 1611 2053 omnihusauxiliis,
1623 1984 1857 2059 gravaminibus,

149 2077 246 2134 debui.
261 2075 420 2134 willielmo
436 2074 553 2131 interim
568 2073 757 2131 Dunelmensi
778 2075 924 2148 episcopo,
939 2076 975 2132 de
1027 2075 1072 2132 vel
1086 2073 1531 2143 redditibus,exactionibus,vel
1544 2072 1693 2148 hospitiis,
1703 2078 1767 2131 tam
1778 2091 1857 2143 ame,

148 2169 218 2224 sede
239 2164 399 2240 apostoliea
422 2163 535 2220 litteras
557 2162 687 2236 Gregorii
707 2180 787 2237 pape
804 2164 922 2237 septimi
938 2165 974 2221 ad
1028 2182 1118 2238 quam
1132 2181 1149 2220 a
1163 2163 1292 2230 decanis,
1303 2163 1527 2232 archidiaconis,
1538 2161 1583 2220 vel
1598 2162 1738 2220 omnium
1753 2167 1859 2221 nostro

148 2251 297 2310 Willielmi
313 2251 391 2326 regis
406 2249 562 2307 concilium
579 2250 657 2324 apud
679 2253 973 2309 westmonasterium
1029 2271 1094 2310 rum
1108 2253 1237 2320 vicariis,
1254 2257 1283 2308 et
1298 2251 1462 2322 ministris;
1478 2253 1534 2309 suh
1557 2252 1751 2310 anathemate
1773 2252 1858 2309 etiam

148 2341 306 2410 deferente,
322 2337 478 2409 canonicos
499 2338 535 2395 de
559 2338 681 2394 ecclesia
709 2356 763 2395 sua
791 2357 924 2398 amovere
946 2346 975 2398 et
1027 2343 1179 2416 prohibeo,
1190 2359 1226 2398 ne
1242 2341 1350 2415 aliquis
1360 2342 1448 2405 ultra,
1458 2341 1598 2415 ipsos,vel
1608 2358 1715 2399 eorum
1730 2341 1856 2411 elericos,

148 2427 972 2502 monachossubstituere,omniumcousensuimpctrarit.
1028 2431 1127 2504 aliqua
1142 2432 1197 2488 sub
1212 2432 1365 2489 occasione
1380 2431 1491 2505 fatiget,
1502 2431 1546 2488 vel
1562 2431 1598 2487 ad
1613 2429 1856 2506 synodos,reles·

148 2518 260 2587 Quibus
288 2516 448 2592 plurimum
477 2515 606 2590 gavisus,
636 2533 671 2572 ex
693 2523 835 2590 precepto
861 2519 973 2591 prelati
1027 2519 1121 2594 pitulo
1142 2521 1194 2587 ire,
1220 2521 1277 2577 nisi
1300 2520 1391 2577 velint
1414 2525 1528 2593 sponte,
1550 2520 1753 2595 compellaut;
1769 2519 1855 2577 sedsi

148 2625 239 2682 pape,
255 2612 283 2664 et
298 2624 334 2663 ex
345 2604 468 2679 imperio
483 2603 594 2661 domini
621 2606 697 2679 regis
722 2606 873 2663 willielmi
896 2608 973 2665 beati
1028 2610 1105 2683 quis,
1115 2626 1184 2682 erga
1199 2625 1248 2666 eos
1261 2608 1306 2666 vel
1317 2626 1386 2666 suos
1402 2608 1531 2683 aliquam
1547 2608 1699 2683 querelam
1711 2609 1854 2676 hahuerit,

147 2697 317 2763 cuthberto,
331 2700 360 2752 et
373 2697 437 2767 ejus
451 2694 598 2768 episeopo,
615 2699 643 2751 et
657 2696 796 2752 omnibus
821 2698 973 2754 monachis
1027 2700 1064 2756 ad
1080 2699 1192 2755 curiam
1207 2699 1302 2756 sancti
1324 2698 1485 2768 Cutbberti,
1503 2698 1681 2756 Dunelmum
1704 2699 1813 2767 veniat,
1827 2700 1856 2754 ut

148 2786 175 2844 ei
196 2785 400 2854 servientibus,
417 2801 562 2841 consensu
585 2788 614 2840 et
637 2784 830 2857 permissione
853 2787 974 2859 capituli
1027 2787 1067 2843 ibi
1083 2787 1199 2862 qualem
1214 2788 1348 2845 debuerit
1366 2787 1571 2845 rectitudinem
1586 2787 1741 2862 percipiat,
1759 2803 1855 2846 omnes

148 2875 279 2942 Eboraci,
296 2879 324 2931 et
338 2874 429 2931 totius
444 2872 547 2948 synodi
563 2873 793 2944 confirmatione,
810 2876 887 2943 dedi,
904 2893 973 2932 con·
1027 2875 1105 2932 euim
1120 2875 1280 2944 libertates,
1291 2881 1320 2933 et
1335 2875 1504 2950 dignitates,
1514 2894 1588 2950 quas
1602 2893 1668 2950 ego,
1682 2876 1733 2935 vel
1745 2877 1802 2935 mei
1816 2893 1855 2934 se·

147 2963 269 3035 cassi,et
283 2962 418 3037 presenti
428 2962 529 3019 charta
545 2962 724 3032 confirmavi,
732 2968 761 3019 et
775 2968 841 3037 post
855 2965 974 3038 propria
1028 2983 1136 3039 quaces
1150 2965 1181 3022 in
1196 2966 1327 3023 ecclesiis
1338 2965 1463 3040 propriis
1474 2965 1518 3023 vel
1533 2966 1619 3023 terris
1634 2967 1749 3024 nostris
1765 2983 1857 3040 posse·

147 3071 238 3111 manu
253 3069 342 3127 super
356 3051 447 3109 altare
461 3055 562 3109 saneto
582 3051 740 3108 Cutbherto
755 3052 859 3110 obtuli.
875 3053 974 3111 Sciant
1027 3055 1170 3126 derimus,
1187 3055 1260 3128 ipsis
1275 3059 1304 3112 et
1317 3060 1418 3112 sancto
1433 3055 1591 3113 Cuthberto
1606 3055 1637 3112 iu
1652 3057 1795 3114 omuibus
1812 3072 1855 3114 se·

147 3142 238 3217 igitur
251 3147 312 3200 tam
323 3145 480 3215 presentes
490 3158 578 3214 quam
590 3141 679 3198 futuri
691 3143 767 3215 quod
780 3158 832 3215 ego
844 3141 973 3200 Thomas
988 3130 1009 3196 G
1026 3143 1124 3201 elesiis
1141 3150 1169 3201 et
1183 3145 1269 3201 terris
1293 3146 1356 3202 suis
1374 3145 1464 3202 libere
1478 3144 1509 3201 in
1524 3149 1701 3220 perpetuum
1726 3145 1854 3204 coneedi-

147 3231 340 3289 Eboracensis
366 3229 614 3303 archiepiscopus,
645 3246 679 3286 ex
713 3236 857 3304 precepto
892 3250 972 3306 papae
1027 3237 1142 3300 mus‚et
1152 3234 1264 3307 absque
1279 3232 1517 3307 tergiversatione
1530 3234 1594 3292 siue
1608 3233 1793 3304 calumniae
1803 3251 1853 3304 ma,

146 3320 275 3396 Gregorii
292 3319 419 3392 septimi,
428 3323 458 3376 et
467 3319 688 3376 confirmatione
698 3320 810 3376 domini
824 3320 974 3379 willielmi
1028 3321 1161 3396 meisque
1176 3322 1521 3392 successoribus,liberas
1531 3327 1561 3382 et
1574 3323 1692 3397 quietas
1707 3325 1854 3382 confirma·

148 3409 300 3484 regis,sub
310 3407 478 3465 testimonio
488 3406 661 3464 universalis
671 3406 832 3482 anglorum
847 3409 973 3478 concilii,
1030 3427 1107 3467 mus.

871 3826 947 3867 ANNO
967 3826 1070 3867 DOMINI
1090 3828 1130 3868 bic

383 4005 924 4169 RICHARDUS
970 4011 1096 4164 DE
1149 4008 1630 4171 DUMELLlS

808 4293 922 4351 ABBAS
944 4292 1190 4352 PRATELLINUS

713 4585 952 4675 NOTITIA
980 4584 1294 4676 HISTORICA

577 4765 705 4836 (rnna.
721 4763 888 4822 Bibliotheca
901 4762 1078 4837 medellas.
1095 4765 1165 4835 Lat,
1180 4767 1252 4823 tom.
1268 4764 1315 4834 Vl,
1331 4780 1360 4838 p.
1372 4767 1420 4835 77)

182 4944 345 5001 Richardus
360 4944 396 5000 de
409 4943 562 5013 Dumellis,
579 4944 670 5001 abhas
682 4942 868 5008 Pratellinus,
883 4941 974 5068 quod
976 4942 1188 4998 monasterium
1204 4942 1423 4999 Northmanniae
1438 4943 1527 5000 estin
1539 4943 1654 5002 dioecasi
1669 4945 1855 5012 Lexovieusi

147 5015 764 5098 ciroaannum1057lundatumviritim
782 5016 861 5084 1100,
877 5018 906 5069 et
920 5013 976 5070 seri
999 5014 1316 5088 sitdommeetorrums
1313 5017 1473 5072 arthemam
1487 5017 1518 5071 in
1537 5018 1635 5098 priora
1657 5034 1748 5075 xxvru
1764 5020 1855 5092 capilo

148 5086 285 5152 moces,
302 5102 351 5157 qur
343 5084 512 5142 habetur'
505 5104 534 5142 in
551 5086 726 5145 bibliotheca
738 5056 949 5142 lambethana.
990 5103 1008 5141 x
1021 5102 1055 5141 eo
1075 5086 1231 5169 quedem
1224 5103 1253 5142 m
1270 5103 1331 5143 rem
1347 5104 1432 5143 susm
1447 5086 1568 5143 adduxit
1582 5086 1730 5147 Henricus
1744 5090 1854 5147 Whar·

147 5156 220 5213 ton
213 5173 243 5212 in
258 5127 393 5213 A’uctario
409 5157 445 5213 ad
459 5157 520 5214 iac.
537 5158 646 5216 Ueserii
661 5158 818 5216 Historiam
836 5156 1033 5230 dogmaticam
1048 5156 1084 5212 do
1099 5156 1258 5231 Scripturis
1273 5161 1302 5214 et
1316 5158 1408 5215 sacris
1420 5158 1594 5217 vernaculis.

868 5333 1120 5350 m
