3816 6006
61 258 124 322 ns
416 259 451 320 e.
474 257 673 324 ranneoor
696 256 1102 324 n1sr.nanmaoson.
1126 259 1217 333 irin.
1234 292 1274 306 -
1288 256 1363 323 um.
1384 258 1424 322 n.
1495 208 1496 212 Ὺ
1712 264 1774 328 nn

61 399 128 450 tens
143 392 231 460 Deus,
247 396 276 448 et
290 391 367 464 pius,
385 391 435 464 qui
451 409 508 448 non
529 392 662 465 permisit
686 409 756 448 suos
781 392 891 450 milites
905 395 933 461 Α
946 391 1131 449 solummodo
1143 392 1774 469 poterintsciro‚uauscxvobiseixomplius

61 483 168 557 perire,
184 497 238 539 noc
254 480 284 536 in
300 497 407 537 manus
431 479 619 538 inimicorum
635 482 773 550 incidere,
791 482 895 538 festine
948 482 1035 539 vivet.
1054 505 1067 533 »
1083 485 1118 538 At
1134 481 1175 537 illi
1188 483 1341 539 audientes
1355 482 1436 552 talia,
1451 488 1600 555 coeperunt
1613 489 1773 544 retrorsum

63 570 123 626 illis
139 568 320 640 adjutorium
336 567 425 625 misit.
442 569 512 635 Quis
537 586 669 642 unquam
691 573 751 625 tam
777 569 895 642 sapiens
949 575 1058 627 vertere
1074 570 1218 644 scapulas,
1235 576 1263 627 ct
1281 589 1313 628 se
1327 572 1528 645 expanderunt
1542 590 1592 646 per
1606 573 1773 631 universam

63 661 114 713 aut
129 657 234 712 doctus
248 655 293 709 vir
315 654 434 711 audebit
454 655 618 712 describere
634 660 685 712 aut
700 657 894 729 premeditari
950 660 1134 729 Romaniam,
1150 661 1198 716 sed
1205 702 1259 716 .....
1276 661 1419 718 exercitus
1435 666 1533 718 noster
1546 664 1776 736 persequebatur

62 745 262 820 prudentiam,
279 746 309 799 et
331 743 467 800 militiam
491 750 520 800 et
545 744 745 819 tortitudinem
771 749 896 804 corum?
948 748 1153 821 iniquissimos
1169 750 1280 806 Turcos
1301 749 1432 822 quotidie
1457 751 1600 823 fugientes
1615 756 1683 809 ante
1698 751 1773 811 illos.

63 835 117 903 Qui
133 833 279 908 putabant
294 837 404 888 terrore
419 837 535 905 gentem
550 834 728 890 Francorum
744 833 833 890 minis
849 851 895 891 sa·
949 837 985 894 At
1000 838 1042 894 illi
1057 839 1207 895 venientes
1218 840 1254 896 ad
1269 844 1372 895 cuncta
1389 844 1494 903 castra,
1505 840 1564 896 sive
1580 840 1777 911 civitates,ssn·

63 925 206 997 gittarum
221 921 435 990 illarum,sicut
445 926 611 978 terruerunt
626 923 748 989 Arabos,
756 927 784 979 et
799 923 897 980 Sarra·
949 932 1052 1000 gentes
1067 931 1096 984 et
1110 928 1281 985 deludentes
1291 928 1470 984 habitatores
1481 927 1609 999 illorum,
1622 930 1775 992 dicebant:

63 1031 164 1080 cenos,
180 1015 210 1068 et
230 1010 413 1079 hermenios,
429 1014 458 1067 ct
481 1010 622 1068 Surianos
647 1016 676 1068 et
699 1014 822 1068 Graeca.
840 1013 895 1069 Sed
950 1037 965 1066 a
982 1017 1040 1073 Nos
1055 1017 1216 1073 devicimus
1231 1016 1411 1073 Christianos
1426 1034 1539 1085 omnes,
1553 1022 1641 1092 atque
1656 1035 1776 1094 supera·

63 1104 130 1169 boc,
146 1101 172 1158 si
187 1101 245 1158 Deo
261 1099 365 1173 placet,
381 1117 512 1172 unquam
529 1118 586 1156 non
600 1099 654 1157 erit
668 1101 777 1168 visum,
790 1118 842 1158 nec
857 1102 897 1157 ia.
949 1106 1046 1162 vimus
1062 1105 1139 1173 illos,
1155 1124 1188 1163 eo
1203 1111 1303 1162 tenore
1320 1107 1397 1178 quod
1414 1105 1512 1163 nullus
1527 1124 1627 1164 eorum
1639 1109 1703 1180 jam
1718 1125 1776 1167 un·

63 1198 157 1260 ctum,
169 1206 221 1247 nec
237 1190 360 1258 dictum,
372 1206 424 1245 nec
440 1190 601 1263 cogitatum
617 1191 694 1262 quod
711 1190 766 1264 ipsi
783 1196 897 1246 tantum
951 1196 1156 1266 quamaudoat
1168 1212 1199 1251 se
1210 1196 1320 1269 erigere
1330 1199 1398 1251 ante
1408 1197 1607 1253 nos'Fantum
1617 1197 1777 1270 permittite

62 1280 188 1338 valeant.
197 1278 407 1334 Verumtamen
422 1278 525 1334 dicunt
540 1296 572 1334 so
587 1297 651 1335 esse
668 1280 702 1335 do
719 1280 896 1335 Francorum
951 1301 1005 1340 nos
1020 1284 1100 1340 intus
1116 1284 1232 1340 intrare.
1249 1307 1262 1333 n
1283 1284 1335 1350 Qui
1352 1283 1494 1340 intrantes
1510 1285 1675 1358 spoliabant
1689 1286 1778 1344 eccle·

63 1368 260 1443 generatione,
277 1374 306 1423 et
321 1366 423 1422 dicunt
439 1368 516 1440 quod
541 1367 640 1423 nullus
666 1368 753 1423 homo
777 1373 898 1425 natura·
952 1375 1021 1444 sias,
1038 1379 1066 1429 et
1082 1375 1195 1438 domos,
1211 1378 1240 1429 et
1254 1373 1311 1429 alia
1325 1373 1434 1439 omnia,
1455 1378 1484 1429 et
1507 1374 1654 1432 ducebant
1676 1391 1776 1434 secum

63 1460 130 1516 liter
145 1458 232 1514 debet
247 1473 311 1513 esse
324 1455 419 1523 miles,
433 1457 488 1512 nisi
507 1457 609 1512 Franci
624 1463 652 1512 et
667 1457 720 1513 illi.
736 1457 895 1515 Veritatem
951 1480 1043 1536 equos
1059 1467 1087 1519 et
1103 1463 1213 1528 asinos,
1230 1467 1259 1518 et
1274 1479 1378 1518 aurum
1395 1468 1424 1518 et
1443 1467 1609 1536 argentum,
1625 1468 1653 1520 et
1668 1464 1775 1535 mules,
1840 1526 1852 1538 ,Ι

64 1565 182 1622 quoque
197 1545 293 1603 dicam
309 1563 360 1618 per
374 1546 483 1614 omnia,
495 1563 583 1618 quam
600 1564 686 1602 nomo
702 1547 820 1603 audebit
835 1565 899 1619 pro.
952 1557 980 1607 61
994 1569 1028 1608 ea
1043 1569 1107 1624 qua
1124 1551 1248 1624 reperire
1265 1555 1407 1624 poterant.
1418 1550 1519 1608 Adhuc
1530 1557 1684 1625 quoquest
1698 1552 1778 1610 Chri·

64 1639 176 1694 bibere.
192 1636 275 1692 Certe
294 1634 317 1691 si
344 1634 374 1690 in
400 1635 457 1690 fide
481 1635 599 1702 Christi,
625 1641 655 1691 et
679 1635 898 1692 christianitate
952 1642 1114 1697 stianorum
1132 1641 1206 1696 hlios
1220 1657 1319 1696 secum
1336 1640 1491 1707 ducebant,
1499 1645 1528 1696 et
1539 1642 1681 1699 ardebant
1690 1647 1719 1699 et
1730 1643 1778 1700 de·

64 1731 169 1783 sancta
184 1725 262 1782 firmi
278 1724 414 1792 luissent,
430 1727 458 1780 ct
474 1742 565 1781 unum
581 1724 611 1780 in
623 1724 764 1782 Trinitate
776 1742 897 1781 manen·
912 1773 936 1838 B
950 1731 1105 1786 vastabant
1118 1729 1218 1785 omnia
1232 1728 1433 1785 convenientia
1447 1729 1507 1786 sive
1522 1729 1615 1797 utilia,
1632 1730 1777 1804 fugientes

63 1822 124 1872 166]
141 1820 245 1871 natum
261 1814 297 1871 de
311 1813 432 1888 Virgine
453 1819 556 1883 matre,
573 1820 603 1872 et
617 1832 737 1888 passum
753 1819 782 1871 et
797 1831 897 1870 resur·
951 1825 980 1876 ot
995 1824 1133 1892 paventes
1147 1817 1231 1874 valde
1246 1822 1313 1875 ante
1329 1818 1431 1875 sociem
1454 1823 1594 1877 nostram.
1610 1820 1707 1878 Nostri
1722 1821 1778 1878 ite·

63 1909 192 1978 gentem,
209 1920 243 1960 ac
267 1902 371 1960 deinde
396 1903 626 1960 consolationem
653 1903 747 1960 sancti
769 1903 898 1976 Spiritus
951 1926 1008 1982 que
1023 1909 1274 1981 persequebantur
1287 1925 1339 1980 per
1353 1908 1468 1965 deserta
1481 1912 1510 1964 et
1524 1909 1677 1982 inaquosa,
1693 1914 1721 1967 et
1734 1909 1779 1968 in·

62 1994 191 2067 perlecto
206 1993 382 2061 mittentem,
401 1992 430 2048 in
446 1992 517 2049 coelo
541 1998 570 2049 ot
593 1993 623 2049 in
648 1997 725 2050 terra
749 1992 898 2065 aqualiter
951 1997 1141 2054 habitabilem
1158 1999 1278 2069 terram,
1294 2013 1328 2053 ex
1346 2014 1405 2070 qua
1418 1996 1464 2053 vix
1478 1997 1534 2053 vivi
1550 1998 1705 2056 evasimus.
1724 1999 1778 2057 Fa·

64 2087 249 2157 regnantem,
265 2087 344 2139 recta
360 2087 457 2139 mente
472 2086 501 2138 et
515 2083 572 2139 fide
587 2082 790 2149 credidissent,
803 2081 897 2155 magis
952 2104 1014 2143 mes
1029 2103 1094 2142 vero
1114 2091 1141 2142 et
1158 2085 1223 2142 sitis
1238 2085 1368 2157 undique
1384 2087 1549 2143 coarctabat
1564 2103 1628 2153 noa,
1646 2087 1779 2161 nihilque

63 2173 281 2246 prudentiores,
291 2177 341 2227 aut
351 2172 495 2238 fortiores,
506 2176 558 2228 aut
569 2171 712 2228 bellorum
726 2171 898 2244 ingeniosis·
952 2176 1069 2248 penitus
1084 2174 1168 2231 uobis
1180 2177 1241 2231 erat
1256 2174 1291 2230 ad
1308 2175 1465 2242 edendum,
1478 2175 1533 2231 nisi
1551 2176 1624 2232 sorte
1637 2174 1779 2234 vellentes

62 2263 168 2331 simos,
183 2261 292 2333 aliquia
307 2260 437 2318 invenire
454 2261 576 2318 minime
590 2262 726 2334 potuerit.
741 2261 841 2334 lhique
855 2260 898 2316 in.
951 2264 1228 2338 etsricanteaspicas
1238 2265 1374 2320 manibus
1386 2263 1778 2338 nostris,detaliciboquam

63 2350 176 2408 terieeti
201 2354 272 2408 sunt
297 2350 357 2407 duo
378 2350 565 2406 honorabiles
589 2351 655 2415 viri,
676 2351 839 2407 Cauhedns
861 2351 896 2407 de
951 2353 1114 2410 miserrimc
1129 2352 1551 2410 vivebamus.lbiluitmortua
1566 2353 1695 2411 maxima
1709 2371 1777 2428 pars

63 2437 543 2506 Monte-scabiosamCuillelmus
559 2439 697 2495 marchisi
714 2439 793 2495 filius
810 2440 897 2495 irater
951 2448 1118 2498 nostrorum
1135 2459 1290 2515 equorum,
1301 2442 1507 2514 propterquod
1524 2441 1607 2498 multi
1618 2459 1653 2499 ex
1668 2441 1777 2501 nostris

63 2528 259 2599 Tanoredi,ct
274 2527 322 2584 alii
339 2527 446 2584 milites
462 2531 489 2584 ct
505 2529 761 2601 pedites‚quorum
776 2529 897 2609 nomina
951 2532 1094 2588 militibus
1116 2536 1320 2588 remanserunt
1335 2530 1456 2603 pedites,
1482 2534 1510 2586 et
1530 2547 1583 2603 pro
1607 2535 1778 2606 paupertate

62 2619 176 2692 ignoro.
186 2617 226 2675 De
236 2618 393 2691 prudentia
408 2634 474 2674 vero
489 2623 517 2673 et
532 2616 719 2672 animositate
734 2618 895 2673 'lurcorum
950 2637 1091 2694 equorum
1103 2625 1186 2676 erant
1201 2620 1286 2676 nobis
1297 2621 1384 2676 boves
1395 2619 1423 2674 in
1435 2619 1536 2675 ordine
1546 2619 1737 2689 caballorum,
1749 2623 1779 2677 et

63 2708 135 2780 quid
152 2706 239 2781 plura
255 2707 402 2764 releramt
417 2707 493 2763 Sunt
506 2724 633 2779 namque
650 2705 832 2773 ferocissimi,
845 2706 896 2762 hu·
950 2727 1001 2782 pro
1018 2709 1110 2765 nimia
1131 2709 1303 2765 necessitate
1316 2708 1500 2765 sulliciebaut
1515 2708 1599 2764 nobis
1613 2725 1733 2782 caprea,
1749 2712 1779 2766 et

64 2798 153 2854 meris
170 2801 199 2852 et
214 2794 338 2870 segites
353 2800 381 2852 et
393 2796 545 2869 pharetras
555 2795 690 2851 toxicatis
702 2795 822 2852 refertas
834 2813 898 2869 por·
951 2799 1056 2854 arietes
1071 2801 1100 2853 et
1114 2812 1202 2852 canes
1213 2796 1249 2851 ad
1260 2796 1437 2867 portandum
1449 2799 1560 2850 nostra.
1571 2797 1683 2851 interea
1693 2792 1780 2868 coepi·

63 2891 172 2954 tontes,
190 2885 366 2942 naturaliter
381 2884 611 2954 bellicosissimi,
623 2884 792 2958 gloriantes,
804 2889 836 2940 nt
852 2885 897 2941 di·
951 2905 1018 2943 mus
1034 2886 1142 2942 intrare
1157 2884 1299 2956 optimam
1311 2890 1429 2950 terrum,
1440 2882 1555 2955 plenam
1567 2882 1778 2957 temporalibus

62 2974 220 3045 ximua,de
235 2976 413 3031 Francorum
429 2974 627 3048 generatione.
639 2974 694 3030 Sed
710 2973 896 3047 omnipotens
951 2975 1036 3032 bonis
1051 2980 1079 3031 et
1095 2973 1161 3030 aliis
1183 2971 1306 3040 deliciis,
1333 2970 1443 3028 scilicet
1466 2972 1604 3028 omnibus
1624 2971 1719 3038 bonis,
1744 2987 1778 3028 ac

62 3065 142 3121 Deus
156 3064 328 3138 superbiam
342 3062 459 3120 illorum
481 3069 567 3120 antea
582 3063 756 3119 indomitam
773 3061 897 3118 debella·
952 3065 1089 3136 deinceps
1119 3060 1387 3134 adproximavimus
1422 3059 1564 3116 Iconium.
1595 3060 1778 3119 liabitalores

60 3153 102 3209 vit
117 3170 171 3227 per
185 3152 382 3209 bumilitatem
398 3151 642 3209 Christianorum.
654 3153 696 3207 hb
709 3152 780 3208 bora
795 3155 893 3208 autem
909 3138 930 3205 C
951 3154 1029 3210 enim
1045 3152 1124 3208 illius
1140 3151 1296 3207 suadentes
1311 3149 1510 3205 admonebant
1524 3166 1588 3217 nos,
1600 3150 1725 3206 serentes
1737 3149 1778 3206 si·

61 3243 150 3300 tertia
165 3258 260 3315 usque
274 3243 311 3298 ad
325 3241 427 3299 horam
444 3259 552 3299 nonam
568 3242 737 3315 perduravit
752 3241 806 3297 hoc
822 3258 893 3314 pra·
948 3242 1009 3299 marl
1021 3240 1175 3298 nobiscum
1187 3244 1267 3295 utres
1278 3238 1473 3311 plenosaqua,
1485 3238 1554 3310 quia
1564 3238 1623 3295 illic
1633 3239 1662 3294 in
1674 3237 1778 3297 itinere

61 3332 148 3388 lium.
163 3332 284 3388 Factum
298 3336 345 3388 est
358 3330 469 3387 bellum
486 3331 540 3387 boc
555 3332 650 3403 primo
667 3330 713 3387 die
727 3330 797 3386 tulii
813 3347 895 3386 men·
949 3333 1005 3388 diei
1021 3331 1110 3387 unius
1134 3329 1189 3385 suit
1213 3328 1343 3385 maxima
1358 3331 1516 3400 paupertas
1529 3344 1620 3400 aqua.
1638 3328 1697 3385 Nos
1710 3343 1778 3385 vero

61 3422 115 3478 sis.
132 3420 215 3478 Unde
229 3420 401 3478 benedictus
415 3421 492 3478 Deus
508 3420 684 3494 peremnia,
699 3419 749 3493 qui
773 3419 895 3476 tradidit
949 3422 1089 3478 iacientes
1109 3419 1158 3486 ita,
1176 3418 1380 3474 consensimus
1395 3415 1513 3472 illerum
1529 3415 1670 3484 consiliis,
1686 3417 1777 3475 donec

61 3509 182 3584 impios.
197 3513 300 3566 Amen.
948 3510 1134 3584 pervenimus
1151 3508 1186 3564 ad
1202 3506 1349 3579 quoddam
1362 3505 1482 3574 flumen,
1494 3504 1594 3578 ibique
1605 3505 1709 3561 morati
1724 3504 1780 3561 lui·

191 3600 239 3656 1116
253 3599 430 3656 solimannus
446 3607 594 3672 superatur
608 3617 625 3655 a
640 3600 764 3655 Francis.
948 3618 1016 3657 mus
1031 3616 1082 3671 per
1097 3599 1171 3654 duos
1186 3597 1258 3653 dies.
1276 3595 1433 3667 Coeperunt
1452 3595 1532 3650 enim
1554 3594 1711 3650 curritores
1725 3610 1777 3650 uo·

98 3689 139 3761 (3)
155 3688 315 3761 Postquam
328 3705 395 3744 vero
419 3688 530 3744 inimici
556 3688 606 3744 Dei
629 3692 657 3744 et
679 3690 786 3744 sancta
810 3687 891 3743 Chri·
949 3690 1002 3746 stri
1017 3688 1127 3744 anteire
1142 3687 1234 3742 donec
1249 3687 1444 3757 pervenerunt
1459 3684 1495 3739 ad
1506 3682 1666 3754 Fracleam,
1677 3681 1708 3738 in
1719 3698 1778 3755 qua

63 3776 210 3835 tianitatis
225 3777 344 3834 omnino
360 3777 462 3834 devicti
490 3776 625 3844 luissent,
642 3782 671 3833 et
695 3794 746 3850 per
770 3781 896 3849 quatuor
949 3772 1778 3846 eratnimiaTu1·oorumcongregatio,exspectausatqua
1813 3799 1818 3808 ·

64 3867 128 3922 dies
143 3869 173 3922 et
187 3871 287 3922 noctes
310 3866 454 3939 Fugientes
470 3866 526 3921 hnc
541 3871 569 3921 ct
592 3865 670 3933 illuc,
687 3865 809 3939 contigit
824 3866 895 3922 dum
949 3866 1103 3932 insidians,
1116 3864 1262 3937 quomodo
1274 3861 1380 3919 Christi
1393 3859 1537 3917 militibus
1555 3876 1658 3916 nocere
1669 3860 1780 3934 potuis·

63 3953 253 4010 solimannus
268 3955 328 4009 dux
344 3952 472 4020 illorum,
497 3953 576 4009 filius
592 3953 755 4010 Solimanni
778 3954 894 4023 veteris,
950 3959 1023 4011 sent.
1040 3956 1117 4020 Quos
1133 3954 1244 4009 Turcos
1269 3951 1377 4007 milites
1401 3949 1451 4007 Dei
1471 3948 1681 4024 omnipotentis
1695 3948 1778 4005 inve·

64 4044 100 4098 de
115 4042 212 4098 Nicaea
236 4043 351 4099 civitate
374 4044 498 4116 sugeret,
515 4043 643 4115 quadam
660 4043 706 4099 die
721 4043 831 4100 invenit
846 4044 895 4100 de·
950 4045 1074 4111 aientes,
1092 4043 1230 4099 audacter
1244 4042 1424 4096 invaserunt.
1441 4039 1575 4112 Superati
1593 4038 1692 4112 itaque
1707 4040 1779 4096 sunt

65 4149 127 4189 cem
144 4131 239 4188 millia
253 4132 393 4198 Arabum,
406 4132 457 4204 qui
472 4132 610 4190 dixerunt
625 4132 650 4188 ei
664 4150 670 4188 :
687 4156 701 4183 «
719 4131 740 4189 0
756 4132 856 4189 infelix
868 4139 896 4190 et
950 4135 1008 4190 Deo
1023 4136 1169 4188 annuente
1180 4128 1292 4186 inimici
1303 4127 1396 4185 nostri
1407 4127 1436 4183 in
1448 4128 1497 4184 illa
1507 4128 1564 4196 die,
1576 4128 1779 4201 lugientasque

65 4221 155 4278 miser
168 4220 302 4277 omnium
317 4220 482 4293 gentilium,
512 4238 565 4277 cur
588 4222 775 4278 tremefactus
800 4222 896 4280 adbuc
950 4221 1086 4295 scapulas
1100 4221 1253 4276 dederunt.
1265 4218 1361 4274 Nostri
1377 4218 1466 4291 igitur
1480 4218 1663 4273 intraverunt
1678 4215 1777 4273 statim

64 4309 167 4384 iugis?
184 4331 196 4359 ι
227 4308 340 4378 Quibus
366 4308 557 4365 Solimannus
580 4309 808 4384 lacrymabiliter
830 4311 893 4368 ait:
950 4312 1107 4379 civitatem,
1124 4316 1213 4383 atque
1229 4311 1402 4364 manserunt
1417 4306 1477 4362 illic
1491 4310 1618 4379 quatuor
1633 4305 1706 4361 dies.
1722 4301 1778 4371 oui

65 4423 78 4448 a
90 4398 299 4454 Verumtamen
310 4396 380 4453 olim
392 4413 460 4453 eum
473 4397 644 4455 habuissem
657 4416 759 4455 omnes
770 4400 896 4457 Francos
948 4418 1016 4457 vcro
1031 4399 1194 4456 diviserunt
1211 4415 1241 4454 se
1257 4398 1292 4453 ab
1309 4396 1384 4465 aliis,
1405 4394 1574 4452 Tancredus
1598 4391 1779 4451 honorabilis

65 4485 321 4558 devictos,eosque
336 4487 477 4558 putabam
491 4487 551 4557 jam
568 4486 676 4543 habere
686 4487 715 4543 in
728 4488 896 4561 captivitate
911 4511 933 4576 D
949 4496 978 4546 ot
991 4490 1151 4545 acerrimus
1168 4487 1252 4544 miles
1266 4485 1406 4542 marchisi
1417 4485 1505 4554 illius,
1518 4489 1547 4541 et
1558 4482 1719 4539 Bolduinus
1733 4497 1779 4538 eo·

65 4574 181 4649 ligatos,
193 4574 265 4631 dnm
279 4573 422 4649 paulatim
436 4575 597 4632 voluissem
608 4576 699 4649 ligare
711 4577 746 4632 ad
758 4576 893 4645 invicem,
950 4596 1012 4635 mes
1025 4578 1160 4652 egregius
1176 4577 1265 4632 irater
1279 4575 1364 4631 ducis
1378 4572 1536 4641 Codesridi‚
1549 4577 1577 4628 et
1593 4570 1715 4627 insimul
1729 4571 1777 4627 in·

65 4667 137 4721 tune
152 4662 311 4737 respiciens
326 4664 481 4733 retro,vidi
496 4670 556 4721 tam
573 4665 816 4722 innumerabilem
827 4683 894 4740 gen·
949 4671 1100 4724 traverunt
1114 4667 1143 4721 in
1159 4664 1264 4721 vallem
1286 4664 1322 4720 de
1347 4664 1493 4720 Borentot.
1520 4660 1625 4717 Divisit
1646 4659 1726 4716 enim
1745 4675 1778 4717 ae

65 4756 126 4809 tem
142 4768 244 4809 eorum
259 4770 348 4826 quam
371 4752 396 4810 si
411 4771 472 4820 vos,
489 4758 540 4809 aut
554 4753 629 4811 alius
651 4754 757 4827 aliquis
780 4757 894 4814 adesset
948 4756 1127 4823 Tancrcdus,
1144 4759 1173 4811 et
1187 4754 1266 4810 venit
1290 4752 1403 4809 Tharao
1427 4751 1612 4809 solummodo
1631 4766 1698 4806 eum
1714 4747 1777 4807 suis

65 4840 260 4914 illic,putaret
270 4842 347 4915 quod
358 4858 461 4898 omnes
472 4847 597 4910 montes,
609 4848 637 4900 et
647 4842 746 4911 colles,
756 4845 893 4914 etvalles,
949 4846 1103 4903 militibus.
1115 4844 1255 4900 Exierunt
1270 4859 1397 4915 namque
1412 4840 1499 4898 Tarci
1510 4841 1545 4897 de
1560 4840 1684 4907 civitate,
1695 4843 1779 4904 etve.

65 4934 93 4987 et
109 4933 211 4987 omnia
224 4928 311 5003 plana
326 4930 390 4988 loca
404 4930 490 5004 plena
504 4936 603 4988 essent
626 4931 742 4989 illorum
759 4935 896 4991 multitu·
949 4941 1056 4996 nerunt
1071 4934 1185 4991 obviam
1202 4933 1254 5001 eis,
1272 4936 1359 5004 atque
1375 4932 1404 4986 in
1417 4947 1509 4987 unum
1524 4933 1594 4986 sunt
1608 4928 1777 5004 congregati

66 5019 145 5076 dine.
161 5019 221 5077 Nos
235 5019 326 5092 igitur
350 5019 417 5076 illos
440 5026 602 5090 cernentes,
629 5023 726 5079 statim
752 5024 895 5096 cepimus
949 5036 976 5084 et
991 5027 1228 5100 praeparaverunt
1243 5039 1273 5078 se
1288 5022 1324 5077 ad
1341 5019 1450 5076 bellum
1466 5024 1568 5075 contra
1581 5016 1775 5077 Christianos.

65 5125 170 5182 capere
184 5108 373 5165 subitaneum
389 5108 455 5178 iter,
470 5110 608 5168 timentes
624 5116 683 5167 tarn
708 5112 892 5182 mirabiliter,
947 5115 1222 5190 Appropinquanles
1234 5111 1331 5184 itaque
1342 5109 1433 5165 nostri
1445 5113 1532 5182 atque
1543 5113 1707 5182 pugnantes
1718 5124 1779 5166 om·

65 5198 145 5270 quod
170 5213 244 5266 pene
267 5197 415 5255 evasimus
437 5199 472 5256 de
496 5198 616 5256 illorum
641 5200 788 5257 manibus
813 5201 895 5258 Unde
950 5223 1011 5274 nes,
1028 5203 1170 5260 dederunt
1185 5199 1296 5257 inimici
1320 5198 1413 5254 nostri
1428 5199 1540 5272 lugam,
1556 5202 1732 5256 revertentes
1745 5198 1777 5255 in

65 5287 162 5343 adbuc
175 5287 207 5342 in
222 5286 314 5344 nimio
329 5292 438 5345 terrore
458 5306 574 5346 sumus.
590 5290 625 5345 Et
640 5289 665 5347 si
681 5290 753 5346 mihi
768 5295 798 5347 et
822 5291 895 5349 meis
950 5294 1095 5351 civitatem
1105 5288 1189 5348 celeri
1200 5306 1315 5364 gressu.
1327 5288 1496 5345 Taneredus
1507 5286 1625 5345 verovir
1636 5288 1775 5361 prudeus,

64 5374 896 5456 66611616111666661666661661616611666616611661166
950 5388 1038 5460 atquc
1052 5377 1233 5438 honorabilis
1247 5376 1356 5436 Christi
1371 5376 1466 5448 miles,
1475 5375 1605 5455 pervenit
1619 5375 1724 5436 laxatis
1733 5374 1777 5434 lo·

99 5555 138 5632 (3)
152 5555 276 5615 Initium
291 5553 360 5617 huri
375 5571 405 5618 tv
418 5555 450 5618 ln
465 5556 535 5621 edit.
