3816 6006
99 277 163 338 729
475 273 643 336 aenean
668 269 845 336 alunnum
868 268 970 332 lllST.
993 265 1200 329 uluaosoa.
1217 299 1256 312 -
1271 263 1344 328 tta.
1365 264 1431 329 vll.
1741 266 1802 331 730

99 409 173 483 quid
189 405 456 482 inpresentiarum
473 405 744 466 antevosvidestis.
762 402 924 463 Orientales
937 400 966 471 Α
981 399 1058 474 quod
1075 416 1199 474 magnus
1224 398 1337 457 amicas
1360 416 1432 458 suus
1456 398 1497 456 ita
1520 397 1606 458 celeri
1626 417 1714 459 cursu
1733 420 1801 463 cum

98 499 217 556 divitias
232 498 353 554 adduxit
363 497 446 555 vobis
456 497 599 554 Dominus
608 503 703 553 vester
718 496 748 552 in
764 495 868 552 facicm
878 512 922 550 ve·
979 491 1116 548 omnibus
1132 490 1193 546 suis
1209 489 1400 558 discurrebat,
1414 490 1565 548 insecutus
1579 495 1623 548 est
1634 509 1711 562 eum,
1730 509 1801 566 quo-

95 595 203 656 stram,
221 588 279 642 imo
295 587 326 642 in
351 587 488 643 manibus
512 587 627 643 tertiis.
648 584 869 651 Confertamini,
895 587 923 640 et
976 580 1055 635 niam
1071 578 1176 652 etipse
1192 597 1209 633 n
1225 578 1439 635 liollovacabat.
1453 579 1513 636 lllic
1529 581 1638 653 quippe
1654 580 1803 639 incumbe·

96 682 194 735 estote
208 676 261 731 viri
273 676 541 750 cordati,quoninm
549 677 612 748 jam
629 672 923 731 mittetilominusle·
977 670 1027 724 liat
1043 669 1132 724 robur
1148 667 1257 723 militie
1274 669 1439 736 Persarum,
1452 673 1480 724 et
1496 670 1589 740 major
1604 670 1761 740 l'crtitud03
1776 676 1805 728 et

98 768 213 841 ginnas,
231 770 400 822 sanctorum
421 783 552 835 suorum,
565 764 615 837 qui
631 765 808 821 ulciscentur
822 780 872 818 ros
889 763 924 818 de
977 759 1050 814 bene
1066 758 1196 824 decebat,
1212 756 1310 813 utillic
1322 762 1470 813 currerent
1485 757 1802 834 Godelridusetliugo.

95 855 228 911 inimicis
242 855 356 911 vestris.
369 854 459 911 Hodie
475 855 609 910 vitiabilis
620 854 685 910 illos
701 852 792 909 oculis
804 851 922 918 vestris3
978 849 1046 903 Erat
1059 847 1137 902 enim
1156 863 1231 902 unus
1252 847 1287 901 ab
1304 845 1405 914 altero,
1426 846 1509 919 quasi
1529 846 1603 903 alter
1614 848 1701 914 idern,
1713 867 1802 907 unam

94 948 209 1000 etcum
224 943 366 1010 venerint,
393 944 428 999 de
448 961 549 998 corum
566 943 688 998 terribili
710 943 822 1015 srugorc
837 958 873 996 ne
888 940 923 995 ti·
977 938 1118 992 babentes
1134 936 1163 990 in
1175 953 1205 991 sc
1217 935 1388 991 amicitiam.
1401 935 1483 1009 Hugo
1492 936 1617 1008 Magnus
1629 954 1696 993 cum
1707 940 1743 995 ud
1753 956 1805 1012 pu·

96 1033 215 1089 meatis.
231 1033 294 1088 Non
310 1032 387 1088 enim
410 1033 496 1088 debet
513 1034 664 1088 inassueta
678 1032 760 1088 vobis
773 1048 836 1087 esse
851 1030 923 1086 visio
978 1043 1041 1098 gna
1057 1026 1224 1081 conllictum
1240 1025 1319 1098 prior
1342 1024 1480 1092 venisset,
1505 1025 1631 1083 intuitus
1652 1033 1696 1083 est
1712 1046 1803 1086 unum

95 1138 209 1189 eorum,
227 1122 366 1194 quoniam
378 1120 540 1177 vicoallera
553 1125 695 1177 venerunt
707 1119 790 1177 nohis
805 1121 834 1175 in
846 1120 924 1176 auxi·
979 1116 1013 1170 de
1029 1115 1214 1182 aduersariis
1232 1115 1281 1188 qui
1299 1117 1361 1170 erat
1383 1114 1521 1170 audacior
1535 1115 1656 1183 ceteris,
1674 1116 1805 1191 aliosque

95 1211 181 1266 lium.
198 1210 254 1266 Sed
271 1210 421 1266 humanus
446 1214 584 1282 aspectus
609 1209 737 1282 pavescit
753 1209 782 1264 in
799 1210 924 1265 adventu
978 1204 1013 1259 ad
1031 1220 1158 1277 pugnarn
1174 1202 1530 1272 clamandohortabatnr3
1548 1204 1599 1277 qui
1615 1210 1803 1278 spumantem

95 1314 292 1370 supernorum
303 1296 420 1353 civium.
433 1297 622 1353 donsiddrate
634 1297 781 1369 quomodo
793 1297 924 1352 adversa·
979 1309 1088 1366 equum
1104 1291 1204 1366 dirigit
1219 1296 1319 1348 contra
1335 1309 1414 1357 eum,
1431 1297 1459 1348 ct
1473 1292 1576 1349 laneca
1586 1293 1611 1349 ei
1627 1298 1729 1368 guttur
1740 1313 1804 1369 per·

95 1387 131 1443 rii
143 1386 230 1442 rastri
246 1392 361 1442 extento
377 1385 462 1451 colla,
480 1386 554 1442 sicut
568 1386 642 1441 cerri
659 1389 686 1442 et
698 1384 822 1441 damula
837 1402 923 1458 pare·
979 1381 1091 1446 foravit,
1108 1385 1136 1438 ct
1151 1382 1191 1437 sic
1207 1398 1239 1438 os
1263 1381 1343 1437 iltius
1364 1380 1513 1455 oppilavit.
1531 1383 1604 1448 Ouid
1622 1383 1712 1440 miser
1728 1385 1805 1442 laca-

95 1481 222 1542 srcntes,
239 1477 396 1531 adventum
408 1480 536 1531 vestrum
549 1474 707 1547 aspiciunt.
719 1475 878 1547 paratiores
889 1475 925 1530 nd
980 1471 1044 1527 rot?
1058 1469 1118 1526 solo
1130 1469 1228 1526 statim
1241 1469 1359 1537 corruit,
1368 1475 1395 1525 ct
1406 1469 1462 1525 diis
1473 1470 1664 1528 internatibus
1675 1473 1805 1532 animam

96 1567 198 1639 lugam
210 1582 298 1639 qnam
310 1565 346 1620 ad
358 1564 501 1638 pralium.
514 1566 549 1620 Et
566 1582 616 1620 vos
636 1565 709 1619 benc
721 1564 814 1620 nostis
824 1582 925 1621 eorum
980 1559 1204 1616 commendavit.
1221 1559 1363 1615 Posthac
1379 1558 1500 1632 conligit
1516 1560 1625 1617 nostris
1640 1564 1750 1634 grande
1764 1563 1807 1619 in·

96 1652 206 1727 prelia,
218 1653 356 1726 qnoniam
367 1651 657 1727 tractasagittaplns
668 1652 696 1707 in
715 1654 783 1724 luga
797 1671 883 1726 quarn
897 1653 925 1708 in
980 1649 1188 1706 commodum:
1215 1648 1285 1721 quia
1310 1647 1364 1705 Ode
1387 1648 1584 1720 Belpeutineur,
1602 1649 1653 1722 qui
1669 1651 1805 1710 vexillum

99 1759 201 1816 pugna
219 1742 380 1797 confidunt.
409 1744 449 1797 lte
465 1742 556 1816 igitur
571 1747 672 1799 contra
687 1759 736 1798 eos
752 1743 780 1797 in
798 1742 925 1797 nomime
980 1738 1099 1800 larebat,
1117 1737 1224 1810 sagitta
1243 1737 1370 1792 toxicata
1384 1735 1554 1794 vulneratus
1573 1738 1647 1807 luit;
1665 1744 1693 1797 ct
1708 1741 1806 1798 delore

98 1830 215 1887 Domini
234 1831 325 1886 nostri
341 1830 410 1887 Jesu
426 1831 535 1887 Christi
550 1832 585 1887 ad
602 1831 723 1896 bellum,
741 1836 769 1886 ct
784 1831 927 1886 Dominus
980 1827 1109 1883 vulneris
1123 1826 1352 1898 ingravescente,
1368 1841 1435 1881 cum
1450 1825 1553 1883 vexillo
1567 1831 1665 1884 terrra
1681 1830 1803 1888 corruit:

97 1921 176 1977 Deus
192 1924 291 1975 noster
306 1919 491 1992 omnipotens
508 1921 547 1976 sit
561 1921 712 1977 vobiscum
732 1920 798 1992 (55),
811 1944 823 1969 n
840 1920 926 1975 Cum·
983 1917 1032 1972 sed
1048 1917 1197 1972 Blemmraie
1214 1915 1363 1971 Guilelmus
1380 1931 1449 1971 ense
1473 1916 1594 1983 nudato,
1611 1916 1658 1973 via
1678 1935 1730 1991 per
1748 1935 1806 1976 rna·

98 2026 157 2081 que
172 2024 275 2064 ornnes
290 2007 514 2079 respondissent
524 2007 750 2073 Amenextensis
766 2007 795 2062 in
806 2005 927 2078 longam
982 2007 1046 2062 dios
1060 2005 1158 2061 hoster
1173 2005 1295 2077 aperuit,
1313 2007 1342 2060 ct
1357 2004 1474 2077 signum
1491 2003 1595 2061 tellure
1609 2004 1807 2074 levavit.Quid

99 2097 276 2171 legionibus
294 2095 374 2169 prior
388 2101 484 2151 erecto
498 2095 601 2151 vexillo
618 2096 763 2151 antecedit
773 2096 854 2168 Hugo
867 2096 927 2150 bla-
982 2095 1155 2151 duxducum
1165 2092 1427 2166 Godelridus,quid
1439 2094 1637 2163 boamundus,
1648 2096 1718 2168 quid
1729 2096 1808 2154 clare

100 2205 188 2262 gnus,
205 2185 255 2259 qui
267 2187 334 2258 jure
355 2189 475 2241 avocatus
490 2189 535 2240 est
551 2185 685 2257 Magnus,
711 2185 850 2256 qnoniam
873 2183 928 2239 lion
978 2185 1119 2257 juventus
1135 2183 1174 2238 ibi
1191 2182 1313 2256 egerint,
1330 2199 1383 2238 nec
1398 2181 1499 2256 lingua
1515 2181 1621 2251 dicere,
1636 2201 1690 2241 nec
1701 2202 1808 2242 manus

101 2275 286 2350 privilegium
302 2274 518 2331 commendavit
542 2279 608 2329 actu
629 2279 657 2329 et
681 2273 822 2329 moribus.
845 2277 928 2327 Hunc
983 2274 1179 2329 scriberemus
1195 2271 1386 2344 paginavalct
1401 2289 1512 2344 capere.
1525 2272 1807 2334 Nullnsuostrorum

103 2365 255 2424 subsecuti
270 2363 415 2431 saetabi,
433 2364 509 2419 sicut
527 2363 664 2441 superins
680 2367 750 2418 sunt
765 2362 926 2428 nominati;
983 2362 1022 2417 ibi
1038 2361 1117 2417 iners
1133 2362 1196 2427 luit,
1223 2360 1322 2416 nullus
1344 2360 1478 2428 timidus,
1495 2361 1564 2434 quia
1576 2380 1627 2419 nec
1640 2363 1737 2421 locum
1752 2365 1808 2423 ha-

103 2454 217 2527 luitqnc
233 2471 334 2510 eornm
351 2451 461 2525 prolixa
477 2453 617 2521 extensio,
629 2469 646 2506 a
658 2451 778 2506 flumine
789 2450 927 2522 usquead
983 2450 1079 2517 bebai,
1091 2454 1118 2506 et
1129 2450 1222 2506 hostis
1233 2450 1455 2522 supereminens
1470 2467 1709 2526 unumquempue
1722 2470 1806 2529 urge·

103 2548 245 2598 suentana
257 2540 428 2607 scilicet,cui
440 2541 534 2613 spatio
550 2541 764 2597 intersuntduo
781 2539 927 2595 milliaria.
983 2539 1043 2594 bat.
1060 2541 1172 2606 Quanto
1188 2539 1282 2611 magis
1297 2540 1374 2595 enim
1387 2540 1603 2609 occidebantur,
1622 2546 1702 2600 tanto
1714 2543 1807 2619 magis

102 2634 186 2688 Titne
200 2647 266 2686 vero
278 2630 445 2685 Carbanum
458 2630 544 2702 coepit
556 2628 675 2684 retroire
686 2635 714 2684 et
725 2629 930 2700 montanisap·
982 2644 1111 2682 crescere
1133 2628 1316 2684 videbantur.
1343 2628 1424 2685 Sicut
1439 2629 1517 2685 enim
1532 2631 1682 2703 putredini
1698 2651 1806 2690 musca

102 2720 309 2793 propinquare.
328 2718 424 2774 Nostri
437 2723 534 2774 autern
547 2717 781 2790 paulatimillum
797 2716 930 2789 inseque-
984 2716 1129 2770 confluere
1146 2715 1250 2783 solent,
1267 2716 1308 2773 sic
1324 2722 1351 2772 at
1368 2717 1423 2790 ipsi
1440 2718 1571 2792 undique
1586 2721 1805 2779 conveniebant.

102 2807 364 2880 bantur,quoniam
377 2807 633 2879 moderalogressu
647 2822 749 2861 omncs
760 2804 930 2878 gradieban-
983 2805 1107 2861 Dumsic
1119 2809 1255 2873 certatur,
1266 2810 1293 2861 et
1307 2810 1367 2861 tam
1384 2805 1463 2881 longi
1474 2808 1643 2866 certaminis
1654 2811 1807 2883 prolixitas

101 2903 156 2953 tur.
177 2899 262 2953 Tunc
278 2895 365 2951 Turci
383 2895 410 2951 in
429 2896 487 2950 diro
502 2900 571 2950 sunt
586 2893 683 2959 divisi,
699 2894 770 2965 quia
789 2911 857 2966 pars
871 2910 930 2949 una
984 2898 1097 2966 poterat
1111 2894 1236 2958 taediare,
1263 2911 1314 2950 nec
1339 2912 1481 2951 numerus
1499 2896 1629 2954 bostium
1654 2901 1808 2958 videbatur

102 2986 248 3059 aregione
259 2984 350 3040 maris
362 2983 517 3056 processit;
531 3000 598 3054 pars
609 2982 699 3037 altera
710 2981 840 3054 maj0rin
853 2999 930 3037 cam·
984 2984 1159 3053 decrescere,
1176 2982 1340 3039 albatorum
1357 2984 1483 3040 militum
1496 2986 1689 3044 numerabilis
1702 2990 1807 3047 exerci-

102 3092 138 3146 po
156 3073 311 3130 remansit.
327 3073 499 3128 Statuerunt
515 3070 604 3144 igitur
622 3077 738 3127 nostros
753 3071 794 3125 sic
809 3070 885 3126 inter
898 3088 929 3126 sc
985 3076 1033 3127 tus
1049 3072 1129 3127 risus
1144 3076 1188 3127 cst
1203 3073 1238 3128 de
1254 3072 1405 3128 montibus
1419 3073 1605 3142 descendere,
1622 3094 1748 3149 quornm
1765 3080 1805 3136 si-

103 3161 263 3229 inrlndere,
280 3165 308 3218 et
324 3179 340 3215 a
355 3160 599 3233 darsosagittarc.
612 3160 666 3215 Sed
684 3159 873 3216 ordinatacst
884 3141 964 3216 se-(i
983 3160 1087 3232 gnlseri
1104 3165 1131 3216 et
1146 3161 1234 3216 duces
1250 3162 1462 3217 essedicnntur
1470 3163 1622 3237 Georgius,
1635 3166 1805 3238 Mauricius,

102 3251 195 3324 ptimo
206 3252 361 3322 aciesque
374 3256 474 3304 contra
486 3254 598 3321 partem
610 3248 733 3303 divisam
746 3248 926 3320 confligeret;
983 3249 1147 3305 Demetrius
1163 3250 1218 3321 (57)
1229 3267 1303 3322 qaros
1319 3254 1350 3304 ut
1366 3250 1493 3321 primum
1505 3252 1577 3308 vidit
1587 3254 1739 3312 podiensis
1749 3259 1807 3330 epi·

102 3341 237 3415 ordinata
250 3344 295 3394 est
311 3342 408 3393 aulem
425 3355 459 3393 ea
479 3337 623 3392 militibus
639 3337 723 3392 ducis
739 3337 885 3392 Godelridi
901 3341 929 3393 et

101 3426 297 3483 Northmauni
314 3426 447 3493 comitis;
465 3426 511 3481 cui
527 3425 642 3498 praefuit
655 3425 776 3496 quidam
794 3425 862 3491 dux,
876 3443 928 3481 ne-

102 3517 180 3571 mine
197 3513 370 3585 llainaldus‚
387 3515 468 3570 Hunc
478 3515 651 3570 contraillns
664 3514 848 3583 rnisc1·unt,et
860 3533 929 3586 prns-

101 3604 163 3660 liati
179 3609 259 3672 sunt,
276 3603 421 3675 multique
437 3603 505 3658 hinc
520 3609 548 3658 et
564 3604 630 3658 inde
653 3603 830 3657 ceciderunt.
848 3605 882 3658 Et
896 3609 928 3659 ut

101 3693 164 3748 aliae
179 3710 230 3748 sex
245 3693 323 3747 acics
339 3693 374 3747 ad
387 3693 500 3764 jactum
511 3692 622 3764 sagittae
634 3693 927 3763 pervenerunt,Turci

99 3781 226 3836 vicinius
241 3780 283 3835 ire
299 3784 477 3847 recusantes,
495 3779 585 3835 tensis
596 3780 723 3834 arcubus
733 3779 863 3847 trahunt,
876 3781 927 3836 sed

102 3871 223 3937 frustra,
241 3870 311 3941 quia
326 3875 429 3924 ventus
445 3886 478 3924 ex
494 3868 611 3941 obliquo
628 3869 701 3923 llans
716 3885 816 3924 eorum
827 3869 928 3939 jactus

101 3959 213 4033 redegit
228 3959 257 4013 in
271 3975 390 4014 vanum.
407 3959 488 4023 Quod
514 3957 601 4013 Turci
617 3961 650 4039 ut
673 3958 820 4024 viderunt,
835 3957 928 4015 versis

100 4048 191 4104 irenis
207 4051 282 4104 retro
299 4045 425 4118 lugiunt,
441 4045 541 4118 sicque
556 4045 651 4117 prima
662 4044 738 4101 acies
749 4045 881 4118 quesivit
896 4047 926 4102 in

983 3355 1100 3410 scopus,
1116 3338 1287 3394 exclamavit
1301 3356 1369 3395 voce
1393 3357 1500 3413 magna
1516 3341 1634 3398 dicens:
1653 3347 1805 3411 omiliae.

982 3443 1040 3482 erre
1064 3430 1136 3482 raeiri!
1157 3428 1306 3492 arcadium,
1329 3428 1399 3500 qrtod
1419 3431 1494 3485 uobis
1508 3433 1636 3501 praecinit
1662 3434 1749 3490 Densi
1772 3436 1807 3492 ut

983 3520 1059 3570 corte
1071 3516 1160 3569 nostri
1171 3515 1253 3571 valdo
1261 3517 1454 3588 expavissent,
1462 3517 1517 3573 nisi
1528 3519 1630 3575 luisset
1640 3539 1706 3594 spes
1716 3539 1806 3595 quarn

982 3605 1011 3659 in
1024 3605 1146 3659 Domino
1157 3603 1311 3660 habebant.
1325 3607 1522 3662 Tunctremor
1531 3609 1674 3666 maximus
1686 3610 1804 3668 irruitin

982 3692 1091 3759 hostes,
1109 3693 1377 3750 etvcrsisvultibus
1388 3695 1478 3750 sentis
1494 3700 1576 3769 terga
1591 3694 1808 3771 cooperiuntet

983 3782 1081 3853 lugam
1098 3798 1155 3854 quc
1171 3781 1329 3855 unicuique
1345 3783 1426 3839 locus
1450 3783 1538 3839 dabat
1562 3786 1716 3858 arripiunt.
1736 3790 1807 3847 Pars

980 3869 1031 3925 illa
1040 3887 1131 3942 quiea
1146 3874 1228 3942 parte
1236 3872 1385 3943 pugnabat
1395 3872 1494 3941 maris,
1507 3878 1539 3929 ut
1548 3873 1619 3930 vidit
1631 3877 1728 3950 lugam
1741 3896 1806 3935 sua·

982 3976 1058 4022 rum,
1075 3959 1173 4030 ignem
1189 3959 1297 4032 sparsit
1311 3978 1400 4033 super
1413 3978 1533 4035 gramen
1550 3965 1657 4037 campi,
1669 3968 1746 4039 quod
1763 3984 1807 4024 ce·

981 4046 1081 4103 leniter
1091 4047 1503 4119 arsit,quiailludsiccaverat
1513 4053 1600 4108 tardor
1611 4055 1805 4113 estatisflaee

100 4135 177 4192 bello
192 4135 313 4201 bellum,
331 4152 383 4190 nec
398 4134 526 4190 invenit:
545 4133 679 4206 quaesivit
693 4150 780 4206 quern
792 4139 926 4206 percute·
981 4135 1045 4191 ideo
1061 4135 1240 4204 lecerunt,ut
1252 4137 1306 4193 hoc
1317 4138 1450 4212 signoilli
1464 4140 1512 4212 qui
1528 4139 1557 4195 in
1572 4143 1702 4200 tentoriis
1712 4150 1805 4214 erant,

101 4228 155 4293 ret,
171 4230 224 4280 aut
238 4241 321 4296 aquo
334 4227 543 4296 percuteretur,
558 4221 927 4294 nccreperitlntereamis·
981 4223 1083 4280 statim
1100 4225 1241 4297 lugerent,
1267 4231 1295 4280 et
1310 4243 1409 4282 secum
1426 4228 1532 4283 ditiora
1547 4230 1641 4302 spolia
1660 4233 1802 4291 tollerent.
1892 4256 1898 4260 ·

100 4332 153 4371 sus
168 4318 214 4370 est
230 4313 351 4368 nuntias
367 4330 384 4367 a
397 4313 566 4368 Boamundo
592 4310 705 4384 liugoni
721 4311 836 4385 lllagno.
852 4316 885 4367 ut
900 4313 925 4368 ei
981 4312 1025 4367 lili
1038 4330 1103 4369 vcro
1114 4315 1230 4387 cognita
1241 4313 1334 4387 signo,
1348 4316 1396 4388 qui
1413 4316 1442 4372 in
1456 4319 1605 4375 montanis
1619 4323 1806 4395 erant,proti-

101 4404 189 4459 icrret
207 4401 359 4470 auxilium,
385 4401 454 4473 quia
477 4401 601 4457 nimium
626 4401 783 4473 urgebatur
806 4417 925 4473 oppres-
981 4401 1423 4473 nusiugnrunt,cumomnibus
1447 4406 1623 4480 spoliisque
1635 4414 1804 4480 portareva·

99 4493 182 4548 sione
199 4493 371 4547 Tarcorum.
397 4491 462 4546 Mox
478 4491 560 4563 Hugo
589 4506 757 4556 conversus,
783 4487 823 4543 ait
839 4490 901 4546 suis
919 4509 926 4547 t
943 4505 966 4570 1)
982 4489 1109 4546 luerunt.
1127 4491 1181 4546 Sed
1199 4491 1268 4562 quid
1284 4493 1325 4548 cis
1336 4493 1454 4565 proluit,
1467 4511 1534 4551 cum
1550 4495 1600 4551 ‹liu
1612 4497 1804 4557 cislerrenen

99 4604 113 4629 a
132 4578 224 4637 Osiri
236 4578 401 4646 bellatores,
416 4596 469 4635 nos
484 4597 583 4652 pugna
594 4578 677 4651 sugit,
695 4595 861 4650 (lateremus
878 4597 928 4651 pn-

100 4687 201 4743 gnam,
217 4684 378 4739 eamusque
390 4668 425 4723 ad
436 4668 640 4723 Boamundum
651 4666 926 4740 egregiumducem3

98 4758 141 4814 illi
157 4762 203 4815 est
217 4774 327 4832 pugna,
354 4773 443 4829 quam
468 4756 608 4829 qnaeritis,
630 4755 689 4811 illic
715 4756 928 4813 lerreusinstat

99 4847 206 4917 bostis,
221 4863 308 4920 quem
324 4845 508 4902 desideratis.
525 4868 539 4896 n
556 4848 638 4902 Tunc
654 4844 742 4901 citius
757 4845 834 4900 dicto
850 4845 927 4902 volat

99 4936 169 4992 illuc
183 4937 309 5008 quisque
325 4933 454 4999 satelles,
466 4935 692 5007 jungunturque
708 4932 795 4989 simul
817 4933 926 5007 egregii

99 5024 221 5081 comites
235 5027 305 5095 (56).
322 5025 404 5091 Quod
420 5029 452 5080 ut
466 5023 724 5079 viditduxducum
740 5022 924 5093 uodelricus,

983 4579 1117 4634 licuerit?
1132 4579 1258 4635 Armenii
1275 4586 1303 4636 et
1318 4581 1423 4637 Sorani
1437 4583 1583 4656 siquidem
1601 4586 1804 4655 ubividerunt,

984 4668 1053 4740 quia
1064 4668 1131 4724 victi
1142 4673 1234 4737 erant,
1245 4671 1371 4726 einostri
1391 4688 1440 4727 eos
1449 4672 1683 4745 insequerentur,
1690 4676 1805 4733 obviam

982 4756 1040 4812 illis
1055 4756 1210 4813 veniebant
1225 4763 1254 4814 et
1268 4759 1448 4817 occidebant.
1464 4765 1549 4835 Hugo
1565 4779 1630 4820 vern
1646 4764 1805 4838 Magnuset

981 4846 1040 4901 dux
1055 4845 1229 4903 Godclridns
1243 4852 1272 4904 et
1295 4848 1483 4906 Flandrensis
1507 4867 1615 4920 comes,
1633 4852 1720 4909 simul
1736 4870 1803 4912 eum

980 4934 1044 4990 suis
1059 4935 1227 5008 agminibus
1250 4937 1517 5010 equitabantjuxtn
1540 4958 1657 5013 aquam,
1681 4942 1731 4999 ubi
1758 4960 1804 5000 ro·

981 5023 1097 5079 bustior
1114 5028 1142 5079 et
1163 5024 1280 5080 densior
1300 5043 1400 5082 eorum
1426 5032 1487 5084 erat
1516 5030 1677 5088 exercitus:
1707 5036 1803 5090 tante·

657 5253 814 5310 NOTULAE
835 5253 1066 5312 Maaolnanus
1086 5255 1147 5312 MS.
1168 5255 1247 5313 COD.

133 5470 180 5542 (55
207 5471 309 5527 Sermo
324 5469 434 5537 finitur,
451 5471 502 5527 sed
519 5473 547 5527 et
561 5469 680 5543 agmina
694 5469 923 5525 constituuntur.

133 5542 180 5612 (56
205 5540 304 5599 Currit
317 5540 347 5597 iu
360 5539 501 5625 auxilium
513 5542 682 5597 Boamundo
697 5540 819 5613 belliger
827 5545 921 5615 Hug0.

980 5472 1069 5537 Quem
1088 5470 1221 5542 sequitur
1230 5471 1348 5544 juvenis
1358 5473 1543 5545 Gadeiridus,
1555 5475 1687 5536 clarusiu
1701 5479 1804 5538 armis.-

1014 5543 1071 5613 (57)
1087 5542 1211 5599 Nomina
1226 5547 1394 5602 sanctnrum
1410 5546 1446 5603 de
1459 5545 1531 5604 eoelo
1546 5547 1764 5622 signiferorum.
