3816 6006
121 301 127 307 ’
159 286 232 346 tm
662 282 863 345 annuunt.
881 313 919 326 ·-
933 279 1131 344 arannem
1153 279 1361 344 tenende.
1791 274 1867 341 l'lll

157 418 273 492 positio,
290 416 373 489 opud,
386 430 444 472 non
455 415 586 485 localem,
598 416 647 472 sed
659 413 841 489 personalem
851 412 985 487 designat
999 414 1027 482 Α
1040 413 1142 487 gessit,
1157 413 1321 488 perhibent.
1333 413 1461 472 loannes
1471 429 1547 481 vere,
1557 411 1636 485 qnod
1645 410 1869 469 ammonianus·

155 506 384 564 distinctionem.
401 504 478 560 Nihil
493 506 569 562 enim
586 505 701 578 proprie
712 505 790 579 apud
806 521 837 560 se
854 519 928 571 esse,
940 501 984 559 val
1038 518 1071 558 ra
1085 501 1208 559 visibilis
1226 507 1255 559 et
1269 499 1425 560 invisibilis
1439 516 1491 575 per
1505 515 1573 559 unm
1587 497 1870 568 emerecensis

155 613 255 653 seeum
271 611 334 652 esse
350 594 465 662 dicitnr,
482 593 538 650 nisi
556 593 628 650 sorte
645 609 695 665 per
715 594 841 666 figuram
857 592 982 660 dicatur,
1040 591 1160 648 dicens:

155 686 233 756 qnod
257 683 305 739 ille
320 683 397 755 apud
414 699 445 739 so
460 686 504 739 est
520 681 569 755 qui
584 680 758 754 permeatis
780 680 985 738 alienationem
1074 681 1179 740 Omnia
1191 698 1244 754 per
1256 682 1350 752 taram
1363 679 1531 756 factasunt.
1544 680 1596 737 llst
1609 681 1711 736 antem
1728 677 1793 735 hreo
1805 695 1868 753 pars

154 777 234 830 extra
249 789 279 829 se
295 789 352 828 non
368 776 421 828 est.
448 771 549 844 ltaque
564 771 594 826 in
619 771 762 844 principio
779 774 842 826 erat
856 769 985 825 Verbum
1040 770 1291 844 secundamque
1305 769 1518 836 duDeiVerbo‚
1531 767 1868 842 triadisitursnffllists,

155 862 233 935 apud
248 862 351 928 Deum,
361 865 502 934 tanquam
515 860 590 917 alius
601 860 678 933 apud
690 859 791 916 alium.
804 862 837 915 ei
847 862 916 918 Deus
925 866 986 914 erat
1039 859 1152 917 scilicet
1166 877 1218 933 per
1231 860 1305 917 illud
1315 860 1425 917 sactum
1440 875 1505 917 esse
1519 858 1750 927 omnebonum,
1764 861 1797 914 st
1808 856 1867 915 nul-

157 952 282 1019 Verbum,
299 950 377 1006 Deus
392 967 426 1006 ex
441 955 525 1023 parte
540 948 690 1023 praedieati
706 947 986 1022 debetintelligi.llt
1039 947 1103 1005 lum
1127 948 1251 1017 mulum,
1276 953 1305 1008 et
1325 949 1404 1022 quod
1429 949 1539 1006 ludum
1555 952 1599 1004 aet
1622 947 1655 1004 in
1677 946 1866 1021 temporalo

158 1040 193 1096 de
208 1039 279 1096 Filio
295 1040 344 1096 Dei
359 1058 416 1096 non
429 1040 506 1112 quis,
518 1041 569 1096 sed
579 1039 649 1112 quid
661 1044 739 1095 esset
748 1038 796 1094 hie
807 1039 988 1096 demonstra·
1039 1037 1133 1095 Verbo
1142 1054 1259 1112 semper
1272 1037 1373 1098 inisse.
1390 1037 1477 1095 Porro
1488 1035 1647 1110 peripsum
1659 1035 1865 1093 omnebonum

157 1132 214 1185 tur.
232 1130 285 1185 lloe
299 1138 358 1186 eret
382 1129 454 1202 opard
477 1131 572 1186 Deum.
590 1128 733 1195 Quoniam
761 1144 829 1185 enm
845 1126 874 1182 in
892 1125 986 1182 tribus
1041 1127 1152 1183 iactum
1167 1143 1230 1184 esse
1242 1127 1322 1196 dicit,
1336 1144 1403 1184 oum
1414 1125 1502 1183 dicit:
1520 1124 1618 1183 nomia
1630 1141 1682 1197 per
1696 1127 1866 1198 ipsumsnds

158 1218 299 1275 clausulis
314 1223 452 1292 posuerat
462 1219 641 1292 evangelista
651 1219 706 1275 hoe
717 1217 926 1291 appellativum
938 1232 986 1272 no·
1039 1225 1111 1274 sunt.
1124 1217 1275 1273 Saneeum
1287 1219 1383 1274 omnio
1393 1216 1474 1284 dicit,
1487 1212 1549 1272 nihl
1559 1213 1676 1287 sucipit,
1686 1215 1743 1271 sed
1755 1230 1865 1272 omum

158 1325 236 1376 men,
252 1309 372 1377 verbum,
389 1313 422 1363 nt
436 1307 672 1381 aequivocationis
687 1312 715 1363 et
731 1305 924 1364 invocationis
938 1322 986 1361 ex·
1040 1309 1204 1364 creaturam
1219 1305 1449 1379 comprehendit,
1461 1308 1521 1362 tam
1531 1301 1677 1361 nubilem
1690 1319 1787 1376 quam
1801 1302 1866 1360 iusi·

157 1397 287 1454 eluderet
311 1397 501 1464 calumniam,
517 1397 553 1453 de
574 1398 676 1453 cadem
692 1395 779 1452 Verbi
796 1412 921 1468 persona
936 1411 988 1468 per
1042 1394 1177 1453 sibilum:
1203 1399 1263 1452 tam
1288 1395 1422 1466 subjecta
1446 1393 1617 1464 formarum,
1645 1408 1740 1465 quam
1765 1392 1866 1450 foma

156 1487 418 1543 demonstrativum
444 1502 616 1558 pronomen,
633 1502 664 1541 se
689 1485 871 1541 demonstrat
891 1488 987 1540 muers
1041 1485 1262 1560 subjectorum
1282 1488 1343 1540 tam
1359 1482 1478 1556 singula
1490 1497 1644 1556 generum,
1659 1496 1754 1555 quam
1767 1497 1867 1556 gaus

161 1577 369 1632 narrationem.
381 1576 489 1632 Verum
505 1577 583 1649 apud
599 1578 713 1631 Graecos
728 1592 785 1631 non
800 1574 864 1642 lroc,
881 1575 930 1630 sed
943 1573 988 1629 tte
1042 1572 1758 1647 singulorum;tamoperationeegsuerum‚qusm
1769 1576 1868 1646 guum

159 1665 290 1739 ponitur,
308 1664 447 1738 qnoniam
465 1650 546 1738 logos
558 1669 603 1720 est
614 1662 768 1720 masculini
783 1662 909 1736 generis.
920 1667 988 1718 Pro·
1042 1664 1256 1737 operationum.
1272 1663 1415 1736 operatus
1427 1665 1474 1720 est
1487 1660 1566 1718 enim
1591 1660 1694 1718 emnia
1712 1662 1754 1719 ab
1768 1665 1867 1719 mo

162 1759 262 1829 pterea
275 1755 310 1811 ad
323 1753 504 1822 utrumlibet,
522 1754 581 1811 sive
596 1755 631 1809 ad
650 1755 753 1826 hagae,
769 1752 829 1809 sive
844 1752 879 1809 ad
892 1753 988 1808 Theos
1042 1753 1072 1811 in
1087 1752 1252 1825 presentia.
1266 1752 1384 1810 llndeet
1398 1752 1477 1808 deso
1491 1749 1614 1824 legitur:
1632 1751 1716 1817 «eui
1729 1751 1801 1809 iacit
1811 1767 1867 1825 qus:

159 1854 212 1913 tuot
228 1844 328 1900 referri
337 1849 441 1916 potest,
467 1844 517 1900 sed
537 1848 635 1899 tamon
647 1859 752 1899 sensns
764 1842 841 1898 idem
851 1847 904 1898 est.
919 1841 990 1897 Con·
1044 1843 1144 1899 sutura
1168 1846 1248 1909 sunt,
1273 1845 1301 1898 et
1314 1841 1344 1897 in
1366 1840 1538 1898 continenti.
1550 1861 1564 1892 s
1581 1840 1659 1910 Quod
1670 1842 1781 1911 factam
1792 1842 1868 1898 estu

161 1932 433 2005 sidercmnsigitnr‚
446 1934 560 2004 fratros,
572 1932 710 2005 quoniam
722 1928 989 2004 quinquedieithie
1043 1934 1102 2005 ipso
1116 1933 1173 1987 vite
1197 1939 1266 1988 erut.
1290 1929 1433 2003 Operatns
1457 1934 1502 1986 est
1518 1929 1546 1985 in
1570 1928 1730 2003 principio,
1749 1931 1869 1987 creando

162 2021 339 2095 evangelista
362 2022 397 2078 de
417 2021 524 2087 Verbo,
549 2020 683 2076 videlieet
707 2020 824 2093 quando
849 2023 921 2088 erat,
939 2019 988 2075 nbi
1043 2019 1144 2077 omnia
1166 2036 1288 2092 corpora
1301 2019 1332 2076 in
1348 2018 1480 2076 materia.
1500 2017 1581 2077 Unde
1592 2017 1721 2092 legitur:
1740 2020 1798 2089 Qui
1808 2021 1869 2076 sinit

161 2115 233 2177 erat,
264 2110 334 2183 quid
359 2115 431 2179 erat,
458 2110 535 2182 apud
560 2126 647 2181 quem
673 2113 744 2177 erat,
768 2108 837 2181 quid
854 2108 988 2164 iaciebat.
1044 2113 1234 2176 inaeremam,
1248 2110 1353 2167 creavit
1367 2110 1461 2166 omnio
1474 2108 1558 2165 simad
1578 2108 1675 2180 (enus.
1690 2108 1869 2182 mn.)0ps·

161 2199 282 2265 Quando
297 2200 382 2255 erati
394 2202 424 2255 le
432 2200 570 2272 principio
584 2206 643 2254 erut
658 2198 779 2256 l'criom.
796 2197 851 2253 Ubi
867 2196 992 2252 erat‘ldt
1045 2203 1126 2256 ratus
1141 2203 1186 2256 est
1199 2215 1311 2271 persen
1325 2196 1868 2270 dies‚distinguendoetforma1dode

164 2289 277 2347 Verbum
292 2288 438 2360 crotopus
458 2293 553 2344 Deam.
571 2288 644 2354 Quid
666 2290 750 2344 erat?
766 2287 834 2343 Deus
848 2294 907 2343 ont
924 2291 989 2342 Ver-
1045 2288 1197 2347 elementis
1211 2304 1301 2345 novas
1313 2304 1413 2346 rerum
1429 2287 1550 2360 speeies.
1566 2287 1736 2359 Aquarium
1751 2288 1868 2344 novitus

162 2378 234 2433 burn.
251 2377 336 2449 Apud
352 2393 438 2448 quem
454 2380 538 2432 erati
552 2377 621 2432 lietu
636 2375 714 2431 enim
729 2383 788 2431 erce
804 2376 879 2447 opud
893 2380 988 2432 Deum.
1045 2377 1152 2453 legitur
1166 2379 1196 2435 in
1220 2377 1267 2435 die
1282 2377 1402 2436 Sabbati
1417 2375 1562 2450 quievisse
1576 2375 1653 2449 (Gerr.
1670 2377 1717 2444 ιι.)
1733 2376 1869 2450 Operatur

162 2464 236 2532 Quid
251 2464 398 2521 faciebat?
413 2467 512 2521 Omnia
525 2482 574 2537 per
584 2467 675 2538 ipsum
684 2466 840 2536 [octonos.
854 2465 884 2520 ln
896 2465 991 2537 primo
1045 2472 1074 2525 ct
1089 2470 1185 2527 adbuc
1196 2469 1295 2527 omnia
1305 2463 1504 2542 gubernando,
1519 2466 1547 2520 et
1558 2462 1670 2521 similia
1679 2464 1716 2522 de
1726 2464 1868 2522 similibus

163 2555 347 2612 demonstrat
361 2555 447 2611 Verbi
464 2572 530 2611 eum
543 2555 626 2611 Patre
642 2554 883 2621 cooeternitatem:
900 2554 929 2608 in
946 2570 991 2610 se·
1046 2561 1247 2634 propagando,
1271 2561 1299 2615 et
1325 2571 1414 2612 novae
1443 2553 1557 2611 animas
1580 2554 1778 2626 procreando.
1798 2553 1868 2611 lists

164 2644 270 2712 eundo,
295 2644 479 2717 personalem
505 2644 724 2702 distinctionem
738 2662 745 2713 ;
770 2644 798 2699 in
815 2644 910 2712 tertio,
927 2644 992 2716 ejus
1045 2647 1109 2721 ipse
1124 2650 1195 2706 dicit
1208 2667 1215 2705 :
1239 2650 1322 2704 Peter
1334 2660 1411 2703 enas
1424 2658 1509 2716 tuque
1522 2641 1601 2700 modo
1622 2651 1771 2716 speretur,
1783 2652 1811 2701 st
1827 2659 1868 2714 qo

164 2733 347 2789 divinitatem
362 2752 368 2802 ;
387 2734 416 2788 in
433 2736 547 2806 quarto,
565 2734 698 2806 ejusdem
714 2751 781 2790 eum
797 2734 881 2790 Patre
891 2732 993 2789 identi-
1024 2753 1142 2811 ‘operor
1157 2739 1246 2809 (loon,
1262 2736 1302 2810 v.)
1318 2735 1462 2808 Operatur
1476 2746 1593 2804 quoque
1607 2745 1662 2803 per
1676 2731 1867 2790 ministerium

164 2826 263 2891 tatem,
280 2821 425 2893 pariteret
435 2822 655 2879 distinctionem
667 2841 673 2890 ;
686 2823 716 2877 in
728 2820 840 2894 quinto,
853 2818 992 2894 operandi
1047 2826 1204 2884 artificum,
1221 2827 1303 2884 Unde
1317 2823 1441 2897 legitur:
1458 2820 1521 2879 Nisi
1533 2820 1672 2879 Bonum
1688 2820 1868 2895 aedifimutt

167 2911 379 2968 anctoritatem.
396 2911 522 2966 Eiidem
539 2927 656 2984 qnoque
666 2912 787 2967 verbum
800 2909 993 2984 suggilathrc-
1046 2918 1171 2983 domum,
1186 2916 1216 2973 tn
1232 2930 1337 2973 aonam
1361 2911 1568 2971 laboraverant
1581 2909 1630 2983 qai
1643 2909 1868 2984 aeda’ficaaseass

166 3000 286 3057 rctiearn
311 2999 478 3057 falsitatem.
505 3002 634 3058 Fuerunt
657 3017 785 3073 namque
800 2999 927 3056 heretici
943 2998 994 3071 qui
1047 3007 1139 3076 (psat,
1150 3004 1273 3077 cnm.)
1284 3002 1426 3077 operatus
1438 3003 1522 3058 estet
1532 2997 1562 3057 ln
1572 2997 1869 3073 plenitudinstempr

166 3090 313 3146 dicerent:
327 3112 341 3140 a
349 3089 379 3145 Si
392 3089 483 3146 Filius
494 3089 545 3146 Dei
559 3094 645 3146 natus
660 3092 714 3156 ost,
726 3106 794 3162 ergo
810 3106 868 3146 non
879 3103 994 3161 semper
1048 3112 1114 3152 rum
1131 3093 1257 3151 salutem
1272 3102 1414 3149 nonarum.
1423 3089 1567 3163 Operatur:
1582 3092 1638 3156 est,
1654 3092 1685 3146 st
1699 3088 1801 3147 adbuc
1812 3104 1869 3163 qis·

166 3178 222 3236 luit
232 3201 245 3231 n
265 3179 322 3235 Hos
339 3178 368 3234 in
385 3178 527 3251 principio
542 3178 691 3251 redarguit
706 3177 806 3234 dicens
818 3196 826 3232 :
840 3179 870 3234 ln
884 3163 1030 3248 prinei-C
1048 3189 1130 3242 ratur
1144 3183 1274 3257 quotidie
1287 3197 1376 3255 opera
1384 3178 1605 3247 miraculorum,
1620 3178 1869 3251 operarium,

163 3271 210 3342 pio
225 3276 283 3325 eret
301 3269 424 3327 Verbum.
442 3268 572 3324 Fuerunt
587 3284 690 3324 rursus
706 3265 832 3323 haeretiei
848 3266 898 3338 qui
914 3266 992 3322 dice·
1048 3270 1360 3348 operamiserieordiae,
1371 3266 1795 3343 asaperajmtitiacaternm
1805 3277 1869 3342 que

166 3363 251 3415 rent:
269 3381 282 3408 «
300 3357 379 3413 ldem
397 3358 472 3413 Deus
493 3355 651 3429 aliquando
666 3359 710 3412 est
727 3356 819 3423 Pater,
835 3354 993 3427 aliqnando
1048 3364 1115 3420 dam
1132 3363 1256 3420 istorum
1273 3362 1409 3434 operatur
1422 3361 1537 3417 tantum
1553 3373 1604 3430 por
1616 3373 1662 3431 se,
1674 3359 1815 3431 quadan
1827 3374 1869 3432 pur

165 3448 267 3514 Filius,
293 3445 451 3518 aliquando
476 3444 604 3518 Spiritus
627 3450 758 3502 sanetus.
770 3467 783 3495 »
803 3444 863 3501 lloe
878 3460 993 3518 quoque
1048 3451 1246 3511 ministerium
1256 3447 1599 3515 subservienttsnntuffi‚
1612 3447 1754 3518 qum
1765 3447 1870 3523 pem.

166 3536 299 3592 confutat
314 3551 380 3591 cum
393 3535 559 3607 subjungit:
571 3536 604 3590 Et
616 3535 731 3591 Verbum
742 3542 802 3590 oret
814 3534 886 3605 opud
895 3534 991 3590 Deum.
1048 3540 1202 3599 nistefium
1214 3537 1365 3598 rationalis
1379 3541 1518 3594 ereatura
1529 3550 1597 3593 oum
1606 3538 1710 3593 tanim
1723 3535 1792 3611 ipsa
1800 3536 1869 3595 nias

166 3624 294 3680 Fuerunt
309 3640 412 3679 rursus
427 3622 564 3695 haeretiei,
590 3623 640 3694 qui
656 3627 685 3679 et
700 3622 724 3679 si
739 3623 868 3680 dicerent
885 3622 992 3679 Filium
1048 3631 1086 3688 sit
1101 3635 1202 3687 anoton
1217 3629 1431 3686 universorum.
1443 3625 1524 3692 Quod
1540 3629 1638 3698 aparte
1650 3626 1791 3684 nonnam
1805 3625 1869 3691 illm,

166 3712 218 3768 Dei
233 3716 262 3767 ct
285 3728 400 3782 semper
423 3710 514 3767 alium
530 3728 547 3767 a
564 3711 647 3768 Patre
667 3711 768 3779 luisse,
785 3716 883 3767 tamon
900 3711 990 3767 Deum
1048 3719 1098 3793 qui
1112 3717 1157 3774 vel
1172 3735 1206 3775 ex
1220 3717 1341 3785 viribus,
1357 3714 1402 3772 vel
1424 3731 1460 3772 en
1477 3713 1605 3788 ingenio,
1620 3712 1666 3770 vel
1683 3730 1719 3771 es.
1734 3715 1870 3774 industria

167 3818 230 3858 esse
246 3802 400 3874 negabant.
418 3800 476 3856 llos
497 3804 523 3856 ei
541 3798 690 3873 suggillat,
709 3815 775 3854 oum
791 3799 944 3856 subditur:
960 3803 994 3857 dt
1048 3825 1113 3874 sun,
1130 3805 1240 3880 aliquid
1256 3805 1324 3862 boui
1344 3804 1501 3877 opinantur
1516 3819 1547 3860 se
1560 3818 1658 3876 posse,
1674 3803 1720 3860 vel
1735 3804 1823 3871 velle,
1835 3800 1870 3860 vd

166 3893 236 3948 Deus
249 3898 308 3947 croi
332 3891 456 3947 Verbum.
482 3890 610 3945 Fuerunt
632 3904 761 3961 namque
776 3888 914 3956 heretici,
930 3889 991 3962 qui,
1048 3895 1173 3970 operari.
1199 3895 1281 3953 Unde
1305 3898 1334 3951 et
1355 3891 1530 3966 Apostolus:
1546 3896 1633 3961 Dm,
1648 3890 1763 3965 inquit,
1778 3890 1872 3966 expui

167 3985 195 4037 et
210 3980 235 4038 si
246 3979 394 4036 Christum
405 3980 570 4036 concedunt
579 3995 643 4035 esse
652 3977 755 4046 Deum,
767 3982 865 4034 tamen
877 3994 934 4034 aon
946 3996 995 4036 na·
1047 3995 1190 4056 ementur
1200 3984 1230 4041 io
1240 3984 1321 4042 nobis
1329 3989 1359 4040 et
1372 3980 1452 4041 cetis
1466 3981 1872 4054 etperfiosretl’ktlip.11.>dt

167 4068 304 4136 turalem,
321 4069 371 4124 sed
388 4068 557 4141 adoptivum
573 4071 602 4123 et
616 4065 806 4139 temporalem
822 4082 886 4124 esse
901 4066 992 4124 Deum
1048 4073 1135 4132 alibi:
1151 4075 1211 4131 Noa
1235 4073 1341 4146 inquit,
1367 4049 1417 4142 epe
1438 4072 1521 4141 seim,
1536 4070 1583 4129 sed
1595 4072 1690 4144 mutis
1702 4072 1757 4129 liei
1779 4087 1872 4130 sam

167 4158 392 4214 contendebant.
407 4155 884 4222 llosnihilominusdamnat,cum
896 4156 991 4213 addit:
1048 4164 1073 4233 (1
1087 4163 1138 4220 cor
1151 4162 1210 4234 xv.)
1225 4163 1259 4218 Et
1282 4162 1417 4219 Marcus:
1433 4161 1480 4219 uti
1501 4167 1593 4218 aaran
1610 4163 1731 4235 prosena·
1743 4162 1872 4236 pm·

166 4249 220 4303 lloc
242 4255 301 4303 eret
323 4248 352 4302 in
373 4248 512 4319 poarcipio
537 4246 610 4318 opud
637 4250 735 4302 Deum.
762 4245 890 4301 Fuerunt
905 4245 993 4302 etiam
1048 4260 1146 4308 vernn:
1159 4251 1271 4322 ubique,
1287 4252 1403 4308 Domino
1417 4256 1586 4320 cooperante,
1602 4256 1628 4306 et
1640 4264 1803 4309 sermm
1822 4255 1872 4308 aaa

166 4333 295 4391 heretici
320 4334 370 4406 qni
396 4333 522 4390 visibilia
546 4334 645 4390 omnia
660 4352 677 4389 a
691 4333 806 4390 diabolo
828 4335 914 4402 saeta,
931 4334 995 4392 sole
1048 4341 1185 4412 firmante,
1197 4340 1568 4412 senonibussqnefflnc.
1580 4338 1777 4412 sustiterunt
1788 4356 1870 4415 quu-

166 4438 232 4478 vero
261 4421 337 4476 lacta
364 4420 555 4477 invisibiliaa
583 4420 635 4477 Dei
658 4421 752 4477 Verbo
774 4423 992 4479 contenderent.
1049 4431 1086 4486 do
1102 4429 1187 4487 audis
1202 4430 1291 4499 pretio
1314 4428 1693 4497 commanducatae
1709 4437 1869 4504 carpam,

167 4511 283 4568 Eisdem
299 4510 387 4566 etiam
403 4510 511 4577 verbis,
527 4510 695 4567 excellentia
708 4510 797 4582 hujus
811 4511 1032 4602 evangelista-al)
1048 4535 1116 4576 ouva
1131 4536 1167 4575 na
1180 4517 1327 4591 intelligas
1349 4517 1426 4576 hane
1440 4517 1682 4592 propositionem,
1698 4535 1768 4576 wass
1778 4519 1826 4578 vol
1837 4534 1869 4585 se,

167 4599 396 4655 demonstratur.
412 4598 468 4654 Alii
484 4599 628 4671 siqnidem
647 4599 829 4672 evangeliste
845 4600 993 4658 Christum
1048 4606 1089 4664 ibi
1104 4623 1261 4663 nnmerum
1272 4606 1493 4680 consignificare
1503 4611 1574 4675 (non
1584 4606 1663 4664 enim
1671 4610 1870 4683 prnpn'atasst

167 4688 444 4761 intemporenatum
454 4690 638 4758 describunt;
648 4689 850 4746 loannesvero
859 4692 994 4749 eumdem
1048 4695 1254 4769 improprietas
1263 4695 1292 4751 in
1304 4713 1459 4753 numerum
1467 4695 1673 4770 surgunt‚lsed
1684 4697 1789 4771 petius
1798 4696 1871 4756 uiui

167 4778 196 4833 in
213 4776 355 4850 principio
368 4777 602 4849 luissetestatnr,
619 4778 732 4835 dicens:
745 4781 777 4835 ln
790 4781 995 4852 principioerot
1049 4787 1173 4842 sterium
1194 4785 1254 4841 sive
1278 4784 1507 4843 instrumentum
1530 4784 1640 4843 habent
1654 4785 1698 4843 ibi
1712 4786 1868 4864 designaut

171 4868 298 4920 verbnm.
315 4866 369 4921 Alii
386 4883 454 4922 enm
471 4872 701 4923 commemorant
712 4867 930 4926 interhomines
946 4887 995 4927 su·
1048 4875 1112 4931 Non
1125 4875 1204 4932 enim
1222 4892 1277 4932 nos
1291 4879 1321 4931 et
1337 4876 1478 4933 Dominus
1493 4892 1697 4948 cooperemur,
1713 4878 1769 4934 sed
1785 4877 1869 4952 petias

168 4952 229 5007 bito
245 4955 429 5025 apparuisse:
441 4956 568 5013 ioannes
580 4973 646 5012 vero
663 4957 799 5012 enimdem
815 4959 892 5029 apud
903 4957 994 5015 Deum
1047 4962 1111 5036 ipsa
1125 4981 1192 5020 oum
1209 4963 1305 5034 nobis,
1317 4965 1401 5036 quasi
1412 4981 1480 5022 cum
1491 4964 1643 5033 ministris,
1653 4965 1702 5022 vel
1713 4967 1868 5040 qussim

168 5056 284 5112 sempor
306 5042 396 5099 inisse
409 5046 546 5110 declarat,
559 5047 673 5101 dicens:
686 5047 718 5100 Ει
735 5047 847 5103 Verbum
856 5048 996 5120 erotopud
1048 5052 1225 5125 quibusdam
1249 5052 1454 5111 instrumentis
1479 5058 1626 5127 operatur.
1642 5054 1679 5110 lit
1699 5054 1768 5114 hiso
1783 5053 1868 5114 ouans

168 5133 266 5184 Donni.
292 5128 344 5183 llii
371 5148 437 5186 cum
461 5150 559 5189 verum
587 5133 758 5189 bominem:
780 5134 908 5191 loannes
928 5153 994 5192 vero
1049 5141 1177 5198 diximus
1189 5158 1283 5214 proeo
1294 5143 1592 5218 quodsuiptumest
1606 5144 1866 5202 emmenum

167 5233 268 5272 verum
293 5234 357 5274 esso
382 5220 472 5276 Denm
498 5224 637 5291 affirmat,
661 5223 778 5280 dicens:
799 5225 831 5281 Et
852 5225 996 5283 Dunerot
1048 5231 1238 5303 subjungitur
1249 5249 1299 5304 per
1309 5231 1686 5307 ipsamcaveucpsrbue
1700 5233 1865 5309 proposito

169 5307 296 5362 Verbum.
306 5306 362 5361 dlii
373 5325 439 5364 enm
452 5310 600 5366 hominem
612 5313 689 5385 apud
701 5313 835 5369 homines
846 5331 995 5373 eonversa-
1047 5336 1124 5389 nem,
1140 5336 1198 5393 per,
1215 5320 1412 5378 ministerium
1423 5321 1582 5397 intelligas,
1592 5323 1643 5380 sed
1654 5323 1760 5396 potius
1773 5319 1864 5381 madii

167 5399 231 5451 tum
246 5397 459 5468 temporaliter;
470 5400 599 5457 loannes
608 5418 674 5457 vero
685 5401 762 5473 apud
774 5401 865 5458 Deum
877 5420 994 5461 manen·
1047 5426 1099 5483 gas
1113 5409 1325 5468 auctoritatem.
1341 5409 1405 5468 Non
1420 5411 1500 5468 enim
1510 5412 1595 5469 Pater
1606 5426 1662 5485 pur
1671 5410 1797 5483 *mim
1811 5416 1865 5469 tu·

168 5487 227 5541 tem
242 5485 416 5542 eternaliter
440 5489 578 5557 ostendit,
595 5489 714 5546 dicens:
730 5491 784 5546 lloc
796 5500 855 5550 eret
867 5494 897 5550 io
910 5496 993 5566 prio-
1047 5497 1864 5576 quamperministmmmpuraturppmssrtimmsi*

166 5576 239 5656 cipio
262 5576 335 5652 opud
357 5577 454 5636 Dwm.
478 5576 534 5634 Alii
558 5578 716 5655 magnalia,
741 5595 805 5653 qna
828 5581 859 5638 in
875 5581 993 5642 homins
1047 5586 1113 5644 dem
1136 5585 1321 5650 auctoritatis
1337 5590 1367 5648 et
1387 5588 1713 5669 penitententia,
1730 5589 1865 5671 uadum
