3816 6006
167 307 244 372 leta
802 299 1002 367 annulum
1024 300 1230 367 acaunus.
1804 297 1878 362 {58ss

166 442 265 510 vestis,
280 442 509 509 ceterarumque
525 432 725 492 illecebrarum
737 435 843 491 earinis.
857 437 992 493 Secutus·
1007 440 1030 504 Α
1048 437 1240 493 admiratione
1256 434 1389 491 hominos
1405 434 1440 491 ad
1453 433 1576 490 fidemct
1590 433 1772 489 charitatem
1783 449 1877 490 accen·

168 544 224 602 quc
241 531 284 584 est
301 532 456 601 angustam
482 531 511 581 et
536 526 657 580 arduam
683 524 759 580 viam
787 526 992 581 mandatorum
1048 527 1099 581 dit.
1117 526 1190 581 Hinc
1204 525 1336 597 estquod
1347 523 1619 580 Dominusmittcns
1631 522 1801 594 discipules
1812 539 1875 579 suos

167 619 230 687 Dei,
260 617 405 672 mundum
428 621 628 681 contemnens,
652 615 782 686 seipsum
808 614 991 688 crucifigens,
1048 616 1082 670 ad
1099 613 1326 670 illuminandum
1343 630 1394 687 per
1408 613 1495 669 sidem
1524 612 1699 668 universnm
1721 612 1874 676 mundum.

168 709 381 780 paupertatem,
397 704 537 760 vilitatem
554 708 581 760 et
592 701 799 771 humilitatem,
817 708 993 775 ceterasque
1047 703 1193 776 spirituali
1208 704 1272 758 ritae
1288 708 1316 759 et
1330 701 1501 776 evangelica
1524 701 1662 758 doctrina
1678 701 1807 774 (quibus
1818 702 1875 774 J'am

166 795 288 851 virtutes
303 792 631 866 amplectens,inimicos
646 793 734 848 etiam
750 791 886 865 diligens,
898 797 927 848 et
941 810 992 864 pro
1047 792 1271 866 prefulgebant)
1288 791 1422 863 adjunxit
1437 791 1523 847 ctiam
1541 791 1721 848 evidentiam
1739 789 1873 863 spiritua·

167 882 404 958 persecutoribus
429 898 562 949 exorans,
588 898 639 953 per
668 881 755 936 fidem
784 897 901 953 quoqne
922 881 992 937 Jesu
1047 880 1120 937 lium
1135 882 1277 937 virtutum
1294 885 1322 936 et
1336 878 1748 953 miraculorum,quatriplici
1766 877 1873 935 loceilli

85 1032 89 1043 ,
167 971 274 1030 Christi
292 972 368 1028 mira
392 972 469 1040 lecit,
487 988 577 1026 cacos
600 970 782 1037 illuminans,
800 970 921 1025 claudos
937 971 992 1025 eri·
1047 970 1220 1027 mirabiliter
1234 969 1384 1039 illustrati,
1402 993 1416 1019 κ
1434 968 1666 1042 predicaverunt
1682 969 1811 1042 ubique,
1825 968 1872 1024 Dc·

166 1078 249 1134 gens,
265 1060 459 1116 demoniacos
472 1059 724 1128 curans,ins1rmos
740 1063 993 1127 sanans,mortnos
1048 1061 1128 1116 mino
1143 1064 1316 1139 cooperante
1328 1064 1358 1115 et
1372 1074 1538 1116 sermonem
1549 1059 1750 1114 confirmante
1761 1074 1872 1130 seques

165 1149 701 1221 suscitans.0noninm,jaxtaverbum
719 1149 876 1218 Domini,«
895 1149 993 1204 omnia
1046 1150 1126 1205 tibus
1141 1148 1234 1222 signis
1249 1148 1342 1218 (More.
1359 1151 1426 1216 xvi).
1445 1171 1459 1197 »
1473 1148 1531 1203 Hac
1556 1147 1647 1220 igitur
1677 1146 1792 1220 triplici
1806 1146 1869 1213 luca,

166 1239 319 1313 possibilia
334 1244 403 1296 sunt
418 1239 545 1295 credenti
562 1242 661 1306 (Marc.
679 1240 728 1306 rx).
746 1261 760 1286 »
771 1239 892 1309 Propter
904 1238 992 1293 fidem
1047 1238 1102 1294 iste
1117 1237 1262 1311 gloriosus
1278 1237 1407 1310 pontifex
1429 1236 1587 1311 insignitus
1603 1235 1723 1292 refulsit
1750 1253 1802 1308 per
1815 1235 1870 1291 rita

166 1328 254 1385 etiam
269 1329 338 1385 Jcsn
354 1327 461 1383 Christi
478 1345 581 1399 aspera
596 1345 702 1399 passus
717 1332 771 1393 est,
788 1326 991 1395 contumelias,
1047 1327 1209 1384 claritatem
1225 1327 1301 1382 inter
1315 1325 1449 1383 infideles
1465 1329 1493 1381 et
1521 1325 1675 1382 haereticos
1691 1326 1871 1382 tenebrosos·

164 1417 299 1490 injurias,
317 1416 811 1488 damnisscationcs,persecutiones
829 1416 992 1484 exsilia,va·
1048 1414 1263 1489 que'lrcmincs,
1276 1416 1365 1488 ⁴quasi
1381 1414 1466 1472 stella
1478 1414 1662 1471 matutinale
1677 1415 1779 1471 medio
1795 1415 1872 1471 nebu·

166 1505 697 1579 riasquealllictioncs.Ipsnmctiarn
715 1504 845 1578 martyrii
862 1504 992 1577 gladium
1047 1506 1091 1561 lae.
1110 1505 1364 1578 Relulsitqnoque
1387 1504 1471 1577 quasi
1495 1503 1566 1561 luna
1593 1502 1682 1577 plena
1713 1505 1746 1559 in
1777 1505 1872 1561 diebus

166 1596 298 1668 gaudens
320 1595 521 1665 sustinuisset,
542 1595 566 1650 si
592 1599 670 1650 esset
693 1595 742 1666 qui
766 1594 894 1650 inferret.
912 1593 993 1650 Unde
1047 1595 1120 1663 sule,
1138 1612 1189 1667 per
1203 1594 1385 1666 spiritualem
1401 1593 1574 1661 doctrinam,
1592 1598 1708 1650 noctem
1725 1592 1873 1650 infidelita·

166 1684 236 1757 quia
247 1689 355 1752 mente,
373 1684 511 1757 martyrio
527 1701 585 1740 non
605 1684 708 1751 deluit,
725 1701 832 1739 corona
859 1682 992 1756 martyrii
1047 1684 1086 1740 tis
1101 1689 1129 1740 et
1141 1683 1312 1758 ignorantia
1326 1700 1478 1755 superans,
1495 1687 1523 1739 et
1538 1687 1648 1739 rectam
1658 1682 1739 1739 viam
1756 1682 1874 1739 homini·

166 1790 224 1831 non
237 1774 356 1830 carebit.
374 1774 493 1846 Propter
508 1774 596 1828 verba
611 1790 727 1845 quoque
743 1790 796 1828 sua
814 1773 954 1845 probatus
965 1776 993 1828 et
1048 1774 1102 1830 bus
1118 1771 1467 1830 demonstransltelulsit
1481 1772 1569 1828 ctiam
1585 1770 1739 1845 intemplo
1756 1772 1806 1828 Dei
1814 1777 1873 1828 tan·

166 1863 301 1936 cognitus
311 1862 525 1919 estessofidelis
539 1862 688 1934 ;quoniom
702 1865 840 1934 quantam
850 1861 994 1917 fidemha-

166 1952 257 2021 beret,
273 1952 484 2008 demonstravit
497 1952 584 2007 verbo
601 1952 666 2006 fidei
678 1952 706 2005 in
718 1956 848 2023 tempore
860 1968 993 2023 persecu·

166 2040 256 2097 tionis
272 2041 435 2097 confitendo
451 2043 627 2107 constanter,
637 2039 821 2112 praedicando
838 2039 991 2106 instanter,

166 2128 321 2186 scribendo
337 2129 500 2184 luculenter
511 2148 517 2197 ;
530 2127 662 2184 infideles
677 2132 704 2183 ct
724 2127 874 2184 haereticos
891 2128 960 2184 conf
980 2160 991 2170 -

165 2218 265 2287 tando,
280 2221 436 2291 presentes
451 2217 573 2290 populos
588 2217 651 2272 vivo
666 2233 733 2272 voce
747 2216 930 2287 instruendo,
940 2218 991 2272 ab·

166 2311 263 2362 sentes
275 2309 303 2362 ct
311 2307 475 2362 nascituros
486 2307 602 2379 scriptis
613 2306 989 2375 erudiendo.Docuitvivus,

1047 1879 1136 1935 quam
1152 1863 1196 1919 sol
1211 1861 1571 1936 refulgenspervirtutum
1587 1865 1613 1917 ct
1629 1860 1873 1918 mirabiliumeri·

1047 1953 1188 2021 dentiam,
1205 1968 1321 2009 ornnem
1338 1951 1405 2007 fidoi
1429 1951 1625 2024 ignorantiam
1648 1955 1678 2006 et
1692 1950 1872 2008 dubietatem

1047 2040 1214 2108 excludens,
1231 2045 1260 2096 et
1275 2040 1410 2096 homines
1421 2040 1466 2096 sui
1482 2038 1677 2096 admiratione
1687 2041 1725 2096 ad
1743 2039 1831 2098 fidem
1845 2043 1871 2096 et

1046 2131 1220 2192 charitatem
1237 2130 1287 2187 Dei
1302 2129 1431 2186 trahens.
1449 2130 1505 2185 Sed
1521 2128 1628 2185 adhaec
1645 2130 1717 2202 quid
1736 2130 1869 2198 dicimus,

1046 2237 1100 2276 nos
1117 2219 1210 2275 infimi
1226 2220 1400 2286 sacerdotes,
1418 2218 1468 2292 qui
1492 2235 1545 2275 nec
1559 2218 1628 2286 vita,
1642 2235 1697 2274 nec
1728 2219 1867 2285 doctrina,

1046 2326 1099 2365 nec
1113 2308 1271 2364 virtutibus
1287 2312 1331 2378 (ut
1341 2310 1464 2381 oportet)
1476 2323 1677 2376 coruscamus,
1688 2307 1750 2364 imo
1767 2307 1818 2380 qui
1828 2309 1869 2364 de

1046 2400 1181 2455 bercmus
1196 2415 1260 2454 csse
1275 2396 1324 2452 lux
1339 2395 1452 2466 mundi,
1469 2397 1593 2452 tenebrae
1609 2413 1726 2454 sumus.
1740 2398 1777 2454 ut
1791 2397 1869 2464 si,in·

1045 2487 1109 2560 quit
1123 2486 1275 2553 Dominus,
1292 2485 1489 2558 lnmen,quod
1500 2486 1528 2541 in
1544 2491 1638 2552 tecet,
1653 2487 1784 2542 tenebrae
1795 2491 1868 2554 sunt,

167 2395 251 2462 docet
266 2398 294 2451 et
308 2395 474 2451 defunctus.
491 2395 525 2450 ut
540 2395 564 2450 si
581 2399 708 2450 meretur
723 2394 772 2467 qui
789 2396 881 2464 docet,
899 2411 990 2451 mere·

85 2520 87 2524 ,
167 2488 216 2540 tur
229 2483 316 2540 ctiam
333 2483 387 2540 iste
403 2484 541 2557 quotidie,
554 2501 621 2539 curn
637 2501 691 2540 suc
707 2484 815 2556 scripto
832 2501 884 2540 nos
895 2484 988 2540 docet.

169 2572 225 2630 Sed
241 2590 294 2629 nos
309 2572 421 2646 indigni
437 2574 686 2644 sacerdotes‚quid
697 2573 782 2628 hodie
793 2573 990 2647 lacimustqui
1045 2577 1114 2649 ipse
1130 2577 1255 2632 tenebra
1271 2579 1386 2648 quante
1402 2574 1670 2648 eruntlltlottlmr.)
1689 2576 1774 2642 Quod
1790 2575 1866 2643 benc,

168 2677 221 2719 nec
236 2662 330 2729 lactis,
346 2679 397 2717 nec
413 2662 509 2731 dictis,
524 2680 578 2719 noc
594 2661 770 2730 moribus,ut
785 2663 989 2730 deceretfide·
1045 2666 1158 2732 fratres,
1175 2665 1319 2731 ridemus,
1336 2664 1406 2736 quia
1428 2663 1507 2721 enim
1532 2664 1675 2731 doctores,
1693 2664 1746 2736 qni
1768 2668 1866 2722 sancta

167 2748 990 2824 lasessecomprobamurimo(quodsinelacrymisdi-
1043 2755 1178 2811 Ecclesia
1202 2754 1277 2810 oculi
1306 2754 1412 2810 debent
1436 2769 1510 2821 esse,
1534 2753 1619 2810 hodie
1651 2754 1865 2822 tenebrescunt,

165 2856 301 2897 cercncn
317 2840 460 2913 possum),
477 2841 547 2897 dum
572 2840 702 2896 carnalia
731 2840 945 2914 spiritualibus,
961 2845 990 2896 ct
1044 2843 1295 2900 caterallcclcaia
1313 2843 1528 2915 membraque
1544 2860 1602 2898 non
1618 2843 1803 2911 ducunt,sed
1818 2844 1867 2899 du·

163 2929 251 2986 etiam
266 2929 451 3003 sempiternis
467 2930 636 2986 transitorio
650 2929 919 3002 praeponimus‚nec
936 2947 989 2986 nos
1044 2937 1160 3001 cuntur,
1177 2949 1266 3004 quarn
1282 2932 1436 2987 tenebrosa
1451 2932 1538 2987 suntt
1557 2932 1591 2987 at
1615 2932 1667 3004 qui
1692 2932 1763 2988 caci
1783 2949 1867 2990 cacos

163 3017 290 3087 credere,
308 3019 351 3075 vel
367 3020 397 3074 in
413 3020 469 3074 fide
484 3019 722 3075 demonstramus
738 3020 947 3075 dubitare.Sed
964 3019 988 3075 si
1043 3023 1148 3078 ducere
1163 3025 1355 3094 praesumunt,
1372 3021 1558 3093 nonne(quod
1573 3019 1636 3076 sine
1651 3021 1768 3094 gemitu
1780 3022 1866 3078 dicere

164 3107 252 3162 fidem
277 3108 451 3180 quandoque
480 3107 682 3180 praedicamus,
711 3108 805 3180 ipsam
834 3109 988 3165 contrariis
1043 3128 1099 3167 non
1117 3110 1249 3184 possum)
1265 3110 1381 3182 utrique
1397 3111 1426 3164 in
1442 3110 1551 3166 foveam
1567 3113 1680 3166 aterna
1697 3110 1866 3183 perditionis

163 3195 248 3252 lactis
261 3213 477 3270 oppugnamus.
1003 3183 1024 3250 C
1044 3200 1176 3255 cadunt?
1188 3199 1279 3255 Mutela.
1294 3200 1351 3270 xv.)

200 3286 333 3342 Secundo
347 3288 377 3341 in
393 3285 523 3341 claritate
547 3287 768 3342 commendetur
786 3286 841 3341 istc
856 3290 986 3354 sanctus,
1078 3289 1184 3358 Tertio,
1202 3289 1237 3344 de
1257 3288 1398 3344 virtutum
1420 3288 1557 3344 varietate
1579 3289 1809 3346 commendatur
1818 3290 1865 3347 iate

163 3390 230 3430 cum
248 3373 402 3431 subditur:
420 3376 509 3443 Quasi
522 3376 600 3430 stello
614 3378 750 3430 csotntiac
763 3377 793 3430 in
807 3375 894 3432 medio
905 3378 988 3431 nctu-
1042 3382 1172 3441 sanctus,
1188 3394 1255 3433 cum
1272 3377 1477 3451 subjungitur:
1489 3378 1574 3446 Quasi
1588 3380 1865 3452 crateresnlpensia·

163 3462 209 3531 lae,
224 3471 250 3518 et
264 3465 343 3535 qnasi
357 3463 515 3534 tucopleao
536 3466 564 3518 ia
580 3465 674 3519 (tiebat
695 3467 753 3519 suis
769 3466 846 3520 lucet.
862 3466 988 3537 thtrnsi
1041 3475 1081 3523 ter
1102 3467 1214 3522 nedictus
1235 3467 1343 3535 peria.
1369 3467 1456 3522 Porro
1483 3483 1569 3523 arcus
1602 3466 1744 3535 coelestis,
1769 3469 1818 3540 qui
1840 3471 1865 3525 et

162 3553 203 3607 sot
217 3551 354 3624 resulcans
371 3553 463 3620 (Eceli,
481 3556 517 3621 a).
535 3552 581 3608 Sic
602 3553 656 3609 iste
683 3558 803 3609 sanctus
828 3553 941 3611 refulsit
955 3555 985 3611 in
1041 3555 1094 3612 Iris
1110 3555 1224 3622 dicitur,
1244 3554 1411 3611 multicolor
1430 3560 1483 3623 est,
1499 3573 1534 3612 ex
1559 3556 1785 3629 repercussione
1800 3557 1864 3615 solis

162 3639 271 3712 templo
286 3639 346 3696 Dei.
364 3639 454 3696 Stella
467 3641 621 3710 matutina,
639 3643 744 3698 lratres
759 3643 826 3709 mei,
838 3643 894 3699 diei
909 3661 984 3699 nun·
1041 3644 1216 3710 illustratus,
1232 3644 1261 3699 in
1277 3645 1395 3718 signum
1411 3643 1527 3700 laederis
1538 3645 1614 3700 inter
1626 3645 1721 3701 Deum
1733 3650 1763 3701 et
1778 3644 1863 3702 homi·

161 3727 212 3796 tia,
228 3727 257 3783 in
274 3728 369 3784 medio
385 3730 503 3801 quidem
521 3729 632 3786 nebula
656 3730 799 3803 splendet,
816 3733 865 3788 sed
886 3737 984 3789 tamen
1040 3750 1091 3790 nes
1108 3733 1220 3807 positus
1236 3733 1311 3806 (Gen.
1329 3734 1377 3806 ιι),
1395 3733 1558 3806 pluviarum
1575 3734 1862 3792 ministrationes

161 3834 219 3874 aon
235 3818 344 3874 sufficit
358 3817 495 3874 nebulam
511 3837 715 3893 superare‚nec
726 3821 780 3876 iter
794 3823 985 3878 euntibusde·
1039 3839 1156 3896 quoqne
1170 3823 1316 3896 gloriosus
1331 3822 1577 3891 consenseramus
1593 3822 1644 3878 Dei
1660 3823 1728 3890 luit,
1740 3824 1861 3899 sagittis,

161 3912 334 3964 monstrare.
352 3909 436 3964 Luna
448 3925 515 3965 vcro
531 3908 618 3981 plena
638 3909 667 3964 in
691 3910 794 3966 diebus
809 3911 871 3967 suis
883 3911 983 3967 lucens
1037 3910 1066 3966 id
1083 3899 1862 3984 estsententiissacraScripturainimicesfidei'traus

160 3997 267 4053 sufficit
279 4014 314 4054 ex
329 4015 437 4071 magna
452 4003 544 4070 parte,
561 4003 590 4054 et
604 4003 719 4055 noctem
736 4016 883 4072 superare,
892 4004 919 4056 ct
930 4000 984 4057 iter
1038 4001 1150 4073 figens;
1169 4000 1376 4068 multicolor‚id
1387 4006 1431 4058 est
1446 4000 1606 4057 multarum
1621 4000 1763 4059 varietate
1773 4001 1862 4058 virtu·

159 4085 297 4143 cnntibus
313 4087 523 4159 demonstrare,
536 4088 586 4143 sed
609 4093 706 4144 tamen
732 4094 845 4145 noctem
864 4090 983 4146 omnino
1036 4093 1098 4144 tum
1116 4105 1291 4159 coruscans;
1308 4088 1471 4162 insignum
1498 4088 1614 4145 loedcris
1636 4088 1714 4145 inter
1729 4090 1824 4146 Deum
1837 4094 1862 4146 et

158 4190 216 4230 non
231 4174 356 4248 expellit,
375 4192 427 4232 nec
442 4176 577 4234 homines
593 4195 646 4234 suo
665 4177 760 4235 calore
776 4178 917 4235 calefacit.
935 4179 983 4237 Sol
1036 4177 1181 4247 homines,
1198 4178 1268 4250 quia
1282 4202 1296 4229 «
1314 4178 1342 4233 in
1366 4182 1497 4251 tempore
1525 4176 1683 4233 iracundia
1710 4178 1807 4235 factus
1821 4181 1863 4236 eat

156 4278 222 4319 vcro
233 4262 359 4338 fulgens,
376 4264 452 4321 inter
477 4265 600 4323 nebulas
625 4267 768 4339 splendet,
785 4271 813 4322 et
828 4285 877 4324 eas
892 4285 980 4341 supe·
1036 4266 1232 4324 reconciliatio
1247 4269 1343 4339 (Eccli.
1359 4266 1445 4338 κων).
1461 4289 1475 4319 n
1494 4267 1550 4323 Iste
1570 4265 1690 4339 quippe,
1708 4269 1861 4341 ceterique

156 4356 211 4420 rat,
227 4358 256 4409 et
271 4352 326 4409 iter
340 4355 478 4411 euntibus
495 4356 687 4420 demonstrat,
701 4359 729 4411 et
739 4360 851 4412 noctem
864 4357 982 4429 penitas
1036 4355 1129 4410 sancti
1146 4356 1321 4412 interDeum
1333 4360 1361 4411 et
1373 4355 1507 4412 homines
1518 4354 1692 4428 positi,quid
1703 4354 1785 4413 aliud
1796 4357 1862 4413 sunt

156 4441 293 4510 excludit,
310 4448 338 4498 et
353 4460 407 4499 suo
423 4442 517 4500 calore
531 4443 665 4500 homines
680 4443 919 4502 calefacit.Stella
931 4446 982 4520 igi·
1035 4460 1124 4516 quarn
1141 4444 1257 4517 signum
1273 4445 1353 4517 pacis
1368 4444 1419 4501 Dei
1435 4446 1471 4500 ad
1484 4443 1641 4499 homines?
1656 4445 1783 4510 Quando
1797 4461 1860 4502 vera

154 4533 204 4588 tur
219 4534 364 4589 matutina
379 4533 408 4587 in
425 4533 520 4589 medic
544 4532 655 4589 nebule
671 4539 716 4590 est
730 4533 880 4590 exordium
897 4536 979 4591 bonae
993 4553 1017 4619 Ι)
1034 4532 1068 4589 dc
1084 4533 1179 4590 medio
1194 4534 1349 4590 hominum
1365 4532 1678 4604 substrahuniur,quid
1696 4533 1780 4590 aliud
1796 4538 1861 4591 sunt

153 4619 227 4688 vita,
244 4638 308 4693 quae
324 4622 400 4677 diem
417 4621 585 4678 aternitatis
606 4623 795 4694 praenuntiat,
812 4624 863 4679 sed
879 4628 977 4680 tamen
1033 4639 1119 4694 quem
1136 4623 1254 4696 signum
1270 4623 1428 4679 iracundie
1444 4623 1495 4678 Dei
1520 4622 1556 4678 ad
1572 4621 1734 4678 homines?
1750 4624 1785 4680 Et
1798 4640 1858 4693 aas,

153 4710 289 4766 tenebras
299 4710 517 4767 infidelitatiset
528 4710 698 4766 errorisnon
710 4711 819 4767 sufficit
826 4729 877 4784 per
887 4730 977 4769 sesa·
1032 4712 1146 4780 fratres,
1162 4710 1212 4784 qui
1228 4712 1313 4768 hodie
1335 4712 1412 4769 veris
1435 4711 1546 4767 sanctis
1561 4711 1596 4767 dc
1612 4709 1709 4767 medio
1726 4718 1858 4769 nostrum

152 4813 265 4870 parare,
282 4817 336 4856 neo
351 4805 459 4857 rectam
484 4800 561 4856 viam
584 4800 794 4857 demonstrare.
813 4802 896 4857 Luna
909 4820 975 4859 vero

152 4886 182 4941 in
199 4888 303 4944 diebus
320 4889 382 4945 suis
398 4889 509 4958 lucens,
526 4893 571 4945 est
585 4889 751 4962 evangelica
765 4890 975 4963 doctrinaque

151 4975 229 5032 inter
242 4978 377 5032 tenebras
400 4977 582 5034 infidelitatis
606 4982 633 5034 et
657 4979 763 5034 erroris
781 4977 867 5047 lucet,
884 4985 913 5036 et
927 4997 975 5037 eas

152 5068 281 5134 superat,
294 5069 322 5118 et
333 5069 440 5119 rectam
451 5065 527 5120 ciam
541 5065 711 5122 hominibus
722 5067 902 5124 demonstrat
914 5071 974 5138 ;scd

150 5152 249 5206 tamen
264 5151 444 5208 infidelitatis
467 5159 495 5208 et
514 5156 619 5211 erroris
635 5155 769 5211 tenebras
784 5156 901 5229 penitus
915 5173 974 5213 non

151 5238 288 5306 excludit,
306 5256 359 5295 nec
375 5257 477 5297 omnes
492 5242 625 5300 homines
644 5262 696 5300 suo
722 5243 816 5300 calore
832 5245 972 5302 calefacit.

149 5325 197 5383 Sol
213 5343 280 5383 vcro
296 5326 502 5400 refulgens‚est
512 5332 690 5387 mirabilium
701 5333 842 5389 virtutum
857 5335 973 5391 eviden-

147 5415 199 5486 tia,
215 5415 266 5488 qni
281 5416 357 5474 inter
367 5418 502 5475 tenebras
522 5419 702 5478 infidelitatis
713 5427 741 5479 et
754 5424 860 5481 erroris
876 5423 972 5496 splen·

147 5502 238 5571 det‚st
249 5520 298 5561 eas
309 5509 438 5580 superat,
449 5512 479 5563 et
492 5513 599 5564 rectam
610 5509 686 5562 viam
699 5510 894 5580 demonstrat;
906 5529 972 5569 ncc-

146 5593 206 5657 tem
219 5591 389 5669 ignorantie
399 5599 428 5656 et
438 5595 908 5677 dubitentiepenitusexcludit,et
917 5617 972 5662 sua

1030 4801 1310 4870 obtenebrascimus,
1329 4800 1399 4873 qnid
1414 4799 1494 4856 aliud
1512 4816 1601 4872 qnam
1627 4799 1798 4858 substracto
1813 4800 1858 4858 Dei

1030 4889 1135 4945 loedere
1151 4889 1199 4945 Dei
1216 4889 1289 4945 iram
1306 4888 1664 4962 experimurtPluviarum
1676 4889 1860 4962 quoqueluit

1031 4977 1245 5034 ministraticus
1259 4979 1314 5035 iste
1330 4984 1449 5035 sanctus
1474 4977 1524 5050 qui
1547 4976 1640 5034 imbre
1656 4978 1858 5037 doctrinarum

1029 5084 1087 5122 non
1104 5065 1199 5123 solum
1216 5067 1350 5125 homines
1364 5067 1577 5141 irrogavit,im0
1590 5065 1678 5123 etiam
1688 5066 1858 5126 internebu-

1029 5154 1076 5211 lus
1090 5155 1199 5228 glorie,
1216 5160 1245 5212 et
1259 5156 1335 5213 inter
1349 5162 1467 5213 caeteros
1492 5154 1636 5229 gloriosos
1651 5156 1857 5227 praedicatores

1028 5244 1178 5318 privilegio
1193 5245 1392 5302 doctrinarum
1409 5249 1437 5301 et
1452 5245 1594 5300 virtutum
1609 5238 1857 5313 effulsitouome

1028 5333 1066 5389 do
1077 5338 1175 5390 autem
1190 5334 1244 5391 iste
1260 5339 1379 5391 sanctus
1391 5335 1475 5408 quasi
1490 5350 1576 5390 arcus
1592 5332 1762 5391 multicolor
1776 5334 1856 5391 ell'ul-

1028 5422 1107 5491 serit,
1124 5422 1335 5495 subsequenter
1364 5423 1527 5497 exponitur,
1554 5438 1621 5479 cum
1643 5427 1856 5480 enumerantur

1026 5515 1090 5567 octo
1104 5511 1224 5568 virtutes
1237 5511 1345 5584 quibus
1360 5513 1438 5569 varie
1454 5513 1585 5585 mireque
1604 5509 1741 5568 radiavit.
1756 5512 1854 5570 Prima

1026 5605 1072 5660 est
1085 5600 1258 5680 martyrium
1273 5599 1303 5658 in
1319 5601 1542 5664 moninoatione
1557 5599 1703 5675 sanciade
1714 5616 1775 5685 qno
1785 5603 1852 5664 aab
