3816 6006
72 237 131 301 *103
333 240 386 302 ab
409 238 660 304 denuntiauit
685 235 851 299 APPEND.
875 233 914 294 ll
927 225 1129 293 -MONUM
1152 226 1204 290 uu
1227 223 1352 288 BELLO
1373 224 1511 289 secan.
1715 220 1776 282 tot

71 390 138 432 rum
154 372 253 447 inopia
268 373 402 430 cruciari
418 374 501 453 ἰἰιιιο
521 387 655 446 proceres
678 368 784 427 exercit
786 385 821 424 us
846 383 893 423 ac·
909 367 936 435 Α
951 361 1076 420 trasanii
1092 361 1141 463 qui
1158 361 1188 417 in
1203 360 1309 417 eastris
1322 364 1415 427 erant,
1431 358 1542 431 quique
1557 360 1618 413 tota
1642 356 1688 412 die
1707 371 1774 412 cum

72 466 212 536 ceperunt
225 461 429 532 consiliumet
444 479 512 535 pars
528 480 587 518 una
602 461 735 517 omnium
750 455 895 514 incastris
949 452 1061 509 civibus
1077 450 1128 525 qui
1144 449 1254 524 egressi
1269 453 1339 506 sunt
1327 450 1389 506 tde
1405 448 1477 504 urbe
1492 451 1703 521 pugnaverunt,
1713 446 1777 520 pal·

72 555 236 608 remaneret
254 551 290 607 ad
313 551 556 620 custodiendum
574 567 642 623 pers
666 549 757 605 altera
780 545 895 602 obvium
951 557 1088 617 mumque
1102 539 1229 596 victorin
1246 543 1438 613 reportarant.

70 638 256 697 venientibus
271 639 326 695 iret
340 639 376 695 ad
393 638 536 712 prelium.
553 638 606 705 Qui
624 638 659 693 de
684 635 788 692 castris
812 637 895 690 nocte
1279 628 1397 685 CAPUT
1416 626 1449 682 V.

71 726 263 800 egredientes,
278 727 307 783 in
324 728 440 784 insidiis
456 728 542 801 positi
562 730 641 794 sunt,
658 722 894 799 pretereuntium
985 722 1068 780 Tunc
1082 719 1231 794 geminata
1245 717 1347 774 latitia
1362 715 1488 788 duplicis
1498 714 1776 783 victoriae,lestivum

71 817 271 890 prestolantes
285 833 439 874 occursum
451 816 665 888 jacueruntque
685 814 762 870 inter
785 812 893 867 ilumen
948 813 1066 883 tempus
1081 808 1186 874 effecit,
1203 812 1232 864 et
1246 824 1295 864 eos
1320 807 1371 879 qui
1396 805 1536 879 egestatis
1560 822 1683 861 moerora
1708 823 1776 863 con-

71 910 100 965 at
113 905 346 963 lucumSummo
361 901 894 978 itaquediluculo,aurorelumenter-
949 900 1060 973 sumpti
1084 915 1158 972 pene
1183 902 1277 965 erunt,
1295 896 1404 953 reiecit.
1422 895 1488 950 lam
1511 911 1578 949 vero
1602 895 1731 951 Armenii
1748 902 1777 952 ct

71 996 112 1054 ris
136 996 291 1061 deferente,
309 995 453 1053 miserunt
477 993 683 1067 exploratores,
701 991 751 1065 qui
777 990 894 1046 illorum
949 989 1066 1056 Sorani,
1080 988 1189 1044 victum
1206 987 1240 1043 nd
1258 991 1354 1042 castra
1379 984 1520 1054 terebant,
1536 985 1616 1040 etde
1632 983 1707 1041 lelici
1724 1003 1776 1043 no·

70 1086 189 1159 agmine
218 1085 358 1153 viderent,
391 1089 419 1141 et
451 1100 515 1140 esse
548 1101 649 1140 eorum
682 1081 893 1138 renuntiarent.
949 1083 1077 1136 atrorum
1094 1081 1198 1133 eventu
1214 1074 1447 1149 congaudebant.
1464 1072 1511 1130 Sic
1534 1072 1577 1128 illi
1599 1073 1635 1129 de
1660 1074 1776 1132 civitate

105 1173 306 1247 Exploratores
315 1173 484 1229 renuntiant
493 1172 659 1230 totillorum
670 1167 895 1226 milliainsimul
949 1167 1183 1241 egrediebantur,
1200 1170 1229 1222 et
1244 1166 1321 1221 inter
1336 1180 1406 1219 saxa
1430 1162 1577 1218 montium
1599 1163 1774 1233 laubabunt,

71 1279 271 1336 eenunquam
299 1263 419 1320 vidisse.
435 1263 470 1319 ut
493 1280 528 1320 ex
550 1266 631 1363 parte
660 1258 793 1316 lluminis
820 1258 894 1314 duas
948 1256 1224 1328 insidiabanturque
1252 1252 1312 1309 illis
1342 1253 1392 1325 qui
1423 1252 1532 1307 victum
1562 1252 1732 1322 atterebant,
1749 1261 1775 1312 et

70 1352 148 1435 acies
162 1356 335 1436 separatusn
347 1352 535 1409 multitudine
547 1352 632 1425 equis
642 1348 835 1407 velocioribus
846 1363 893 1403 ae·
948 1348 1093 1419 quotquot
1107 1343 1354 1417 comprehendere
1365 1342 1500 1414 poterent
1488 1341 1689 1398 toccidebant.
1694 1346 1774 1408 Quod

69 1430 196 1499 currere
199 1431 281 1499 Tunc
297 1443 413 1499 nostri
406 1459 435 1498 ιιι
450 1441 578 1514 quodam
594 1440 667 1496 clivo
684 1438 781 1511 positi,
798 1435 893 1492 erucis
946 1434 1030 1492 valde
1046 1432 1242 1490 moestificavit
1255 1447 1401 1506 proceres,
1404 1435 1433 1487 et
1448 1446 1537 1504 super
1551 1429 1606 1487 hoc
1619 1432 1775 1490 consilium

70 1531 330 1606 signocnmnrmis
340 1548 370 1588 se
381 1530 588 1604 praemuniunt,
591 1526 753 1585 etmanus
746 1543 775 1582 ιο
787 1525 892 1581 coelum
948 1524 1086 1588 inierunt,
1104 1522 1328 1594 remediumque
1344 1519 1412 1576 huic
1423 1519 1582 1576 calamitati
1594 1528 1774 1594 repererunt.

69 1621 258 1695 protendunt,
275 1611 392 1693 [leoque
405 1637 435 1677 se
450 1619 648 1686 committunt,
664 1618 787 1689 ejusque
807 1614 892 1686 flagi·
947 1614 1016 1670 Cast
1004 1619 1083 1670 trum
1098 1614 1326 1669 construxerunt
1341 1613 1408 1665 ante
1420 1612 1486 1682 port
1487 1626 1535 1666 em
1547 1609 1777 1687 civitatis,super

69 1713 133 1768 tant
146 1709 368 1767 auxiliumllox
383 1696 477 1766 nostri
492 1707 730 1781 supervenientes
745 1705 809 1761 illos
820 1703 893 1760 exei-
947 1709 1065 1777 pontem
1076 1703 1162 1775 juxta
1178 1699 1420 1767 Mechnmariam,
1437 1698 1516 1772 quod
1530 1698 1597 1756 illos
1611 1700 1694 1759 valde
1709 1720 1775 1776 per·

69 1789 268 1873 pi'unt,et'ietu
284 1801 446 1873 pungentes
461 1802 604 1871 quotquot
619 1793 811 1861 obviant,solo
828 1809 893 1866 pro·
947 1792 1072 1860 domuit,
1087 1791 1227 1864 quoniam
1242 1788 1380 1862 deinceps
1394 1786 1496 1845 nullus
1511 1805 1612 1846 eorum
1631 1790 1709 1851 crire
1724 1810 1776 1866 per

69 1894 216 1947 sternunt.
232 1887 287 1945 Alii
305 1905 356 1961 par
370 1904 507 1961 campum
523 1886 649 1960 dispcrsi
672 1883 892 1950 circumvolant,
947 1887 1066 1965 pontem
1081 1897 1172 1937 ausus
1189 1879 1253 1936 luit.
1270 1878 1305 1935 ιιι
1321 1876 1391 1935 tunc
1406 1878 1477 1951 quia
1491 1883 1655 1937 castrenses
1671 1881 1774 1940 adhoc

70 1977 238 2050 imbresque
252 1981 461 2035 venenatarum
477 1976 616 2034 emittunt
629 1972 892 2048 sagittarumStri-
947 1971 1147 2046 peragendum
1163 1987 1238 2042 opus
1253 1985 1311 2025 non
1327 1967 1524 2036 sutlleiebant,
1542 1969 1732 2029 Boemundus
1747 1977 1776 2029 at

70 2067 140 2124 dent
155 2059 339 2134 dantibus,et
354 2083 433 2123 more
447 2082 555 2122 cauum
570 2065 687 2132 latrant,
702 2063 771 2137 quia
786 2067 893 2118 terrere
947 2057 1045 2118 eomes
1060 2059 1154 2116 sancti
1176 2057 1281 2132 AEgidii
1304 2058 1341 2114 ad
1366 2057 1483 2114 Portum
1508 2057 1607 2116 Sancti
1629 2060 1774 2119 Simeonis

71 2155 113 2214 elo
128 2173 198 2213 suos
214 2152 396 2213 adversarios
410 2159 524 2230 pectant.
541 2156 596 2212 Sed
611 2155 671 2210 hec
687 2153 779 2210 nostri
795 2151 895 2214 irride·
947 2152 1147 2224 perrexerunt,
1163 2151 1192 2204 et
1206 2147 1275 2203 inde
1289 2147 1438 2220 operarios
1449 2148 1542 2220 pretio
1558 2148 1703 2207 adducere
1714 2157 1775 2207 stu·

70 2244 152 2312 bant,
168 2249 197 2301 et
211 2244 332 2318 protecti
347 2244 465 2318 clypeis,
481 2243 589 2312 loricis,
605 2242 707 2316 galeis,
724 2258 824 2298 eorum
840 2239 894 2296 im·
946 2240 1085 2297 deerunt.
1102 2240 1180 2305 Quos
1194 2253 1262 2292 cum
1277 2236 1466 2306 adducerent,
1483 2238 1594 2295 'lurcos
1617 2239 1667 2313 qui
1690 2245 1774 2298 nocte

69 2331 587 2405 missurasvilipendebant.Sedcum
598 2330 823 2387 innumerabilis
833 2327 894 2385 illo·
947 2326 999 2386 illa
1014 2327 1049 2384 de
1064 2325 1179 2383 civitate
1192 2326 1334 2393 exierunt,
1350 2325 1379 2381 in
1395 2324 1512 2383 insidiis
1527 2328 1638 2401 positos
1653 2327 1774 2386 invene-

16 2454 34 2467 ·
69 2439 136 2482 rum
149 2421 305 2480 multitudo
320 2421 512 2496 appropiavit
528 2438 596 2479 cum
611 2425 693 2477 tanto
712 2420 825 2492 impetu
841 2434 894 2474 no·
948 2416 1081 2489 runt‚qui
1098 2415 1251 2472 subitaneo
1268 2415 1774 2476 incursutamtartiternostrosin-

71 2516 149 2570 etros
164 2511 333 2571 invaserunt
336 2511 424 2584 ,quod
440 2509 554 2568 modice
569 2510 599 2566 ln
611 2510 710 2584 lugam
722 2507 798 2564 versi
814 2511 892 2563 sunt.
947 2510 1086 2564 vaserunt
1089 2505 1292 2578 ,quoadusque
1307 2504 1374 2562 illos
1385 2504 1435 2578 qui
1447 2505 1559 2579 equites
1570 2512 1653 2564 erent
1663 2509 1775 2583 absque

70 2602 153 2670 Quod
169 2605 203 2658 ut
216 2599 289 2685 vidit
298 2599 710 2674 Boemundus,qu1poatremo
722 2597 895 2655 observabat
948 2594 1008 2653 ulle
1019 2593 1190 2652 certaminis
1206 2593 1460 2653 reverberatione
1452 2612 1482 2651 ιιι
1499 2601 1642 2653 montena
1656 2598 1774 2672 lugere·

70 2688 246 2759 custodiam,
263 2680 330 2746 eum
346 2707 400 2746 sue
415 2689 476 2747 acie
495 2688 650 2763 prorupit'
643 2705 673 2743 ιο
689 2687 831 2756 medium,
847 2703 894 2743 eo·
948 2688 1028 2744 runt.
1046 2684 1159 2742 Pedites
1174 2682 1225 2758 qui
1240 2684 1341 2757 lugere
1356 2700 1415 2740 non
1430 2688 1599 2757 potuerunt,
1614 2687 1707 2744 diram
1723 2706 1775 2745 ne-

70 2779 189 2867 ciosque
204 2772 397 2854 recolligens,
389 2778 523 2836 inimicos
534 2777 670 2852 perduxit
682 2778 719 2834 ad
731 2776 892 2833 interitum.
948 2791 1011 2833 cem
1024 2773 1154 2848 perpessi
1169 2778 1255 2843 sunt;
1272 2773 1323 2830 sed
1340 2777 1449 2845 quanto
1464 2774 1522 2831 luit
1536 2777 1641 2845 ecrior,
1648 2781 1729 2834 tento
1746 2784 1775 2834 et

68 2868 257 2963 illinemque
276 2873 309 2928 ut
331 2868 468 2926 viderunt
490 2873 657 2926 nostrorum
680 2865 785 2925 vexilla
804 2881 894 2939 super
949 2861 1112 2939 gloriosior.
1127 2861 1227 2935 lltqui
1242 2861 1282 2918 ibi
1299 2863 1406 2919 mortui
1434 2869 1514 2933 eunt,
1531 2864 1589 2922 lere
1613 2864 1692 2923 mille
1708 2867 1773 2924 lue·

69 2951 192 3016 vertices
206 2975 277 3016 suos
292 2956 495 3032 dependentia,
501 2953 893 3030 nostrosquamoreleonum
949 2950 1341 3026 runt,sedocordcntesd1u
1362 2951 1455 3026 gavisi
1481 2969 1539 3012 non
1564 2959 1643 3011 sunt.
1663 2956 1774 3014 Relatio

70 3039 261 3122 mgientium,
276 3047 307 3103 in
321 3047 434 3105 medios
450 3048 549 3105 hostes
569 3045 761 3114 circumferri,
777 3061 894 3102 omnes·
948 3044 1027 3102 enim
1044 3042 1134 3116 hujus
1148 3041 1304 3099 occisionis
1318 3041 1355 3098 ed
1369 3046 1432 3098 cast
1434 3058 1466 3099 ra
1476 3043 1616 3116 pervenit,
1619 3049 1775 3130 tantosque

70 3138 219 3214 quocirca
233 3152 264 3194 se
278 3135 511 3211 laniari,pavent
524 3141 553 3196 et
568 3137 790 3205 conturbantur,
792 3134 896 3192 versis·
884 3117 932 3186 -G
951 3132 1098 3208 principes
1113 3146 1306 3205 proceresque
1321 3132 1487 3190 commovit.
1504 3133 1558 3203 Qui
1573 3134 1656 3208 equis
1677 3136 1774 3209 prosi·

71 3243 128 3304 qne
144 3232 222 3285 retro
236 3226 360 3284 habenis
380 3243 533 3300 equorum,
550 3227 587 3283 ud
612 3227 685 3283 Pont
674 3230 732 3282 tem
759 3226 893 3282 terreum
947 3222 1052 3280 lientes
1066 3220 1104 3277 ed
1119 3220 1319 3278 ulciscendam
1345 3225 1470 3278 mortem
1493 3239 1614 3282 suorum
1630 3224 1774 3283 ordinetis

73 3332 162 3390 quam
177 3314 328 3373 celerrime
344 3317 531 3389 repedantur.
535 3315 591 3372 Sed
602 3315 673 3388 qurd
689 3315 775 3371 modo
792 3313 895 3371 Franci
949 3311 1118 3386 agminibus
1137 3310 1297 3384 pervolant,
1314 3310 1525 3386 inveniuntque
1548 3329 1597 3371 eos
1622 3315 1750 3372 adhuc'
1742 3333 1773 3372 ιιι

71 3405 200 3464 lacerent
215 3404 271 3461 nisi
287 3405 422 3462 cominus
441 3421 511 3462 ense
535 3403 674 3462 ferirent?
689 3404 836 3461 Sternitur
850 3401 897 3459 vla
949 3416 1063 3473 campo,
1067 3398 1230 3456 occisorum
1244 3398 1340 3471 capita
1355 3399 1573 3458 detruncantes.
1582 3401 1625 3458 llli
1640 3420 1706 3460 vero
1722 3421 1775 3460 ne·

72 3493 245 3567 corporibus
257 3493 455 3563 morientium,
473 3492 612 3568 impletur
628 3510 678 3550 aer
698 3493 818 3551 vocibus
833 3493 895 3565 eju·
949 3506 1098 3564 quaquam
1113 3487 1271 3562 perterriti,
1288 3488 1317 3544 in
1331 3490 1575 3549 sueconddeutes
1586 3492 1776 3552 multitudine

71 3581 312 3641 lentium.Tellus
327 3583 491 3639 madefacta
504 3599 606 3639 eruore
621 3582 897 3654 morientium,per-
950 3579 987 3636 ed
1003 3595 1132 3653 pugnem
1145 3578 1392 3652 congrediuntur;
1408 3580 1459 3636 sed
1475 3581 1583 3638 nostris
1602 3587 1663 3639 toto
1688 3585 1776 3640 corde

73 3670 186 3728 iuratur
199 3671 323 3745 pedibus
333 3670 568 3728 conculcantium
579 3672 773 3744 equorum.tlt
783 3670 898 3727 venitur
950 3664 1130 3726 tota'virtute
1140 3662 1366 3738 conlidentibus,
1383 3672 1540 3743 postquem
1555 3671 1667 3745 pedites
1682 3672 1777 3729 nostri

74 3759 111 3818 ad
126 3759 305 3834 pontem,vie
317 3764 489 3825 arcteturet
499 3777 557 3816 non
573 3776 676 3817 omnes
690 3777 764 3835 pons
779 3759 895 3833 recepit.
950 3758 1099 3833 equitibus
1115 3756 1273 3816 consociati
1289 3757 1403 3827 suntin
1418 3758 1497 3815 brevi
1513 3761 1777 3839 superantur-Nem

74 3848 148 3905 ilino
162 3865 251 3922 quam
267 3847 366 3922 plures
381 3850 410 3905 in
425 3851 535 3907 llumen
550 3849 808 3924 precipitanturet
823 3866 898 3922 quos
951 3853 984 3905 ιιι
997 3848 1134 3904 viderunt
1149 3846 1215 3904 illos
1232 3863 1308 3920 quos
1320 3847 1356 3904 ad
1373 3852 1513 3906 montena
1523 3849 1622 3923 sugere
1633 3850 1780 3924 compule-

75 3931 155 3995 unda
170 3926 385 4009 tenebat,celeri
402 3943 498 3997 rotatu
514 3937 659 3996 involutos
675 3939 899 3996 absorbebatllt
952 3942 1018 3995 rent
1036 3953 1197 4003 accurrere,
1214 3941 1440 4011 nostrorumque
1456 3939 1575 4012 agmine
1589 3939 1703 3998 sortiter
1717 3957 1778 3998 ere·

74 4042 128 4084 cur
142 4043 194 4100 per
208 4027 326 4101 singule
340 4028 491 4086 morarer?
506 4029 599 4101 Major
623 4045 692 4102 pars
706 4029 793 4102 periit
807 4044 897 4102 quum
952 4043 1042 4097 scere,
1058 4031 1087 4084 et
1101 4027 1259 4085 crescendo
1276 4027 1381 4084 tonius
1395 4027 1539 4100 insistere,
1555 4033 1637 4104 terge
1649 4033 1778 4099 vertunt,

75 4115 314 4175 evaserit.l³iures
329 4118 417 4176 occisi
432 4124 502 4176 suut
516 4136 605 4193 quum
620 4119 674 4175 vivi
691 4118 897 4176 remanserint.
952 4120 981 4174 et
994 4133 1096 4174 versus
1111 4120 1233 4190 pontum
1254 4117 1328 4190 luge
1352 4117 1429 4173 viam
1453 4118 1608 4191 arripiunt.
1624 4118 1680 4195 Sed
1696 4119 1781 4177 valde

77 4204 132 4274 oui
148 4196 352 4276 evaserunt,ad
365 4212 496 4265 cestrum
508 4226 595 4266 suum
608 4209 687 4282 quod
700 4209 836 4281 superius
851 4225 901 4265 no·
953 4206 1105 4281 impedivit
1120 4205 1281 4267 ditlloultas
1296 4205 1412 4264 itineris
1426 4208 1555 4283 angusti,
1572 4208 1642 4282 quie
1665 4226 1718 4266 nee
1733 4209 1779 4266 ln·

75 4294 263 4363 miravimus,
280 4297 485 4371 confugerunt,
492 4298 543 4354 sed
555 4298 583 4353 in
595 4315 628 4355 ao
639 4314 697 4354 non
708 4297 758 4355 diu
768 4314 901 4370 perman·
954 4313 1021 4370 gere
1036 4312 1164 4369 usquam
1179 4301 1322 4369 poterant,
1340 4313 1392 4353 nec
1408 4298 1546 4353 converti.
1564 4298 1677 4354 Reverti
1703 4303 1780 4355 retro

75 4387 187 4443 urunt.
204 4375 369 4442 Predetum
399 4387 490 4456 enim,
514 4402 639 4443 veouum
669 4386 855 4459 dimiserunt,
872 4391 900 4443 et
955 4384 1161 4454 iasnoncrat,
1177 4384 1354 4458 quiahostis
1370 4390 1510 4460 urgebat3
1527 4387 1629 4445 dextra
1651 4387 1781 4461 levaque

76 4473 222 4548 fagientes
237 4474 382 4532 abierunt.
400 4475 497 4532 Nostri
513 4492 579 4531 vero
603 4474 675 4531 illud
700 4475 858 4548 accipiunt,
873 4479 901 4531 et
916 4494 940 4560 p
955 4475 1056 4532 diverti
1061 4472 1309 4547 ,impossibilitas
1325 4477 1442 4550 angusti
1459 4476 1573 4534 itineris
1597 4478 1782 4551 prohibebat,

76 4557 213 4621 custodes
227 4580 278 4637 qur
271 4562 359 4621 illud
368 4564 558 4632 custodirent
562 4569 591 4621 et
598 4568 717 4637 pontem
727 4569 897 4637 posuerunt.
954 4563 1066 4646 preire,
1072 4563 1189 4621 vetabat
1203 4563 1295 4620 dense
1310 4564 1468 4623 multitudo
1485 4566 1606 4641 lugicm
1599 4583 1671 4624 ιιιιιι.
1675 4567 1783 4640 Sieque

75 4651 205 4711 Armenii
219 4669 336 4727 quoque
350 4658 380 4710 et
394 4653 501 4710 Sorani
515 4653 662 4726 lugentes
678 4653 803 4710 insecuti
818 4659 897 4722 sunt,
954 4653 996 4710 eis
1009 4653 1106 4710 divino
1121 4656 1195 4709 nutu
1210 4653 1385 4728 contigeret,
1402 4660 1433 4710 ut
1449 4673 1502 4713 nac
1529 4658 1640 4731 lugere,
1659 4673 1712 4714 nec
1728 4674 1785 4730 pn-

76 4745 107 4800 et
121 4745 203 4800 arcte
216 4741 280 4800 loca
294 4742 481 4821 anticipando
492 4742 602 4799 multos
612 4742 782 4799 oeciderunt
792 4742 901 4817 plures·

77 4846 135 4905 que
148 4831 278 4908 captivos
291 4832 491 4890 detinuerunt.
495 4817 600 4934 Sicque
612 4831 664 4888 dlii
675 4830 785 4888 diaboli
800 4848 902 4889 secun·

79 4919 150 4978 dum
164 4936 251 4978 suum
265 4921 403 4977 meritum
407 4922 453 4991 ,de
464 4920 550 5000 ruine
561 4921 590 4977 in
601 4920 718 4977 ruinam
730 4925 902 4995 receperunt

79 5008 241 5065 interitum.
245 5007 342 5065 Nostri
356 5025 423 5066 vero
438 5026 505 5067 oum
522 5009 628 5085 gaudio
639 5009 749 5084 ingenti
760 5010 796 5067 ad
806 5015 903 5068 cestra

80 5082 256 5166 remearunt,
260 5097 438 5156 adducentes
450 5116 549 5179 secum
561 5116 652 5173 equos
661 5101 692 5156 et
701 5097 832 5156 muloset
820 5103 902 5156 t·mn

80 5185 134 5254 les,
137 5189 166 5242 et
180 5184 274 5286 spolie
288 5185 426 5259 plurima,
441 5192 470 5246 et
457 5173 578 5245 tmulta
593 5185 651 5245 alia
665 5204 729 5261 qua
745 5188 904 5262 indigenti-

80 5274 138 5332 bus
152 5273 240 5332 aaoiis
254 5273 337 5331 valde
353 5281 436 5333 erent
449 5277 622 5335 necessaria.
640 5277 799 5334 Multorum
814 5277 904 5334 etiam

81 5361 145 5436 cepi
148 5365 904 5440 tamortuorumsimulattulerunt,queanteportnm

82 5451 208 5509 civitatis
224 5458 394 5527 posuerunt,
412 5454 461 5511 ubi
472 5455 633 5512 Admiraldi
644 5455 808 5530 Babylonia
819 5456 906 5514 habe·

82 5541 156 5599 bunt
170 5541 341 5618 hospitium.
354 5543 535 5618 Receperunt
545 5543 611 5603 illos
623 5561 692 5603 cum
707 5561 826 5603 summa
835 5544 905 5604 lati·

955 4759 1044 4818 gnare
1059 4741 1184 4799 licuerit.
1201 4741 1242 4798 lbi
1259 4743 1354 4800 'l'uroo
1369 4761 1422 4801 nec
1437 4746 1563 4802 toxicata
1579 4746 1687 4820 sagitta
1698 4744 1788 4819 prod-

955 4831 1115 4899 cirbet,nec
1130 4830 1197 4904 equi
1211 4831 1351 4890 velocitas
1367 4834 1571 4892 subveniebat.
1584 4835 1627 4892 Ibi
1644 4836 1787 4908 majorem

956 4927 1084 4995 stragem
1097 4918 1208 4992 pedites
1219 4925 1343 4994 egerunt
1351 4937 1441 4994 quarn
1450 4921 1500 4995 qui
1509 4922 1593 4996 equis
1608 4921 1788 4990 insidebant,

956 5009 1096 5084 quoniam
1111 5008 1258 5078 nemetim,
1274 5012 1307 5066 ut
1321 5008 1444 5086 lelcator
1465 5016 1551 5084 prate
1574 5011 1620 5068 vel
1645 5028 1785 5084 messem,

956 5098 1179 5157 detruncabant.
1199 5096 1261 5155 lllio
1276 5098 1378 5155 satiari
1396 5100 1562 5172 potuissent
1585 5117 1670 5158 enses
1689 5105 1718 5157 et
1731 5099 1792 5159 tale

957 5188 1081 5247 aliarum
1090 5187 1222 5262 gentium
1232 5189 1395 5245 'lurcorum
1405 5189 1613 5263 sanguine,sed
1624 5186 1693 5264 quia
1704 5190 1793 5247 Fren-

958 5278 1126 5353 ciganarum
1143 5280 1293 5344 erant,nec
1309 5278 1432 5334 obtundi
1448 5282 1593 5353 poterant,
1609 5296 1662 5336 nec
1679 5278 1790 5352 repleri

958 5365 1172 5425 cruoreNostri
1188 5369 1304 5423 tantum
1320 5369 1502 5443 pugnabunt,
1519 5367 1562 5424 illi
1578 5369 1788 5443 patiebantur;

959 5455 1053 5514 nostri
1067 5455 1278 5529 percutiebant,
1295 5455 1338 5513 illi
1360 5456 1569 5516 moriebantur.
1583 5459 1641 5516 Nec
1665 5462 1785 5515 tentum

959 5544 1114 5620 infatigata
1128 5562 1234 5605 menne
1248 5544 1390 5606 dilaniare
1404 5552 1529 5622 poterat,
1544 5551 1690 5622 quantum
1706 5548 1787 5622 quod
