3816 6006
158 317 235 379 1583
791 313 992 377 annotant
1015 313 1225 375 labantis.
1787 312 1872 375 {581

157 447 271 522 plebem
288 447 372 503 nobis
387 446 575 503 commissam
584 450 746 519 pascentes,
759 451 905 518 quatenus
916 463 978 502 me·
993 451 1021 518 Α
1037 445 1159 503 insidias
1174 445 1230 502 sibi
1246 445 1355 518 positas
1367 462 1425 501 non
1441 445 1606 502 attendunt.
1621 446 1658 502 Et
1669 449 1703 501 ut
1720 445 1866 506 Dominus

157 534 979 607 ritisetinteroessionibushujussanctissimisacerdotis,
1034 535 1095 593 ait:
1115 556 1129 585 o
1144 535 1284 594 Nesciunt
1299 535 1369 608 quid
1384 534 1496 591 iaciunt
1511 536 1585 608 (luc.
1600 539 1694 605 rasin)
1711 557 1727 586 o
1744 539 1798 593 aut
1808 553 1864 608 quo

157 625 204 682 cui
220 625 307 681 bodie
323 625 559 694 solemnizamus,
569 642 692 682 numero
704 629 873 682 sanctorum
887 642 981 681 sacer-
1033 625 1151 691 irrident,
1168 625 1239 681 dum
1255 625 1339 697 quasi
1354 624 1446 680 oeulis
1460 623 1582 681 rationis
1593 624 1716 691 clausis,
1728 625 1761 682 in
1772 625 1864 699 perdi·

158 715 272 782 dotum,
288 714 393 771 merito
408 718 436 770 et
451 714 569 786 pramis
585 714 707 771 adunari
724 730 901 785 mereamur,
921 713 980 770 lar·
1034 713 1144 770 tionem
1152 715 1284 770 tendant.
1296 714 1430 770 Secundo
1441 713 1623 770 demonstrat
1632 713 1784 771 Dominus
1795 715 1864 788 quis

158 803 257 877 giente
270 802 393 860 Domino
407 808 506 860 nostro
519 803 589 860 iesu
605 803 730 870 Christo,
757 804 807 876 qui
834 821 901 860 cum
924 803 981 859 Pa·
1035 802 1076 859 sie
1092 803 1131 859 sit
1146 803 1231 860 nobis
1244 802 1438 876 vigilandum,
1454 818 1522 859 eum
1537 801 1647 875 subdit,
1663 805 1735 876 quic
1755 806 1861 862 nescita

157 896 202 950 tre
216 897 244 949 et
258 892 369 965 Spiritu
384 896 484 949 saneto
498 892 568 948 vivit
582 897 610 949 et
625 898 729 967 regnat
744 893 772 948 in
803 893 908 950 secula
927 910 979 949 see-
1034 909 1087 963 quo
1102 894 1170 949 liora
1179 895 1314 950 Dominus
1324 901 1410 949 ceam
1420 901 1550 949 ocntesms
1562 894 1609 950 sit.
1625 891 1788 950 Geminam
1801 910 1861 951 esu·

158 981 302 1040 culorum.
1034 981 1186 1056 samponit
1196 981 1380 1055 quarenobia
1392 981 1629 1055 silvigilandum,
1644 986 1674 1038 et
1684 999 1782 1055 quare
1792 999 1862 1040 sem·

1034 1069 1860 1145 per.Primo,quareestnobisvigilandum,quiallominua

521 1107 615 1165 XMV·
1034 1160 1860 1235 nosterventurusestutdormientesdamnet,etvigilan·¹

255 1214 340 1255 unius
352 1213 548 1268 conressoms,
566 1213 660 1255 sannio
678 1215 712 1254 ns
730 1215 881 1255 nomaso,
1229 1249 1235 1262 .
1284 1249 1290 1262 .
1501 1248 1507 1262 .
1603 1249 1609 1260 .

1033 1254 1078 1306 tos
1093 1249 1193 1317 salvet,
1206 1250 1236 1305 Sr
1245 1266 1333 1318 enum,
1342 1250 1859 1315 iratresmer,Dommusuosternun·

191 1341 270 1397 lliscit
284 1343 360 1398 iesus
375 1341 519 1413 discipulis
534 1344 610 1398 slsis:
632 1343 756 1412 l'ipilote,
773 1344 843 1414 puio
866 1342 980 1397 nescitis
1035 1355 1123 1411 quam
1131 1338 1315 1411 adjudicium
1322 1342 1400 1395 esset
1409 1339 1859 1415 venturus,neeunicuiquepro

158 1447 213 1502 qua
226 1431 294 1486 loro
307 1432 438 1487 Dominus
452 1439 538 1487 vester
547 1439 676 1487 venatores
691 1433 728 1487 sit
740 1433 848 1501 (Mutila
866 1433 942 1498 xxiv)
952 1435 981 1486 et
1035 1427 1858 1503 meritisredditurus‚nonessetnobisvigilsndum.Nuns

158 1518 280 1591 reliquo.
298 1519 367 1575 Pius
382 1520 524 1575 Dominus
538 1524 566 1575 et
576 1521 868 1592 Redemptornoster,
879 1520 981 1575 iratres
1033 1534 1101 1573 varo
1117 1516 1186 1589 quia
1200 1521 1279 1573 certo
1296 1517 1403 1574 certius
1419 1518 1454 1573 ad
1466 1517 1670 1590 J'udicandum
1688 1519 1799 1585 veniet,
1815 1537 1859 1595 ne

157 1606 336 1676 charissimi,
352 1610 465 1665 malens
479 1608 608 1666 invenire
624 1611 652 1664 in
670 1611 755 1666 nobis
770 1611 848 1682 quod
863 1613 982 1666 coronet
1035 1608 1162 1663 cessario
1177 1611 1222 1663 est
1236 1607 1417 1680 vigilandum
1434 1607 1528 1664 nobis·
1550 1608 1693 1680 Elquere
1723 1606 1859 1682 semper?

157 1713 247 1770 quam
258 1698 386 1766 damnet,
403 1698 431 1754 in
442 1698 496 1755 bae
507 1699 600 1755 sancti
612 1698 759 1772 Evangelii
770 1697 981 1768 lectione,som-
1035 1699 1102 1768 quio
1114 1698 1226 1753 nescitis
1241 1714 1294 1768 quo
1309 1698 1377 1753 lioro
1389 1704 1518 1752 irmionis
1536 1699 1583 1754 sit.
1606 1698 1634 1753 Si
1661 1698 1744 1755 enim
1771 1699 1860 1756 deter-

157 1785 318 1844 nolentiam
334 1793 462 1843 nostram
480 1789 591 1844 curavit
618 1788 751 1844 excitare.
783 1787 862 1844 Facit
889 1787 980 1861 igitur
1036 1785 1147 1842 minata
1161 1791 1238 1841 esset
1253 1786 1338 1842 nobis
1354 1785 1436 1854 hora,
1453 1803 1512 1859 qua
1526 1786 1588 1859 ipse
1616 1790 1763 1844 venturus
1778 1793 1859 1856 esset,

159 1879 294 1949 quatuor,
313 1876 454 1941 Primum,
471 1876 604 1933 hortatur
618 1894 671 1933 noa
686 1877 721 1932 ed
735 1876 979 1950 vigilandumSe·
1033 1891 1189 1948 possemus
1204 1874 1362 1946 aliquando
1376 1874 1514 1940 dormire,
1530 1878 1558 1931 et
1572 1880 1642 1932 tune
1660 1880 1782 1934 tautum
1796 1877 1860 1951 vigi-

157 1966 262 2034 cundo,
275 1966 456 2021 demonstrat
471 1983 562 2038 quare
577 1966 614 2022 sit
630 1966 713 2022 nobis
729 1983 845 2038 semper
857 1965 980 2039 vigilan·
1034 1961 1094 2018 lare
1110 1963 1227 2034 quando
1242 1961 1385 2018 sciremus
1399 1978 1466 2019 eum
1482 1965 1649 2018 venturum.
1668 1963 1794 2037 Propter
1811 1965 1861 2021 boe

157 2054 238 2110 dum.
254 2053 360 2121 Tertio,
376 2055 505 2110 ostendit
520 2055 570 2127 qui
587 2055 730 2127 precipue
745 2060 774 2110 at
788 2058 889 2112 contra
904 2070 979 2126 quos
1034 2051 1347 2123 ergovoluitllominus
1359 2068 1411 2107 nos
1420 2051 1555 2125 ignorare
1564 2052 1640 2108 diem
1651 2054 1857 2122 adventussui

158 2142 284 2199 debeant
297 2143 427 2216 vigilare.
445 2146 563 2210 Quarto,
580 2144 806 2216 dicitpastorem
823 2144 978 2216 benevigi-
1034 2144 1067 2196 ut
1081 2157 1148 2197 eum
1164 2156 1280 2213 semper
1290 2141 1415 2211 jamJ'am
1430 2144 1586 2197 venturum
1610 2146 1858 2215 exspectaremus,

157 2229 267 2287 lentem
282 2248 346 2288 esse
361 2231 479 2304 quidem
495 2250 605 2301 rarum,
618 2234 668 2288 sed
680 2235 808 2289 beatum.
821 2233 914 2288 Primo
927 2233 979 2305 igi-

154 2322 266 2375 turnos
276 2318 411 2376 bortatur
421 2320 457 2377 ad
470 2321 662 2395 vigilandum,
677 2338 743 2377 cum
759 2322 838 2390 dicit,
851 2320 977 2392 vigitate.

156 2407 244 2465 Porro
255 2407 492 2482 sicutestvigilia
504 2410 664 2482 corporalis
681 2409 846 2483 vigilamus,
860 2410 978 2482 quando

156 2495 978 2573 exteriorhomonoster,apertisoculiscorporis,exterio-

155 2603 188 2642 ra
196 2587 978 2662 suacustodii,itaspiritualitervigilamus‚quandoin-

154 2675 246 2732 terior
259 2675 347 2733 bomo
359 2681 457 2733 noster
471 2679 579 2752 apertis
594 2676 698 2745 ocelle,
716 2678 826 2735 ratione
840 2678 979 2734 interiora

156 2780 210 2821 sua
224 2765 363 2821 custodit.
381 2767 540 2841 Sicutergo
553 2768 653 2823 anima
666 2768 820 2840 pretiosior
847 2773 892 2824 est
915 2784 977 2824 eor·

154 2870 234 2926 pore,
249 2853 393 2929 itamagis
405 2855 586 2929 vigilandum
597 2861 641 2913 est
651 2873 703 2929 pro
713 2873 841 2930 osquam
853 2873 904 2929 pro
915 2873 979 2913 eor·

154 2958 325 3016 pore,quam
336 2945 406 3016 quia
417 2945 502 3001 multi
511 2947 620 3002 versuti
628 2946 738 3002 inimici
750 2947 882 3019 undique
893 2963 977 3002 assu-

154 3036 249 3100 munt,
266 3049 381 3107 semper
395 3034 597 3106 etundiqueei
611 3039 656 3091 est
666 3034 976 3108 vigilandumlnimiei

153 3120 205 3194 qui
219 3122 348 3178 animam
365 3127 496 3180 nostram
512 3129 737 3196 persequuntur,
750 3129 820 3181 sunt
830 3124 975 3192 diabolus,

1033 2234 1062 2285 et
1076 2229 1116 2286 ita
1127 2246 1242 2301 semper
1250 2227 1449 2302 vigilaremus,
1461 2234 1490 2285 et
1501 2229 1530 2285 in
1540 2230 1698 2287 adventum
1711 2233 1780 2305 ejus
1790 2250 1857 2289 sem·

1034 2336 1085 2391 per
1098 2324 1279 2392 pararemus.
1293 2319 1364 2374 ltem
1380 2318 1857 2393 probatquodvigilsredebeamus

1033 2411 1151 2480 sumpto
1166 2424 1183 2463 a
1199 2407 1305 2462 minori
1318 2413 1492 2480 argumento
1508 2425 1575 2464 cum
1590 2408 1694 2465 subdit
1709 2427 1716 2465 ε
1731 2411 1856 2468 illuden-

1033 2503 1091 2552 tem
1104 2498 1383 2570 scitotepuoniomsi
1388 2499 1568 2568 sciretpater
1573 2498 1709 2572 familias
1719 2501 1857 2574 quolam

1032 2585 1857 2665 serueniretvigilaretotipue,etnonsieeretperfodido

1033 2692 1111 2731 mum
1122 2692 1215 2733 suom.
1232 2678 1269 2732 Ac
1284 2676 1309 2732 εἰ
1326 2681 1425 2749 aperte
1439 2676 1518 2733 dicat
1534 2694 1540 2732 :
1558 2677 1585 2732 si
1602 2675 1713 2750 aliquis
1738 2680 1857 2752 pateris·

1033 2763 1130 2820 milies
1145 2765 1254 2821 timens
1268 2764 1361 2821 furem
1377 2769 1533 2822 venturum
1548 2765 1651 2839 vigilat
1678 2771 1709 2825 et
1732 2768 1858 2825 custodit

1033 2853 1153 2908 domum
1170 2857 1199 2909 et
1212 2870 1259 2909 rea
1278 2870 1348 2910 suas
1361 2852 1547 2926 temporales,
1564 2859 1676 2927 quanto
1699 2855 1798 2930 magis
1810 2874 1867 2932 vos,

1032 2958 1084 3014 pro
1099 2942 1255 2998 animabus
1270 2942 1374 2999 vestris
1389 2946 1416 2997 et
1426 2943 1581 2999 animabus
1591 2944 1676 3001 vobis
1691 2946 1858 3003 commissis

1031 3031 1151 3104 vigilare
1166 3032 1287 3087 debetis.
1304 3032 1385 3098 Quod
1396 3036 1497 3105 aperte
1506 3037 1636 3089 nostram
1647 3033 1856 3108 negligentiam

1032 3122 1138 3194 arguit,
1156 3120 1205 3193 qui
1222 3121 1251 3176 in
1268 3120 1466 3178 custodiendis
1482 3121 1569 3179 rebus
1583 3122 1803 3195 temporalibus
1813 3140 1857 3180 ne

153 3222 221 3267 earo
236 3215 264 3268 et
275 3214 414 3269 mundus.
432 3212 569 3269 Diabolus
599 3230 715 3287 semper
730 3215 815 3286 juxta
844 3231 900 3270 nox
921 3218 974 3284 est,
991 3200 1012 3266 C
1031 3210 1207 3276 stris‚rebus
1217 3209 1319 3282 utique
1329 3209 1473 3266 vilibuset
1483 3211 1576 3279 vanis,
1584 3210 1703 3268 solliciti
1715 3216 1744 3269 at
1755 3214 1856 3288 vigiles

153 3316 220 3356 saro
235 3299 323 3356 etiam
335 3301 364 3355 in
376 3301 462 3358 nobis
476 3305 529 3370 est,
542 3304 671 3359 mundus
687 3303 820 3377 undique
830 3308 859 3360 et
869 3304 978 3377 ubique
1032 3315 1137 3355 sumus
1153 3316 1160 3355 τ
1176 3298 1207 3355 in
1223 3299 1423 3356 custodiendis
1436 3316 1502 3356 vero
1518 3300 1677 3357 animabus
1694 3301 1868 3373 nostrisvcl

154 3387 231 3444 eirea
245 3405 298 3445 nos
313 3392 367 3445 est.
385 3390 419 3445 Hi
435 3391 526 3447 nostri
546 3391 657 3448 inimici
677 3408 729 3448 nos
758 3392 895 3449 assiliunt
909 3398 977 3450 ante
1031 3388 1256 3444 commissarum
1270 3388 1355 3445 nabis
1370 3405 1421 3461 Pia
1437 3389 1546 3461 quibas
1561 3394 1697 3446 mortuus
1712 3394 1759 3448 asi
1773 3390 1854 3449 Chri·

153 3479 184 3532 et
196 3480 283 3545 retro,
299 3494 317 3534 s
332 3478 440 3535 dextris
456 3484 484 3535 et
499 3496 516 3535 a
531 3480 668 3546 sinistris,
680 3481 836 3538 desursum
852 3486 881 3537 et
896 3482 976 3538 deor·
1030 3480 1102 3546 stus,
1119 3477 1300 3551 negligentes
1314 3481 1343 3534 et
1356 3476 1531 3534 somnolenti
1548 3495 1666 3535 sumus.
1683 3484 1798 3537 Domus
1809 3498 1854 3538 ne

152 3580 229 3622 sum.
245 3567 328 3632 Ante,
344 3572 539 3640 perapertam
555 3568 797 3642 persecutionem,
821 3575 896 3627 retro
924 3588 975 3643 per
1029 3570 1105 3623 strss
1121 3570 1252 3623 terrenas
1267 3583 1350 3622 mum
1366 3565 1593 3631 circumdamus,
1607 3571 1709 3640 portas
1724 3568 1814 3626 fortes
1828 3574 1853 3626 et

151 3652 307 3721 occultem,
325 3654 465 3712 adextris
482 3655 667 3728 blandiendo,
689 3675 706 3713 a
727 3658 856 3716 sinistris
879 3661 972 3716 detor·
1028 3656 1101 3712 bene
1112 3656 1262 3712 obseratas
1272 3656 1492 3724 constituimus,
1504 3657 1788 3732 custodemvigilare
1797 3675 1868 3733 mo,

150 3740 447 3813 nendosdesursum,
464 3761 518 3801 nos
537 3746 573 3801 ad
602 3745 756 3803 elationem
785 3748 970 3806 extollendo:
1027 3745 1851 3820 nemus:soddomumcordisnostriclendere,etportss

148 3830 296 3900 deorsum,
310 3848 363 3888 nos
374 3832 409 3889 ad
420 3833 651 3906 desperationem
664 3835 815 3892 trahendo.
827 3837 971 3895 Assiliunt
1025 3850 1166 3889 sensuam
1183 3838 1349 3891 nostrorum
1366 3833 1512 3899 obserata,
1528 3839 1557 3890 ai
1572 3835 1716 3892 raiioaam
1732 3836 1769 3891 ad
1780 3837 1851 3911 vigi·

146 3918 235 3976 etiam
251 3936 303 3994 per
317 3937 419 3978 omnes
430 3923 560 3994 corporis
571 3940 686 3993 sensus,
698 3929 839 3998 tanquam
851 3944 901 4000 par
911 3944 969 3983 om·
1025 3921 1146 3979 lantiam
1162 3923 1339 3996 negligimus
1348 3923 1481 3980 excitare.
1491 3922 1528 3980 Ut
1543 3922 1612 3996 quid
1625 3923 1702 3980 noca
1714 3926 1772 3981 nisi
1784 3926 1851 4000 quis

146 4024 198 4065 nea
213 4013 312 4082 portas
326 4010 467 4068 animam,
484 4013 610 4069 Tentant
624 4014 720 4070 visum
736 4031 788 4087 por
802 4014 925 4088 pulchra
941 4023 970 4074 et
1023 4011 1520 4086 plusdiligimustemporaliaquam
1527 4012 1694 4085 spiritualia
1703 4018 1734 4070 et
1743 4018 1851 4073 aterna

146 4096 403 4169 concupiscibilia3
420 4101 566 4169 auditum,
583 4120 634 4175 per
649 4103 748 4160 dulces
777 4104 918 4162 melodias
940 4111 968 4164 et
1023 4100 1109 4160 bona.

145 4183 290 4257 placentia
303 4187 409 4258 verba;
426 4194 556 4263 gustum,
575 4210 626 4265 per
637 4193 797 4265 exquisitos
812 4212 931 4269 sapores
940 4201 968 4252 et
1057 4192 1107 4247 Est
1117 4196 1214 4247 autem
1224 4192 1284 4246 boec
1295 4207 1363 4264 pars
1375 4190 1470 4259 tertia,
1484 4191 1514 4246 in
1529 4191 1721 4265 quamystiee
1732 4193 1849 4251 demon·

144 4272 653 4355 gulaeirritamenta;odoratum,per
663 4283 889 4340 meretricalium
901 4286 967 4342 odo-
1021 4283 1130 4336 stratur
1145 4278 1195 4351 qui
1210 4280 1588 4352 praecipueetcontraquem
1603 4281 1846 4355 debeatvigilare.

144 4363 365 4421 rum-lenocinia
376 4385 383 4434 ;
395 4371 505 4424 tactum
517 4386 569 4442 per
579 4371 906 4429 suaviumcontactuum
919 4375 966 4431 de·
1020 4367 1231 4424 Paterfamilias
1247 4368 1325 4423 enim
1340 4368 1395 4425 iste
1410 4368 1788 4441 estpastorecolesiastic'us
1799 4369 1848 4444 qui

143 4448 327 4511 luctamenta.
345 4456 400 4511 'lot
426 4462 454 4512 et
482 4460 573 4514 tantis
599 4460 715 4516 insidiis
742 4460 907 4536 intelligens
934 4481 965 4521 εε
1020 4458 1055 4513 ad
1070 4456 1164 4513 instar
1178 4457 1408 4529 patrisfamilias,
1424 4455 1558 4513 Ecclesia
1571 4462 1684 4530 aaaaai·
1703 4476 1769 4516 aaa]
1787 4476 1848 4516 aaa

143 4539 299 4600 Psalmista
312 4544 536 4617 circumdatum,
548 4547 695 4605 clamatu
714 4550 962 4608 lnimicimeiani·
978 4571 1003 4636 Ι)
1019 4545 1126 4618 rigans,
1138 4561 1242 4617 aassaaa
1257 4549 1286 4601 ai
1301 4561 1434 4617 pascens.
1444 4546 1502 4601 Fa?
1512 4551 1633 4604 V0P⁰0⁸i
1643 4545 1847 4621 diabolua,qui

142 4645 221 4686 mam
238 4649 333 4688 mcum
349 4633 605 4691 circumdederunt
633 4639 719 4706 (Psoi.
735 4642 804 4707 xvi.)
819 4661 833 4687 n
849 4640 961 4712 ltaque,
1018 4635 1096 4690 sicui
1112 4635 1158 4690 sur
1173 4634 1222 4707 qui
1239 4634 1368 4703 asurno,
1385 4635 1414 4690 id
1430 4639 1474 4691 ost
1489 4634 1613 4691 obscuro
1629 4635 1748 4705 dicitur,
1765 4640 1847 4694 tone·

141 4718 245 4777 tratres
261 4722 328 4788 mei,
345 4723 415 4795 quia
429 4740 545 4797 semper
559 4728 587 4780 et
603 4726 732 4798 undique
744 4726 962 4800 impugnamur,
1019 4723 1087 4779 bras
1103 4722 1207 4796 diligit,
1220 4722 1382 4780 claustrum
1398 4722 1532 4780 Ecclesia
1548 4741 1599 4797 per
1614 4723 1725 4781 malam
1742 4741 1848 4801 sugge-

140 4823 256 4879 somper
270 4815 299 4866 et
314 4812 444 4886 undique
458 4811 623 4886 vigilemus.
636 4814 853 4872 Sollicitudinem
864 4834 962 4875 rerum
1018 4811 1143 4868 ationem
1159 4811 1231 4867 ledit
1247 4812 1420 4884 animasque
1435 4813 1471 4868 de
1486 4813 1691 4869 communione
1708 4813 1846 4872 Ecclesia

138 4897 514 4968 temporaliumacordibus
525 4901 632 4958 nostris
643 4904 879 4971 excludamus,ut
893 4924 963 4979 quo·
1017 4901 1103 4973 rapit,
1115 4902 1218 4971 ltaque
1234 4900 1258 4957 Si
1275 4905 1375 4973 988ῑοΓ
1388 4900 1605 4957 0⁰⁰ia³ia³iiaaa
1632 4901 1731 4969 saiwi,
1749 4903 1779 4958 id
1802 4907 1847 4961 aai

139 4983 210 5039 tidie
226 4987 329 5041 animae
346 4996 450 5044 nostrae
467 4992 616 5047 valeamus
632 4992 727 5064 magis
740 5010 852 5049 vacare,
879 4995 961 5069 Legi.
1016 4993 1131 5061 saperet
1146 4994 1174 5044 et
1188 4987 1374 5062 intelligeret,
1392 4990 1520 5060 vigilaret
1532 4992 1627 5063 utiquc
1641 5006 1696 5063 qvo
1712 4991 1783 5047 bora
1795 4994 1847 5065 fur

139 5087 206 5127 mus
230 5073 259 5127 in
274 5076 445 5149 Apocalypsi
463 5081 539 5151 quod
557 5086 657 5136 sancta
672 5105 686 5132 o
713 5082 853 5139 animalia
879 5089 962 5141 erant
1015 5080 1128 5146 veniret,
1146 5077 1174 5132 id
1190 5081 1244 5143 est,
1261 5076 1303 5133 sic
1315 5094 1429 5151 semper
1437 5077 1571 5151 vigilaret
1581 5094 1669 5151 super
1679 5079 1845 5138 Ecclesiam

138 5159 225 5232 plena
240 5163 333 5219 ocutis
349 5171 455 5222 anteat
468 5173 543 5224 retro
558 5173 647 5241 (Apte.
665 5170 713 5243 1v‚)
731 5195 744 5220 n
760 5171 819 5228 imo
845 5178 877 5228 ut
891 5175 960 5230 Eze-
1013 5167 1071 5223 sibi
1082 5165 1282 5234 commissam,
1295 5167 1372 5238 quod
1388 5164 1523 5223 diabolus
1536 5167 1656 5223 veniens
1667 5184 1725 5223 non
1742 5173 1845 5241 posset

138 5248 213 5305 cbiel
224 5250 310 5307 dicit:
324 5275 337 5301 «
349 5255 454 5310 Totum
466 5272 681 5329 corpuseopum
692 5265 754 5315 erat
763 5260 883 5333 plenum
894 5279 959 5319 000.
1014 5274 1078 5313 eam
1095 5256 1224 5312 invenire
1239 5254 1296 5311 nisi
1306 5253 1485 5326 vigilantem,
1496 5258 1525 5311 et
1535 5255 1575 5311 ita
1587 5272 1645 5312 non
1657 5256 1767 5313 sineret
1775 5274 1845 5330 per·

136 5336 174 5394 lis
188 5339 294 5412 (Erech.
310 5342 339 5413 ι.)
356 5364 369 5391 s
386 5344 529 5409 Quoniam
542 5348 615 5417 justi
646 5347 687 5403 nil
702 5349 765 5404 sine
780 5350 959 5426 circumspe·
1014 5346 1073 5402 lodi
1089 5345 1209 5401 domum
1226 5360 1321 5398 snam.
1338 5342 1559 5400 Moralitervero
1571 5344 1785 5416 paterfamilias
1796 5351 1843 5403 est

137 5427 232 5485 ctione
246 5429 423 5501 isciunt,sed
433 5434 469 5489 ad
486 5435 692 5494 custodiendas
702 5440 862 5496 anteriores
872 5445 901 5496 ot
911 5458 959 5513 po
1013 5434 1140 5500 animus,
1157 5432 1206 5506 qai
1222 5432 1259 5488 ad
1271 5431 1364 5487 istaista
1378 5431 1601 5504 patrisfamilias
1616 5433 1703 5490 dabai
1714 5449 1843 5507 aaaaaaa

136 5516 283 5587 steriores‚
300 5519 358 5577 imo
369 5538 472 5579 omnes
485 5523 547 5579 vita
560 5541 618 5579 sus
633 5531 738 5596 partes,
751 5527 958 5587 oeulosoordis
1012 5524 1042 5580 in
1062 5520 1229 5579 habitaculo
1248 5519 1370 5576 humani
1386 5520 1527 5593 corporis,
1541 5520 1627 5579 noxia
1644 5523 1785 5592 cavendo,
1811 5526 1842 5580 et

134 5606 182 5688 sui
192 5606 546 5693 circumflectunt'lniqui
555 5628 622 5671 vero
633 5629 735 5671 omnes
745 5616 812 5673 caci
823 5617 957 5691 suntqui
1010 5612 1095 5672 utilia
1109 5607 1294 5689 providendo.
1306 5609 1366 5669 Eur
1379 5626 1446 5668 vero
1462 5614 1600 5673 estnon
1613 5611 1758 5691 eorporis,
1769 5612 1842 5692 quia
