3816 6006
157 258 217 331 {127
317 307 322 314 .
419 255 751 320 announcement
774 256 1597 328 anenno.11.-.ttonun.olossnntosacae.
1798 259 1859 329 iffi

160 391 255 449 dentis
265 389 537 460 hostisnecessitas‚
547 388 980 447 interduminvadeadihostem
994 391 1194 462 Amictorium
1210 397 1346 465 paratum
1361 392 1418 449 sibi
1432 392 1573 466 oppidum
1589 391 1691 449 adesse
1706 392 1786 460 dicit,
1811 394 1858 449 vix

159 480 294 537 uoluntas
309 478 524 553 compulerunt.
539 480 692 536 Enimuero
708 497 796 553 rupes
819 496 881 551 qun
906 479 978 534 lloa-
1035 480 1152 536 initium
1168 480 1299 552 parandi.
1318 481 1338 536 0
1355 480 1451 536 laudis
1468 479 1569 557 aanor!
1586 498 1602 537 o
1618 480 1757 537 audacia!
1774 499 1790 538 o
1814 486 1856 539 tc-

161 570 265 626 mundi
281 570 454 625 imminebat
469 568 582 637 castris,
601 567 980 624 licotaditndilticitlimnii-
1036 566 1173 626 menits!
1191 570 1345 624 adcelera
1361 569 1857 636 raimtc‚Tancred2c‚atrenuumdi·

160 674 204 725 sa,
230 663 328 715 maren
352 663 398 714 est
417 657 530 726 Turcis,
547 656 577 713 in
593 674 681 730 quam
697 675 715 713 a
730 660 828 713 monto
842 657 878 711 ad
895 656 982 730 sagit·
1034 656 1138 726 xerim,
1151 657 1198 715 hic
1212 658 1419 722 temerarium:
1436 659 1473 716 ad
1489 662 1592 717 cetera
1607 661 1800 724 constantem,
1810 659 1858 716 hic

159 745 284 803 anaim
299 747 519 817 descenderent,
535 749 717 820 opportuna;
742 745 842 817 sicque
867 748 982 817 peracta
1035 745 1225 820 pertinacem.
1241 746 1332 803 Casus
1346 750 1465 802 caeteros
1473 751 1524 803 aut
1531 744 1586 807 loni
1595 747 1797 813 commoditas.
1807 752 1859 809 ant

161 835 248 905 cede,
265 835 379 897 levibus
392 835 482 891 armis
497 836 534 892 ad
550 834 921 908 murospatercrelnginm,
931 833 980 889 ubi
1036 850 1104 906 spes
1118 834 1254 901 subsidii,
1271 840 1322 892 aut
1336 835 1630 902 necessitasirruens,
1640 835 1859 907 autsiquaalia

161 923 348 999 sequentinm
361 922 928 999 mavinnnllaminvenirentnscensum.
938 923 981 982 nd
1036 923 1173 995 prudenti
1188 923 1295 980 semita
1309 927 1397 995 patet,
1414 921 1517 981 habuit
1529 939 1686 980 excusare:
1703 922 1781 981 bunc
1805 941 1858 992 aa·

161 1007 291 1091 biserga
307 1013 508 1073 resistendum
528 1011 713 1080 incursibus,
733 1011 868 1078 tumulus
892 1029 983 1084 supra
1036 1015 1095 1069 tem
1120 1011 1296 1068 temeritatis
1320 1011 1419 1067 omnia
1442 1015 1588 1087 arguunt;
1605 1012 1857 1084 parietinarum,

162 1101 326 1162 Boamundi
342 1117 447 1176 rupem
458 1118 543 1157 muro
565 1100 701 1177 cingitur,
726 1101 858 1175 Hugonis
882 1101 980 1177 magni
1035 1104 1187 1174 grassator
1201 1100 1350 1165 robustus,
1366 1099 1570 1172 propinquitas
1581 1099 1722 1169 bostium,
1736 1102 1858 1163 remotio

160 1189 272 1251 cirinus
286 1189 406 1251 tuendo,
422 1190 510 1253 Porro
524 1189 657 1247 Borcalcs
672 1190 737 1247 dua
752 1190 900 1246 etlundcre
910 1190 983 1248 'lur-
1037 1188 1202 1250 sociorum:
1219 1193 1323 1244 oaetera
1344 1193 1377 1244 ut
1402 1187 1542 1261 aspirent,
1567 1191 1665 1261 forfar
1687 1190 1858 1250 transvada-

161 1295 211 1336 cos
226 1282 437 1339 consueverant
450 1282 550 1357 porte,
566 1278 751 1362 cistransque
766 1279 887 1338 [lunium
899 1296 982 1337 exor-
1036 1281 1095 1345 tus,
1112 1277 1246 1334 subsidia
1260 1277 1414 1351 disjungit,
1423 1277 1691 1350 enimverosiqnod
1698 1278 1858 1345 absitTur-

161 1367 339 1435 citus-nostri
350 1365 590 1440 damnopniula:
609 1384 733 1441 quarum
749 1368 913 1431 citeriorem
924 1368 983 1429 dux
1037 1382 1139 1423 corum
1152 1364 1242 1424 armis
1257 1365 1859 1432 traditussuccumberes‚velociusinnen-

161 1455 336 1520 God‘oliidus
351 1456 535 1538 aggrediens,
547 1457 825 1530 egressumtandom
834 1456 980 1514 cohibuit:
1036 1456 1096 1510 tres
1111 1451 1240 1510 hostium
1253 1453 1412 1511 transisses
1427 1457 1537 1521 noctus,
1553 1471 1642 1527 quam
1659 1455 1696 1510 ad
1706 1455 1800 1521 socias
1811 1472 1861 1521 au·

162 1543 258 1620 primo
272 1549 370 1607 tomen
387 1561 546 1622 congressu
562 1546 716 1611 Guarnerii
726 1545 984 1607 marchionisnece
1037 1558 1084 1597 ros
1098 1544 1211 1615 captus.
1228 1542 1328 1598 Manes
1343 1545 1457 1611 tamcn;
1475 1560 1720 1618 manespugnas,
1730 1543 1860 1613 obsides,

162 1633 984 1710 desolatus.dtremotiorperpontemcontigunmtrans·
1038 1635 1153 1704 portam
1169 1630 1278 1695 munis.
1295 1636 1410 1704 portam
1425 1631 1534 1704 quatis,
1551 1648 1629 1688 nunc
1643 1637 1673 1689 tu
1703 1632 1857 1702 hosticam,

162 1725 286 1787 tundere
300 1723 400 1781 hastos
415 1722 512 1793 solita,
527 1723 693 1791 Raimuado
709 1723 807 1796 comiti
824 1722 918 1796 placet
932 1724 984 1781 ob·
1040 1736 1096 1775 nuc
1111 1719 1205 1777 hostis
1222 1724 1313 1776 taam,
1331 1721 1422 1777 Totus
1436 1720 1572 1788 occidens
1587 1725 1715 1794 quantus
1730 1726 1860 1794 quantus

162 1814 323 1880 struenda:
349 1829 417 1871 nam
433 1811 540 1870 castris
552 1830 643 1868 vacua
663 1812 820 1885 spatiosior
835 1817 917 1869 trans
931 1813 986 1868 llu-

163 1919 231 1959 men
245 1900 393 1975 planities,
407 1900 987 1974 laxioresvagantiTurcoindalscratha·

162 1991 263 2061 bonas.
273 1990 340 2064 ideo
349 1991 568 2067 supernatantis
577 1990 984 2064 febrienponstrojectusest,

164 2082 249 2164 cujus
265 2081 390 2151 intextas
405 2080 503 2149 trabes
519 2069 986 2152 subjectarumnariumonussu·

163 2170 296 2243 perjectas
313 2171 584 2238 cratespnerarent.
602 2167 772 2241 liacitaque
781 2169 986 2247 riparumcon·

163 2257 289 2325 tinuatio
304 2257 512 2328 transmeando
527 2256 607 2313 alveo
622 2258 763 2327 serviens,
788 2258 823 2315 ad
850 2256 986 2323 inhiben-

163 2346 237 2415 (inm¹
250 2345 424 2433 supradicta
441 2350 530 2420 portae
540 2361 691 2420 egressum
701 2345 836 2407 comitem
844 2347 984 2403 traduxit.

163 2436 282 2517 Adiuvit
296 2439 398 2505 autem,
411 2435 474 2507 ipse
488 2433 544 2491 toci
560 2432 637 2496 utus
651 2435 848 2503 obsessorem,
860 2436 986 2496 obsidio-

163 2525 211 2582 nis
227 2525 378 2593 tlrmnndae
394 2521 475 2593 utilis
491 2530 669 2601 cooperator.
686 2525 856 2582 Excreverat
868 2525 983 2583 enimin

164 2613 267 2683 collem
284 2613 433 2680 modicum
449 2607 648 2685 tellus'cujus
660 2612 762 2669 vertici
778 2613 879 2672 lanum
908 2618 986 2688 quod

163 2702 250 2781 vulgo
264 2701 510 2769 Mnbummariam
525 2706 639 2769 vocant,
657 2717 777 2765 saxeum
794 2704 983 2775 supersebat:

64 2797 68 2800 ’
165 2792 220 2858 hoc
234 2790 342 2849 iluviali
358 2794 447 2869 portae
464 2793 492 2846 et
500 2788 703 2864 appositumet
711 2788 839 2847 vicinum
850 2796 986 2864 opportu-

165 2880 256 2946 nitate
269 2897 323 2947 sna
339 2878 475 2946 comitem
491 2878 631 2946 invitavit.
648 2879 751 2937 Comes
766 2897 833 2946 vero
848 2898 912 2954 qnae
941 2897 986 2941 re-

166 2971 284 3037 stabant
298 2966 455 3037 munimini
472 2971 636 3032 castrorum
651 2968 796 3042 supplevit
804 2960 920 3026 cetera:
932 2971 987 3039 ios·

166 3076 230 3126 sam
245 3056 379 3125 videlicet
393 3056 610 3131 percircuitum
619 3056 736 3119 ductam
746 3063 808 3115 tum
818 3076 877 3117 suaa
887 3076 987 3121 conca·

1041 1812 1095 1875 est,
1112 1807 1142 1862 in
1159 1812 1225 1867 ortu
1240 1813 1369 1884 pugnnt;
1385 1813 1417 1870 tu
1433 1808 1513 1868 solus
1527 1809 1564 1865 nd
1588 1826 1737 1880 occasmn¹
1760 1809 1862 1882 paneis

1041 1896 1291 1954 commilitonibus
1307 1898 1429 1970 gaudes,
1440 1899 1491 1956 sod
1503 1899 1645 1964 sortibus:
1659 1899 1862 1974 praescriptum

1041 1985 1119 2044 euim
1136 1985 1209 2043 illud
1230 1986 1385 2043 munimen
1407 1986 1478 2044 satis
1504 1991 1618 2052 anctum
1641 1987 1864 2057 multitudinem

1040 2091 1098 2131 non
1114 2073 1297 2144 admittebat,
1314 2092 1422 2147 paucos
1437 2076 1483 2131 rix
1498 2076 1626 2150 capiens.

1042 2181 1087 2237 Ll.
1103 2213 1138 2223 -
1154 2181 1305 2238 Tencrnlua
1319 2184 1372 2237 700
1389 2184 1486 2240 Τανιτοε
1501 2183 1536 2240 od
1550 2184 1733 2255 ermenradam
1745 2200 1864 2287 egressos

1412 2272 1490 2329 delet.

1076 2359 1195 2416 Studuit
1210 2377 1337 2434 nuncque
1350 2362 1444 2434 primo
1461 2365 1534 2420 atad
1544 2363 1864 2442 initiamredeam,rem

1041 2448 1116 2504 clam
1133 2465 1232 2522 gerere
1248 2451 1426 2517 tancredus,
1442 2456 1587 2524 quatenns
1603 2452 1705 2510 lateret
1719 2454 1797 2511 cives
1811 2455 1863 2527 qui

1041 2537 1122 2594 nullo
1138 2537 1198 2596 sole
1213 2538 1391 2607 intermisso,
1407 2541 1437 2598 in
1454 2547 1568 2613 partem
1582 2541 1662 2598 illam
1677 2543 1774 2617 egredi
1796 2543 1864 2600 her·

1041 2628 1094 2682 baa
1118 2627 1245 2683 messuri
1271 2635 1500 2688 consueverant:
1526 2630 1595 2687 inde
1620 2632 1673 2688 tacit
1692 2632 1769 2705 quod
1785 2631 1863 2689 clau

1041 2719 1135 2773 strum
1152 2715 1225 2771 iilud
1240 2716 1331 2775 subiit
1348 2722 1528 2778 nocturnus:
1546 2718 1588 2775 illi
1605 2737 1672 2776 vero
1686 2721 1861 2794 nocuoque

1042 2803 1172 2876 auspicio
1188 2805 1216 2860 in
1234 2805 1310 2863 bano
1325 2805 1421 2879 ipsam
1436 2807 1637 2880 suspicionem
1651 2810 1743 2877 ducti,
1767 2810 1862 2883 primo

1040 2893 1088 2949 din
1102 2910 1211 2965 paucos
1226 2892 1335 2966 ipsese
1351 2894 1436 2968 lange
1447 2897 1586 2961 emittunt
1596 2915 1750 2966 messores,
1761 2903 1863 2972 quate·

1042 2999 1098 3038 nus
1113 2982 1168 3039 boc
1183 2988 1293 3055 pateret
1309 2984 1453 3051 examine,
1469 2986 1494 3042 si
1510 3003 1600 3047 novas
1615 2987 1771 3044 formidare
1790 2988 1862 3045 insi-

1041 3070 1105 3135 dias
1121 3071 1310 3131 debuissent:
1327 3088 1385 3143 quo
1399 3073 1473 3138 viso,
1488 3075 1581 3133 nostri
1597 3092 1664 3131 mox
1679 3092 1711 3133 se
1739 3077 1861 3141 abscon·

164 3147 266 3216 vilati&
277 3146 478 3233 (leittfflsfflltss,
493 3149 556 3212 lull)
573 3145 688 3218 electuli
704 3147 820 3228 aggeris
840 3148 984 3209 arduitate
1000 3142 1021 3213 C
1041 3160 1125 3228 dunt,
1142 3176 1194 3217 neo
1210 3161 1269 3215 exit
1284 3160 1442 3233 quispiam.
1459 3163 1593 3220 Redeunt
1603 3163 1701 3237 itaque
1711 3164 1798 3229 'larci
1809 3165 1861 3237 qui

164 3237 254 3306 robur
268 3234 389 3321 duplex:
401 3249 489 3307 anper
499 3233 579 3290 hunc
589 3250 705 3308 quoqne
717 3235 858 3292 fundatus
868 3243 912 3292 est
922 3254 985 3294 mu-

163 3324 252 3395 rusia
264 3321 442 3390 sebumilis:
455 3323 505 3381 sed
520 3323 626 3378 tutoris
636 3323 684 3379 sni
694 3323 817 3381 audacia
827 3326 982 3398 superbus.

163 3412 214 3476 iiis
224 3413 287 3486 jam
304 3409 398 3492 magis
411 3409 564 3487 magisque
578 3411 663 3467 'larci
676 3413 813 3476 coarmati
825 3402 982 3487 angustiis,

161 3500 301 3572 minuant
316 3499 415 3565 minus
430 3499 533 3555 ledere
549 3503 699 3572 poterant:
716 3501 824 3583 qnippe
839 3503 925 3561 salita
937 3521 984 3560 ua-

160 3588 250 3667 gandi
265 3587 383 3657 tinentia
397 3586 524 3654 sublata.
542 3587 680 3652 ltestabat
701 3591 799 3651 tamen
823 3590 854 3647 in
878 3608 982 3651 occasa

160 3681 245 3752 porta
260 3675 476 3743 aduocandum
492 3676 605 3743 efficax,
620 3677 656 3732 ad
672 3676 866 3743 obsidendum
879 3680 983 3738 diffici-

1038 3249 1168 3305 exiorant
1182 3249 1260 3306 intra
1275 3249 1861 3319 minoia,nullaturbntiarmornmincur·

1038 3354 1092 3395 aa:
1109 3336 1246 3394 similiter
1261 3337 1307 3395 die
1322 3343 1438 3411 postera
1449 3345 1566 3408 exeunt,
1582 3342 1633 3398 sed
1649 3346 1679 3397 et
1692 3341 1802 3415 moros,
1832 3345 1860 3399 et

1037 3431 1132 3485 castro
1147 3427 1288 3499 propins;
1305 3428 1412 3487 lecerat
1427 3445 1477 3486 eos
1489 3430 1552 3500 jam
1577 3430 1699 3487 tutiores
1724 3430 1787 3487 dios
1810 3430 1859 3487 be-

1037 3519 1223 3588 eternaque
1238 3517 1395 3575 transierat
1401 3517 1858 3592 tutaberbilegosincolumasdn·

1037 3621 1111 3670 cens,
1121 3621 1155 3661 nc
1170 3606 1323 3664 reducens.
1339 3607 1421 3668 Tunc
1434 3605 1857 3666 vix'l'ancrednsleonescobi

1036 3693 1096 3761 bet,
1107 3692 1178 3751 visis
1193 3709 1282 3766 prope
1297 3693 1399 3754 ovibus
1415 3698 1519 3756 astaco.
1538 3717 1553 3746 a
1568 3695 1728 3763 sustinete,
1749 3696 1855 3769 inquit,

160 3766 207 3825 ¹5⁸·
1035 3781 1134 3841 adhuc
1147 3781 1293 3840 modicam
1308 3783 1385 3841 haue
1398 3782 1554 3851 dieculam,
1570 3784 1623 3841 viri
1633 3785 1817 3853 sceleratores,
1825 3786 1855 3841 ni

355 3855 388 3911 L·
404 3887 438 3896 -
452 3853 606 3933 Disfifflllat
621 3855 780 3914 obsidionis.
1035 3870 1130 3938 fallor,
1146 3870 1253 3936 incidet
1268 3870 1299 3935 in
1313 3871 1387 3934 retia
1401 3876 1502 3930 nostra
1517 3873 1614 3946 preda
1628 3872 1755 3930 uberior.
1771 3895 1785 3924 a
1798 3873 1858 3930 Sic·

196 3943 386 4014 Obsidifflfflm
401 3943 504 4000 mediae
519 3944 672 4008 montisel
687 3944 819 4005 fluminis
838 3949 980 4022 angustie]
1035 3964 1069 4016 ut
1083 3960 1224 4033 previdit,
1239 3959 1281 4016 sic
1296 3959 1420 4019 accidit:
1436 3978 1506 4020 nam
1530 3961 1577 4019 bis
1598 3962 1664 4034 jam
1686 3967 1857 4035 praetentato

159 4032 370 4117 prohibebant:
387 4031 980 4105 eisdemclaustl'ls,dlielovddtlm,lllltlr0
1034 4048 1126 4117 aditu,
1152 4054 1181 4105 oi
1205 4048 1333 4112 biduana
1358 4049 1455 4111 herb&
1479 4055 1645 4111 sustentata
1660 4051 1794 4124 penuria,
1808 4051 1857 4107 die

159 4122 334 4190 desursum
350 4121 538 4196 negantibus,
555 4121 648 4197 ignari
664 4123 981 4188 adveneexcludeban·
1034 4138 1121 4196 tertia
1134 4137 1203 4194 aina
1217 4138 1273 4195 tuti
1289 4138 1487 4212 egrediuntur,
1504 4139 1573 4197 hinc
1596 4141 1708 4209 coacti;
1733 4145 1762 4196 a
1786 4141 1857 4214 quia

158 4215 220 4279 tur„
233 4211 318 4287 gnari
334 4209 477 4285 indigene
492 4211 773 4276 transvadabantur:
785 4213 978 4288 vitsslquaeud
1033 4225 1172 4301 propiora
1185 4225 1250 4282 urbi
1264 4229 1347 4299 prata
1362 4231 1565 4287 messuerant:
1583 4227 1702 4300 quiade
1730 4227 1857 4287 Franco-

158 4302 277 4376 portum
289 4298 443 4365 descendit
456 4298 655 4368 observantes,
663 4299 978 4381 Christianosanguine
1033 4332 1099 4378 rum
1117 4312 1272 4387 prasentia
1286 4314 1382 4372 adhue
1399 4315 1582 4383 assitebant,
1598 4320 1626 4373 et
1641 4315 1725 4373 multi
1737 4320 1854 4384 exeunt,

157 4389 325 4471 frequenter
339 4386 543 4461 aspergebant·
559 4386 660 4460 ltaque
675 4405 735 4450 nou
750 4391 807 4447 nisi
824 4392 854 4449 in
865 4395 935 4463 acie,
945 4412 978 4451 ea
999 4444 1003 4452 ·
1032 4410 1062 4460 et
1077 4404 1203 4461 Francos
1214 4407 1377 4463 transeunt.
1389 4404 1472 4463 Tunc
1481 4405 1576 4477 ruptis
1586 4404 1723 4462 claustris
1733 4390 1855 4466 lancae

155 4482 254 4536 tamen
269 4476 417 4546 interdum
434 4492 538 4549 perum
552 4479 625 4544 tuta,
643 4481 691 4532 aut
703 4495 720 4532 a
730 4483 816 4550 portu
826 4482 861 4536 ad
873 4484 1015 4579 exemi-D
1032 4493 1089 4551 dus
1104 4492 1229 4558 irruens,
1245 4491 1314 4564 quid
1329 4492 1783 4566 prudentiaeudaeiaquejnncln
1790 4510 1855 4567 pos·

154 4570 229 4638 ium,
245 4570 296 4624 tut
310 4565 348 4621 th
363 4564 488 4622 exercitu
501 4565 535 4620 ad
545 4569 974 4638 pontemtransmeareticebet,
1031 4585 1108 4650 sent,
1133 4580 1231 4639 subito
1255 4580 1400 4639 ostendit:
1427 4580 1477 4653 qni
1499 4580 1529 4638 in
1545 4582 1658 4639 medios
1673 4583 1851 4656 irrumpens,

154 4655 976 4730 tnntoperoobseratosegressusportauniusredimebat
1030 4674 1111 4727 tanto
1134 4668 1248 4726 avidius
1271 4667 1301 4725 in
1325 4685 1374 4729 ore
1396 4668 1487 4742 gladii
1511 4687 1614 4728 omnes
1629 4671 1775 4738 absorbet,
1792 4687 1851 4744 quo

153 4740 364 4815 lincolinliuic
373 4743 624 4812 malo'lancrcdus
633 4745 795 4802 remedium
804 4747 973 4819 invenisset,
1029 4759 1126 4822 acrius
1142 4774 1242 4822 eoru-na
1253 4756 1365 4815 viscora
1374 4761 1531 4825 torrentur,
1543 4758 1654 4830 quihus
1663 4763 1852 4815 sustentaeat

153 4832 231 4893 siout
257 4833 401 4919 posterior
425 4835 546 4888 eventus
572 4831 728 4889 indicavit:
754 4834 804 4895 sed
830 4837 975 4896 maenibus
1028 4847 1105 4904 inter
1119 4845 1224 4919 pocula
1237 4845 1302 4907 sitis
1318 4844 1463 4907 triduana.
1479 4846 1520 4904 Ne
1535 4845 1656 4920 longum
1669 4846 1787 4907 tanum:
1800 4863 1852 4903 on·

152 4920 282 4995 ΡΓΟΡῘΟΓ.
299 4921 415 5007 Primus
428 4920 532 4977 Turcifl
548 4919 683 4977 Obviabtt
698 4921 875 4985 furentibus.
898 4928 973 4992 Qua·
1029 4935 1072 4992 sis
1094 4932 1210 4992 circiter
1234 4933 1438 5008 septingentis,
1459 4950 1601 4994 cesorum
1616 4934 1714 5008 capita
1728 4935 1852 4992 Tenere

151 5012 270 5093 ΡΓΟΡῖθΙ·
290 5009 413 5087 ieiunus
437 5008 493 5064 sub
517 5007 578 5065 ⁵0¹⁰
602 5009 691 5078 ditm,
708 5016 822 5068 noctem
839 5015 895 5071 tub
910 5033 974 5074 rore
1028 5024 1085 5082 dus
1107 5026 1144 5080 70
1164 5023 1341 5096 Appodiensi
1355 5023 1529 5085 transmittit
1543 5024 1689 5098 episcopo,
1705 5024 1852 5083 decimam

151 5095 273 5173 peruigil
289 5096 490 5171 transigebat:
507 5115 585 5153 unus
598 5098 661 5172 ipso
676 5102 704 5154 ot
718 5100 814 5157 adhue
839 5104 973 5162 modicus
1027 5114 1063 5170 de
1087 5111 1255 5185 triumpho:
1282 5111 1391 5183 quibas
1415 5110 1531 5178 oblatis,
1555 5111 1710 5186 episcopua
1733 5111 1851 5185 gemino

150 5184 244 5245 ῑθῑῑΰθ
259 5183 328 5239 belli
344 5185 677 5252 fluslissssbstioessurffiffl·
687 5186 971 5264 Ttssl⁰dessiqueviri
1027 5199 1195 5275 percellitur
1210 5199 1328 5274 gaudio.
1343 5199 1418 5263 lum
1435 5200 1471 5258 de
1486 5199 1573 5258 amici
1588 5200 1718 5269 viatoria,
1735 5207 1801 5257 tum
1815 5201 1852 5256 de

149 5274 256 5341 sudore
271 5272 381 5346 repulsi
397 5273 507 5342 hostes,
518 5275 580 5347 jam
595 5274 737 5334 lacessere
745 5278 904 5352 desistunt,
913 5286 973 5340 tur·
1027 5289 1083 5348 sibi
1100 5288 1243 5362 impensis
1257 5287 1287 5343 in
1303 5285 1476 5360 allegatione
1492 5289 1623 5347 muneris
1633 5289 1742 5346 honore
1752 5293 1782 5344 et
1790 5287 1851 5362 glo

147 5359 230 5423 ribus
253 5365 282 5423 et
305 5359 438 5423 latibulis
462 5362 599 5418 conteuti.
624 5366 671 5430 At,
688 5363 814 5438 inquies,
830 5369 970 5429 Tancredi
1025 5377 1078 5438 ria.
1106 5377 1214 5444 [todem
1240 5375 1339 5448 itaque
1366 5381 1536 5438 remunerat
1558 5377 1698 5435 victorem
1723 5393 1848 5439 numero

150 5448 274 5508 audacia
287 5449 324 5508 ab
338 5449 450 5507 domito
460 5454 526 5506 ortu
538 5451 616 5508 illico
626 5451 662 5507 ad
674 5452 852 5515 indomitum
864 5477 895 5517 se
905 5478 971 5517 can·
1025 5465 1223 5533 marcharum,
1240 5467 1312 5537 quot
1325 5467 1354 5519 et
1368 5463 1432 5537 ipso
1446 5465 1847 5524 donatuslueratcervicibus

143 5539 393 5613 semitonorum,
408 5538 468 5598 illic
481 5539 511 5598 in
527 5555 650 5601 occursu
670 5541 802 5607 noanon
822 5546 974 5618 inventare
1023 5558 1253 5636 peremptorum.
1268 5552 1439 5615 naam·
1450 5568 1485 5615 oo
1499 5553 1631 5616 matun
1642 5555 1846 5634 ennunpore
