3816 6006
161 242 239 315 lm
295 236 476 308 mutatui
490 235 576 302 08'1'.
591 231 715 298 sulse.
730 231 793 296 ΕΡ.
809 229 1163 298 adnotandam.
1181 233 1213 299 S.
1229 233 1404 300 omnum
1425 233 1731 302 amanteum.
1791 233 1864 300 m

195 382 258 442 Lib.
274 397 320 437 av.
334 402 349 431 a
364 375 419 446 oni
432 376 503 432 sunt
517 369 559 426 illi
574 370 624 442 qui
635 369 787 424 remanent
802 366 837 422 nd
852 367 983 423 sarcinas
998 369 1023 433 Α
1074 367 1168 423 Gorlox
1195 368 1313 441 quidem
1349 369 1566 427 Lambethunus
1593 369 1706 427 nullius
1737 368 1865 426 auctoris

160 473 300 547 compede
315 458 622 542 copulationisuaoria
636 455 762 514 devincti
771 456 847 512 taisi
864 455 983 528 quidam
1038 474 1144 512 nornen
1159 458 1331 530 preferant
1347 460 1451 516 abbate
1459 463 1556 516 tamm
1566 461 1698 533 quodam
1710 459 1865 517 Pratellino

158 551 549 633 Christianaplebis,quibus
560 547 754 605 committitur
764 545 879 602 sarcina
889 551 984 601 custo·
1037 545 1236 620 conscriptum
1252 547 1342 605 luisse
1356 547 1553 623 opus.eaipso
1568 548 1700 623 epistolar
1714 564 1865 622 nuncupa·

159 653 272 711 diendo
287 647 371 722 legis,
388 646 482 702 torma
494 634 783 708 videlicet;simplicis
797 634 981 701 eruditionis,
1036 634 1117 690 toria
1133 635 1215 692 initio
1231 640 1354 693 constat.
1371 637 1550 695 Richardum
1561 639 1698 695 abbatem
1713 638 1809 695 luisse
1820 639 1864 694 do·

159 760 211 817 par
224 756 314 815 quam
330 735 466 810 procurat
487 727 628 786 familiam
654 741 749 782 suam.
766 724 829 780 Non
844 724 922 781 enim
937 728 983 780 est
1037 729 1082 781 eet
1097 725 1187 781 codex
1203 741 1258 782 ms.
1273 725 1302 781 in
1319 728 1497 784 monasterio
1513 726 1670 785 Pratellino
1681 734 1864 795 serenatum

157 848 252 908 parva
267 824 374 892 laudis,
389 819 539 878 hominem
555 815 663 871 habere
677 812 832 885 conjugem
848 811 910 867 suis
926 812 982 867 im·
1036 830 1051 870 e
1067 830 1124 887 quo
1135 814 1312 888 descriptam
1322 816 1517 888 praefatoriam
1531 816 1756 874 adAnselmum
1767 817 1865 890 episto

157 920 246 997 pariis
261 918 421 992 parentem,
432 914 460 966 et
472 907 547 964 filios
558 905 665 960 babere
675 901 809 959 subditos
819 900 981 973 disciplina
1035 902 1095 958 lam
1110 903 1305 961 Gerberonius
1320 903 1465 978 evulgavit
1484 906 1516 963 in
1541 923 1655 980 nupera
1669 922 1799 979 operum
1813 909 1862 962 An·

157 1005 313 1085 spirituali.
330 1002 384 1070 Qui
409 1012 477 1056 cum
499 993 645 1069 protunda
671 992 811 1064 mysteria
830 1007 980 1046 sacrorum
1036 992 1119 1048 selmi
1136 992 1272 1065 editione,
1285 1010 1351 1067 pag.
1368 996 1428 1051 451.
1441 994 1618 1052 Richardum
1634 995 1861 1069 deniqueistum

156 1099 375 1172 scripturarum
388 1090 424 1146 ob
440 1081 724 1155 tarditatemingcnii
737 1085 886 1153 nequeunt
897 1095 982 1152 pene·
1036 1081 1071 1137 de
1093 1080 1235 1139 Dumellis
1259 1099 1420 1157 cognomen
1450 1084 1573 1142 traxisse
1600 1085 1740 1141 iudicant
1766 1084 1861 1141 fratrer

155 1192 244 1259 trare,
259 1185 337 1242 circa
351 1177 515 1252 simplicem
537 1171 718 1229 intellectum
733 1168 860 1226 historiae
872 1170 979 1241 juben·
1034 1171 1262 1239 sammarthani,
1278 1176 1349 1229 tom.
1368 1172 1416 1245 1V,
1430 1190 1497 1248 pag.
1511 1175 1574 1231 756.

156 1280 207 1338 aar
215 1277 332 1348 degere.
350 1292 364 1322 a

156 1413 1860 1462 &Q

487 1565 910 1671 munaum
943 1567 1050 1666 DE
1081 1565 1522 1670 numanus

356 1777 631 1870 EPISTOLA
662 1775 733 1861 AD
762 1772 808 1861 S.
838 1771 1154 1864 ANSELMUM
1182 1773 1664 1866 CANTUARIENSEM

598 1955 840 2025 Commentarii
858 1955 913 2019 sui
933 1955 968 2018 in
989 1953 1144 2020 Genesim
1163 1954 1423 2038 nuncupatoria.

300 2134 383 2212 (Vide
406 2130 482 2191 inter
504 2123 651 2202 llpistolas
677 2124 706 2180 S.
732 2120 874 2190 unanimi,
901 2120 952 2177 lib.
976 2137 1016 2188 ιν,
1040 2137 1086 2193 ep.
1113 2121 1174 2190 102,
1200 2121 1378 2193 secretoria,
1402 2125 1425 2179 t.
1447 2121 1540 2193 Cblx,
1563 2122 1619 2181 ool.
1643 2125 1724 2197 251).

160 2271 1858 2337 Μ

872 2432 956 2480 auno
977 2431 1084 2481 0011]ss
1104 2433 1146 2479 Ιῦ

715 2549 1299 2764 lunantur

544 2864 1005 2978 OSTlENSlS
1073 2863 1476 2975 EPlSCOPl

870 3069 1144 3160 EPISTOLA

165 3298 169 3307 ·
198 3264 251 3336 ’ld
269 3261 453 3333 monachos
470 3254 668 3325 monasterti
683 3251 722 3320 S.
739 3252 878 3320 orientii
892 3250 1142 3328 turtunensis,
1156 3252 1197 3316 de
1216 3249 1395 3316 eoncordia
1413 3249 1504 3316 inter
1522 3250 1817 3341 archiepiscopum

528 3342 765 3413 auxitanensis
784 3342 940 3408 lleelesiae
959 3345 992 3408 et
1012 3339 1047 3408 S.
1067 3339 1209 3408 Orientii
1226 3338 1487 3410 monasterium.

453 3514 511 3586 tlte
523 3517 703 3581 mma,
716 3510 818 3569 clam.
834 3509 866 3567 de
881 3507 991 3581 t'ltqlise
1004 3506 1118 3577 d'Auclt,
1134 3510 1271 3574 meuses,
1286 3519 1320 3565 u·
1334 3505 1438 3580 partie,
1454 3522 1483 3581 p.
1496 3505 1557 3580 aa.)

191 3826 363 3892 laesarum,
376 3816 429 3879 Dei
444 3815 539 3893 qratia
548 3812 982 3888 Ostiensisepiscopus,aposto
996 3827 1020 3895 B
1035 3814 1211 3868 conventum
1236 3811 1265 3868 in
1294 3826 1471 3885 unoquoque
1499 3828 1576 3871 anno
1598 3810 1813 3889 congregabit:
1833 3816 1859 3873 ,a

155 3916 219 3978 line
231 3909 312 3974 aedis
326 3910 451 3987 legatus,
463 3904 607 3965 'fratribus
631 3900 802 3960 monasterii
816 3901 845 3958 S.
862 3899 983 3957 Orientii
1037 3901 1168 3957 actiones
1183 3900 1395 3957 omunstamin
1411 3900 1595 3977 presbyteros
1605 3900 1860 3975 quamineaterua

157 3989 982 4075 Auxitanenaiasalutemetgratameoncordiammaaima
1037 3988 1159 4047 clericos
1183 3987 1303 4046 omnino
1328 3988 1459 4047 remisit:
1485 3987 1604 4063 quodsi
1634 3988 1790 4053 comrade
1804 4008 1860 4051 em·

157 4091 379 4171 caparte'inter
405 4082 683 4146 reverendissimum
710 4079 864 4139 dominum
887 4079 982 4137 archi·
1038 4077 1126 4135 nibus
1140 4077 1244 4136 vestris
1268 4076 1398 4150 aliquam
1427 4094 1532 4137 novam
1557 4078 1808 4141 cousuetudinem
1820 4097 1863 4139 aa·

158 4172 330 4265 episcopum
342 4176 534 4242 Auxitauum,
559 4175 587 4230 et
612 4171 743 4246 priorem
767 4173 920 4239 vestrum;
937 4187 984 4226 se·
1037 4167 1138 4242 egerit,
1155 4165 1294 4225 dominus
1323 4167 1560 4243 archiepiscopus
1584 4183 1653 4228 aum
1682 4184 1718 4231 ω
1745 4169 1863 4231 minim,

158 4274 289 4334 eundum
302 4267 432 4345 gratiam
446 4267 475 4324 et
498 4259 730 4320 benevolentiam
756 4276 841 4316 suam
857 4258 984 4317 reddidit
1037 4255 1242 4330 participabit;
1259 4256 1309 4313 sed
1325 4260 1354 4313 et
1368 4257 1404 4314 de
1417 4256 1482 4331 ipso
1497 4256 1603 4315 comita
1614 4257 1694 4317 sicut
1707 4262 1739 4317 et
1754 4258 1862 4319 deaffu

156 4363 240 4424 vobis
252 4361 326 4438 ipae,
341 4361 371 4416 et
386 4373 417 4416 se
432 4355 468 4412 de
483 4356 585 4410 caetero
596 4347 808 4407 monasterium
818 4348 849 4405 S.
861 4347 983 4405 Orientii
1038 4345 1229 4418 querimoniis
1242 4344 1348 4403 vestris
1363 4345 1449 4403 laniet
1469 4347 1548 4420 quod
1563 4344 1687 4420 ,iustitia
1700 4346 1861 4411 dictaverit.

157 4450 232 4513 velle
246 4448 376 4526 dssigere,
387 4446 545 4510 bonomo.
560 4444 589 4499 et
603 4441 779 4505 ausmntare,
790 4435 984 4510 presentibus
1038 4434 1097 4491 Hoc
1113 4438 1210 4492 autem
1224 4434 1358 4502 fecimus,
1372 4434 1452 4493 salvo
1467 4434 1497 4492 in
1516 4432 1662 4497 omnibns
1680 4438 1755 4510 jura
1769 4453 1863 4499 naama

158 4539 304 4616 episeopis
318 4539 347 4596 et
361 4532 528 4602 abbatibus,
546 4529 577 4589 in
600 4525 756 4604 prasentia
779 4529 881 4582 nostra
905 4525 982 4598 apud
1036 4523 1102 4581 terii
1114 4524 1224 4596 vestri„
1240 4527 1270 4580 et
1285 4524 1396 4582 catoris
1408 4523 1535 4596 querelis
1547 4524 1665 4595 vestris,
1677 4526 1776 4591 donau
1784 4531 1861 4603 ungo

158 4629 319 4691 senonicas
344 4620 528 4698 repromisit;
553 4619 590 4678 ad
623 4613 837 4690 reparationem
867 4629 984 4687 quoque
1038 4610 1130 4669 abbas
1144 4612 1219 4670 hanc
1235 4612 1421 4672 concordiam
1436 4617 1515 4673 stare
1529 4615 1718 4675 ooacmaer‘rt.

159 4711 329 4777 menaderil
341 4708 430 4770 vestri
439 4722 534 4783 usque
544 4705 580 4763 ad
595 4702 697 4763 desem
708 4718 801 4761 annos
807 4701 983 4777 populorum
