3816 6006
66 265 145 334 ttt'l

626 266 911 332 nonium-1.
934 264 986 329 ltu
1006 263 1206 330 audeone.

1686 265 1764 334 lesu

57 404 115 470 tur
130 418 136 457 :
154 401 222 459 Cum
245 407 335 458 autem
356 401 413 459 dies
427 411 592 476 opportunus
607 402 757 459 occidisset.
767 402 818 458 Cui
836 418 886 474 op·
900 400 929 467 A
944 400 1078 471 Baptistae
1093 400 1123 454 in
1138 399 1220 456 disca
1238 398 1318 468 Ecce,
1335 399 1438 458 tratres
1453 399 1519 470 mei,
1532 400 1660 461 Herodes
1674 420 1708 461 ex
1723 405 1764 462 in·

65 495 220 565 portunus,
236 495 265 547 ct
288 492 324 547 ad
348 493 418 565 quid
444 493 646 564 opportunus?
673 491 827 548 llcrodiodi
852 492 887 546 ad

65 581 259 637 occidendum
273 582 427 649 loannem,
445 583 523 655 quod
549 587 615 637 ante
641 599 697 636 non
715 587 837 653 poterat.
854 583 888 637 Et

65 669 154 726 etiam
178 670 234 742 ipsi
259 672 373 739 Herodi,
391 671 441 743 qui
467 678 535 726 tunc
555 671 610 727 sibi
625 672 704 726 risus
720 674 764 726 cst
774 672 887 742 justam

64 758 172 814 habere
187 761 369 816 occasionem
385 760 535 816 occidendi
551 765 695 829 sanctum,
713 778 800 832 quarn
821 765 888 816 ante

65 865 123 904 non
139 848 275 905 habebat.
292 849 406 905 Herodes
420 851 523 905 nuudr's
537 852 582 905 sui
595 866 702 907 eructum
722 853 797 921 (ertit.
815 850 889 915 Quia

64 937 144 994 enim
169 938 296 994 Herodes
321 939 398 994 diem
419 940 525 994 natalis
549 939 719 1011 stringebat
744 939 886 1005 festivam,

63 1025 129 1083 ideo
144 1027 250 1083 meruit
265 1033 389 1084 mortem
404 1028 510 1084 babere
525 1028 690 1102 lugubrem.
709 1030 739 1084 ln
754 1028 799 1085 die
809 1029 888 1084 enim

64 1115 172 1172 natalis
188 1116 290 1183 nostri,
306 1117 410 1173 fratres
426 1117 494 1184 mei,
512 1118 644 1174 lestiraro
660 1135 718 1172 non
735 1119 886 1186 debemus,

63 1205 115 1261 sed
131 1205 229 1277 potius
244 1205 354 1279 lugere,
372 1206 451 1279 quia,
468 1208 585 1278 quando
600 1207 629 1262 in
646 1207 724 1262 hunc
742 1208 887 1262 nurndum

63 1292 222 1365 intramus,
240 1294 269 1350 in
293 1295 442 1351 miseriam
468 1302 495 1350 et
520 1295 636 1368 culpam
657 1296 799 1352 cadimus.
817 1296 888 1353 ilinc

68 1383 206 1454 estquod
222 1385 338 1455 quando
355 1384 442 1440 homo
458 1384 598 1452 nascitur,
616 1386 715 1458 lugere
730 1390 835 1457 potest,
854 1386 889 1440 ri-

66 1471 134 1527 dere
150 1488 207 1527 non
224 1476 328 1544 potest.
345 1473 463 1529 Obitum
479 1490 545 1529 vcro
561 1478 729 1529 sanctorum
749 1475 889 1529 debemus

943 488 1134 560 temperantia
1158 487 1295 561 ingluviei
1319 495 1347 544 et
1368 491 1488 546 luxuriae
1507 493 1542 547 ad
1562 498 1701 565 quantam
1717 511 1764 550 ve·

943 578 985 632 nit
1000 579 1159 634 cecitatem
1176 579 1292 647 mentis,
1311 584 1343 634 ut
1357 580 1456 636 mallet
1472 581 1602 638 occidere
1621 587 1681 638 tam
1697 599 1764 639 san-

943 672 1022 722 ctum
1039 667 1143 733 uirum,
1161 685 1250 740 quam
1273 671 1462 725 temerarium
1488 676 1601 727 mutare
1612 674 1764 744 juramen·

941 762 1016 822 tum,
1026 756 1124 812 mallet
1140 758 1230 813 iteum
1242 762 1271 813 et
1281 758 1415 814 homines
1427 759 1571 815 oileuderc
1582 779 1670 834 quam
1683 762 1765 819 adul-

943 851 1034 901 teram
1060 851 1088 901 et
1110 847 1288 902 saltatricem
1315 848 1493 916 contristari,
1511 850 1611 906 mallet
1626 867 1765 923 apparere

944 935 1052 1007 impius
1069 953 1156 1007 quiam
1171 937 1359 1008 vaniloquus,
1378 937 1476 993 mallet
1491 956 1579 994 suum
1597 941 1722 997 natalem
1738 945 1767 999 et

943 1041 1055 1080 emnam
1083 1031 1142 1080 tam
1168 1025 1339 1094 solemnem,
1358 1032 1385 1082 et
1401 1031 1443 1082 tot
1455 1028 1621 1101 principum
1637 1047 1766 1102 praesen·

943 1114 1014 1168 tiam
1038 1115 1198 1187 sanguineo
1222 1116 1316 1186 capite
1338 1115 1424 1172 occisi
1447 1115 1576 1173 bominis
1608 1119 1766 1189 maculare,

944 1219 1032 1275 quam
1057 1203 1193 1258 adulterae
1217 1207 1278 1258 tam
1305 1203 1478 1276 sacrilegam
1493 1206 1662 1277 petitionem
1679 1210 1767 1267 dene·

943 1309 1022 1364 gare.
1040 1291 1134 1363 lmpii,
1153 1309 1276 1364 quorum
1293 1292 1393 1348 nullus
1410 1293 1544 1351 inventus
1561 1300 1604 1351 cst
1619 1297 1768 1368 quitemc-

944 1381 1051 1436 ruriam
1068 1381 1143 1453 regis
1160 1381 1384 1453 promissionem
1400 1387 1429 1437 et
1437 1385 1640 1455 juramentum
1658 1387 1767 1444 saniori

944 1468 1065 1524 consilio
1094 1474 1225 1527 moneret
1247 1488 1311 1527 esse
1343 1475 1583 1546 permutandum,
1607 1478 1767 1548 presertim

68 1560 271 1634 solemnizare,
279 1562 417 1634 quoniam
435 1566 503 1618 tunc
519 1567 629 1618 exuunt
638 1562 798 1630 miseriam,
808 1567 836 1618 ct
851 1563 889 1618 ri·
944 1575 1011 1613 cum
1026 1559 1159 1614 viderent
1174 1576 1240 1615 eum
1253 1561 1459 1617 contristatum
1474 1579 1537 1618 esse
1554 1568 1672 1637 propter
1682 1566 1768 1637 jura·

66 1654 128 1706 tam
144 1650 292 1723 accipiunt
314 1650 469 1723 gloriosam
484 1656 511 1706 ct
526 1656 676 1708 eternam.
694 1652 772 1710 Unde
797 1656 825 1708 et
839 1669 888 1707 co·
944 1651 1087 1715 mentum,
1101 1647 1156 1702 nisi
1173 1648 1246 1704 forte
1261 1649 1467 1706 intellexerunt
1478 1652 1628 1709 tristitiam
1646 1655 1721 1727 regis
1738 1655 1768 1712 ll-

63 1755 132 1795 rum
148 1739 280 1796 natalitia
296 1742 674 1812 nuncupamus.thuibus
686 1741 752 1796 lecit
763 1742 889 1797 llcrodos
944 1741 1020 1792 ctam
1036 1755 1111 1807 csse,
1127 1742 1154 1792 ει
1174 1754 1240 1792 eum
1264 1740 1320 1794 sub
1335 1739 1385 1793 tali
1402 1741 1587 1798 excusatione
1609 1743 1768 1802 voluntatis

63 1827 202 1884 coenam‘l
217 1828 279 1883 Non
295 1829 473 1901 pauperibus
489 1835 517 1885 et
527 1830 703 1901 hospitibus
721 1831 770 1887 sed
785 1829 889 1901 princi·
943 1844 1002 1881 sune
1027 1825 1225 1898 impletionem
1250 1828 1463 1899 praestruxisse.
1495 1831 1565 1887 Ecce
1589 1831 1716 1890 Herodes
1739 1839 1769 1891 et

65 1915 154 1989 pibus
177 1920 205 1972 et
228 1917 365 1983 tribunis,
382 1923 410 1973 et
427 1918 530 1990 primis
546 1918 680 1986 Galilaeae,
697 1923 889 1975 contmuucus
944 1915 1093 1978 Herodian,
1111 1920 1227 1971 ruentes
1243 1916 1279 1971 de
1295 1916 1422 1989 ingluvie
1437 1919 1466 1973 in
1484 1919 1671 1990 adulterium,
1688 1924 1768 1980 etde

64 2005 239 2061 mandatum
263 2005 378 2062 Domini
403 2006 582 2063 dicentis:«
605 2011 676 2062 Cum
703 2007 772 2064 lacis
799 2025 888 2079 pran-
943 2004 1085 2060 adulterio
1101 2004 1130 2058 in
1147 2005 1253 2059 mentis
1265 2006 1479 2073 caecitatcm,de
1494 2009 1620 2065 caecitate
1636 2010 1665 2066 in
1677 2010 1769 2068 bomi-
1856 2062 1858 2068 .

64 2094 159 2161 dium,
173 2093 231 2150 noli
258 2111 359 2151 vocare
383 2095 504 2164 amicos,
521 2112 616 2168 nequo
641 2097 744 2152 tratres
771 2102 837 2153 tuos
861 2101 889 2152 et
943 2093 1053 2148 cidium
1070 2093 1251 2165 patriarcba,
1268 2100 1295 2150 et
1312 2096 1430 2152 demum
1442 2096 1470 2152 in
1488 2100 1768 2174 aternamproecipi·

64 2183 179 2252 divites,
196 2201 231 2240 nc
246 2184 319 2240 sorte
335 2185 489 2240 reinvitent
502 2189 579 2251 te,et
594 2185 643 2240 dat
657 2185 709 2241 tibi
725 2185 888 2253 retributio,
943 2187 1043 2238 tantur
1063 2183 1293 2238 damnationem.
1321 2187 1428 2250 Quarto
1460 2203 1526 2243 vero
1551 2188 1769 2247 demonstratur

64 2273 116 2330 scd
130 2289 201 2328 voca
217 2290 359 2346 pauperes
385 2278 414 2328 ει
438 2274 558 2339 debiles,
575 2278 604 2329 et
618 2275 722 2331 beatus
737 2275 804 2342 eris,
822 2275 890 2347 qma
944 2272 1089 2342 quomodo
1114 2272 1182 2326 boni
1207 2272 1360 2343 proficiant
1383 2274 1417 2329 dc
1445 2274 1520 2330 bono
1543 2275 1572 2330 in
1597 2277 1702 2334 melius
1718 2296 1770 2352 per

65 2379 123 2419 nou
135 2363 244 2418 babent
254 2363 332 2418 unde
346 2363 509 2418 retribuant
522 2363 589 2431 tibi;
602 2364 780 2420 retribuetur
790 2370 889 2420 autem
944 2360 1086 2415 loannem
1102 2361 1275 2432 Baptistnm.
1287 2363 1350 2427 Oui,
1361 2366 1393 2417 ut
1406 2368 1661 2434 praemonstratum
1672 2368 1769 2435 est,de

64 2451 96 2507 in
121 2451 332 2507 resurrectione
350 2453 499 2523 justorum
525 2453 599 2523 (tue.
616 2457 685 2520 xiv).
708 2456 776 2509 Cum
800 2461 890 2508 carru-m
944 2450 1020 2504 bono
1036 2449 1196 2516 charitatis,
1214 2451 1337 2521 proiecit
1352 2450 1380 2505 in
1396 2451 1470 2507 bono
1486 2453 1701 2524 predicationis
1713 2473 1720 2525 ;
1734 2457 1769 2520 dc

65 2539 378 2612 intraretfittutpcnn
399 2540 569 2607 Herodicdis,
586 2550 611 2596 ct
634 2543 766 2610 saltasset,
783 2550 808 2597 et
827 2543 889 2614 plo·
944 2538 1020 2592 bono
1042 2538 1269 2609 praedicationis,
1287 2539 1315 2594 in
1343 2539 1526 2612 triumphum
1554 2544 1708 2615 martyrii;
1734 2546 1769 2601 de

63 2630 154 2685 ‹rrrtrse
187 2629 295 2694 Herodi,
328 2630 467 2701 simulque
499 2630 740 2698 discendentibus,
770 2648 820 2686 rec
851 2633 891 2686 uit
945 2627 1095 2698 triumpho
1106 2629 1247 2701 martyrii,
1264 2628 1292 2683 in
1305 2633 1442 2684 aeternam
1459 2630 1770 2705 beatitudiuem‚juxta

64 2717 168 2790 puellae
183 2734 189 2773 :
207 2719 300 2774 Petec
318 2735 361 2773 mc
383 2718 454 2789 quod
469 2720 521 2784 nis,
537 2726 562 2773 et
588 2718 656 2773 doto
678 2721 739 2773 tibi.
757 2721 789 2775 Et
809 2720 890 2790 jorc—
946 2717 1023 2788 quod
1050 2715 1157 2787 legitur
1180 2717 1208 2771 iu
1233 2717 1405 2789 Apocalypsi
1423 2735 1429 2772 :
1446 2718 1565 2775 Justum
1581 2726 1701 2778 estut«
1717 2723 1768 2797 qui

66 2809 105 2864 vit
121 2808 177 2872 illi,
193 2808 259 2878 quio
274 2807 413 2879 quidquid
419 2809 542 2878 petieris,
553 2807 626 2861 dabo
642 2807 703 2862 u'lri.
720 2808 792 2862 Licet
807 2808 891 2862 ‹lind-
946 2809 1066 2859 sanctus
1090 2809 1143 2872 est,
1167 2805 1366 2860 sanctificetur
1392 2806 1488 2863 adbuc
1513 2809 1602 2881 (clpcc.
1623 2828 1691 2866 εει.
1708 2834 1722 2863 »
1735 2813 1770 2868 m

69 2896 147 2951 dium
162 2898 241 2964 rrpni
261 2898 325 2951 roei.
342 2897 412 2952 Ecce
426 2900 497 2968 quot
512 2895 588 2950 malo
604 2895 777 2967 preveniunt
792 2915 827 2951 ex
849 2896 892 2951 in·
947 2892 1101 2948 Psalmista
1118 2910 1123 2947 :
1141 2895 1273 2949 «Beatus
1288 2894 1340 2960 vir,
1354 2896 1399 2966 cuj
1405 2913 1438 2950 us
1449 2902 1493 2952 est
1508 2898 1649 2953 auxilium
1666 2900 1718 2956 abs
1729 2904 1768 2968 te,

69 2982 343 3058 gluvie.Quia‚cum
357 2986 480 3039 llcrodes
491 2984 646 3056 superflum
657 2989 680 3038 ct
700 2985 893 3055 frequentiin-
947 2981 1133 3036 ascensiones
1159 2981 1188 3036 in
1212 2983 1298 3038 corde
1314 3001 1367 3038 suo
1383 2984 1530 3056 disposuit
1544 2987 1573 3042 in
1589 2986 1662 3042 valle
1676 2987 1769 3063 lacry-

67 3077 167 3130 tcntus
182 3078 259 3130 esset
274 3073 489 3140 comessationi,
503 3072 645 3128 ceciditin
658 3090 788 3129 amorem
802 3091 893 3130 mere·
948 3086 1074 3136 marum,
1093 3069 1121 3124 iu
1139 3070 1199 3125 loeo
1216 3088 1303 3142 quem
1329 3072 1434 3142 posuit.
1451 3073 1564 3129 Etenim
1591 3076 1769 3134 benedictio·

68 3163 187 3219 taicum.
205 3163 287 3219 Sicut
310 3163 388 3218 enim
417 3161 556 3234 genitalia
580 3162 708 3233 pendent
731 3180 766 3217 en
781 3168 889 3230 uentre,
907 3145 928 3210 C
948 3173 1014 3212 nem
1030 3157 1112 3213 dabit
1127 3157 1307 3231 legislator,«
1321 3160 1405 3215 ibunt
1416 3160 1563 3219 devirtute
1575 3163 1603 3217 in
1618 3164 1767 3234 uirtutem,

68 3252 109 3308 ita
124 3251 241 3307 luxuria
256 3269 289 3307 ex
305 3250 484 3325 ingluvietlt
495 3266 546 3322 pro
561 3250 662 3306 ordine
678 3251 888 3320 membrorum,
944 3245 1091 3300 videbitur
1117 3249 1191 3302 [tous
1216 3248 1336 3304 deorum
1364 3249 1392 3304 in
1416 3249 1484 3305 Sion
1506 3252 1593 3319 (Psol.
1611 3257 1735 3322 nxxxrn).
1751 3275 1766 3306 n

68 3344 113 3395 est
128 3341 198 3396 ordo
214 3339 362 3394 vitiorum.
379 3337 460 3393 Unde
483 3335 589 3409 legitur
612 3337 690 3408 quod
709 3337 891 3393 abundantia
944 3333 1003 3390 Nos
1018 3334 1128 3408 itaque,
1145 3337 1246 3392 iratres
1263 3337 1330 3403 mei,
1348 3338 1437 3394 vitam
1454 3344 1482 3394 et
1497 3339 1638 3397 malitiam
1663 3356 1768 3414 pravo·

68 3428 152 3501 panis
168 3427 222 3483 luit
236 3443 324 3482 causa
340 3424 497 3481 Sodomitis
512 3423 714 3497 ignominiosae
728 3412 891 3502 tornicatio·
945 3441 1010 3479 rum
1026 3425 1449 3492 detestantescomessationes
1465 3433 1492 3483 ει
1505 3429 1660 3486 ebrietates
1674 3432 1767 3504 lugia-

67 3517 114 3571 nis
129 3516 235 3584 (exerta
251 3515 319 3586 nur).
337 3516 449 3570 Rursus
464 3514 534 3586 quia
549 3515 679 3569 intentus
699 3521 760 3570 crat
785 3533 891 3588 supen-
945 3530 1022 3580 mus,
1039 3513 1224 3569 meretricum
1240 3520 1268 3569 ct
1282 3515 1477 3582 saltatricum,
1493 3522 1520 3572 et
1536 3535 1704 3576 scurrarum
1720 3539 1767 3595 pe-

68 3606 133 3661 ssure
148 3609 177 3659 ct
190 3603 334 3677 frequenti
350 3602 567 3670 comessationi,
585 3603 687 3658 cecidit
704 3603 733 3657 in
759 3622 889 3660 aurorem
944 3608 1018 3658 stem
1035 3602 1182 3674 fugiamus
1197 3609 1225 3657 ct
1240 3605 1427 3668 evitemus,ct
1444 3606 1472 3660 in
1489 3605 1604 3663 silentio
1619 3613 1766 3683 attempe-

67 3692 216 3764 saltatriae,
234 3693 403 3762 mimorum,
419 3696 448 3748 et
466 3691 655 3748 scurrillium.
673 3692 820 3765 Scriptum
846 3698 890 3750 εει
945 3691 1039 3745 nantia
1066 3691 1261 3756 comedentes,
1278 3709 1391 3748 sacram
1417 3692 1572 3750 lectionem
1597 3697 1764 3768 audiamus,

65 3782 145 3839 enim
162 3799 168 3835 :
186 3806 199 3831 o
218 3781 298 3838 Sedit
322 3781 448 3854 populus
473 3780 649 3836 manducare
673 3787 702 3837 ει
725 3782 834 3851 bibere,
860 3788 890 3840 et
944 3779 1767 3857 multiloquium,stultitoquiumettcmerariajuramenta

66 3877 256 3928 surrexerunt
270 3871 370 3926 ludere
385 3868 486 3939 (Ecod.
502 3872 598 3938 narn).
617 3893 631 3920 ι)
649 3869 763 3945 ltursus
786 3888 820 3926 cx
841 3888 888 3927 ea·
944 3886 1106 3925 caveamus
1125 3870 1223 3925 Sedet
1244 3868 1354 3942 siquid
1372 3871 1443 3926 sorte
1458 3873 1609 3930 temerarie
1625 3875 1766 3947 promisce

65 3959 133 4017 dem
148 3958 888 4030 causaceciditininconsideratampromissionem
944 3957 1037 4013 rimus
1061 3957 1103 4012 vcl
1123 3958 1332 4028 juraverimus,
1357 3959 1462 4016 melius
1486 3966 1532 4016 cst
1555 3961 1626 4017 illud
1653 3968 1766 4022 mutare

65 4052 95 4106 ct
113 4049 302 4106 temerarium
321 4049 539 4120 juramentum.
560 4048 590 4102 ln
626 4047 888 4106 comessationibus
944 4062 1032 4117 quam
1048 4047 1077 4100 in
1091 4047 1172 4117 pejus
1185 4047 1450 4104 corrucrcluravit
1461 4063 1576 4122 quoque
1592 4051 1765 4126 Davidquod

64 4137 144 4194 cuim
161 4137 234 4193 solet
244 4138 394 4193 abundare
406 4136 636 4208 multiloquium,
647 4153 680 4190 ex
691 4139 889 4209 quoprovenit
943 4135 1086 4190 occideret
1104 4135 1195 4190 Nabal
1212 4135 1346 4203 stultum,
1364 4139 1414 4193 sed
1432 4138 1467 4193 ad
1486 4139 1611 4210 primam
1628 4141 1766 4201 interces-

63 4224 280 4283 iuconsiderata
295 4225 402 4281 locutio
418 4231 446 4281 et
459 4225 649 4280 temerarium
662 4226 864 4297 juramentum
880 4246 887 4296 ;
943 4223 1055 4278 sionem
1071 4224 1183 4294 abigail
1201 4225 1353 4295 prudentis
1366 4226 1492 4294 tonilum,
1508 4230 1651 4285 revocavit
1666 4246 1766 4289 ensem

63 4313 888 4383 criminaenimcriminibusvindicanturzuodeJobanncs
942 4312 970 4367 io
986 4313 1135 4385 vaginam,
1144 4329 1195 4367 occ
1206 4312 1315 4384 aliquid
1327 4314 1418 4388 culpa
1431 4315 1481 4371 tali
1493 4318 1622 4389 perjurio
1633 4335 1664 4375 se
1674 4319 1767 4377 doluit

62 4401 93 4460 in
108 4403 421 4477 Apocalypsiztustum
437 4408 483 4459 est
500 4407 530 4458 ut
547 4425 560 4453 a
577 4401 627 4474 qui
643 4401 672 4456 in
688 4402 887 4472 sordibusost,
942 4402 1122 4457 contraxisse
1139 4404 1162 4467 (l
1174 4403 1237 4470 lieu.
1253 4403 1327 4473 xxv).
1344 4404 1466 4461 loannis
1488 4423 1554 4461 vero
1578 4408 1765 4465 sanctitatem

62 4493 213 4549 sordescat
228 4493 324 4548 adbuc
340 4493 429 4565 (Apcc.
446 4491 525 4564 xxii).
544 4514 557 4540 υ
903 4515 925 4578 D
942 4490 1123 4557 aemulantes,
1142 4490 1290 4546 discamus
1314 4497 1342 4547 ot
1364 4493 1530 4565 proximum
1552 4500 1685 4551 nostrum
1700 4514 1766 4556 vere

59 4652 61 4655 Ι
99 4580 346 4652 Sequitueruaz
369 4598 431 4636 cum
450 4584 570 4646 exr'tsset,
594 4581 666 4636 diei!
695 4584 780 4636 irrutri
801 4598 885 4638 suae:
943 4579 1073 4652 diligere,
1089 4579 1324 4651 delinquentium
1339 4582 1409 4636 vitia
1424 4581 1766 4657 corrigere,projustitia

62 4669 135 4738 Quid
155 4678 247 4742 petum
259 4674 270 4726 Ρ
284 4671 318 4726 dt
340 4671 392 4725 illc
412 4670 484 4724 dtcit
498 4672 525 4725 ei
540 4689 547 4724 :
564 4669 648 4741 Caput
662 4671 777 4726 donanis
791 4671 886 4743 Ruptl-
942 4685 999 4723 non
1016 4669 1111 4723 solum
1129 4674 1236 4732 nostra,
1245 4667 1390 4724 sedetiam
1402 4668 1490 4724 vitam
1503 4676 1634 4727 nostram
1646 4690 1763 4744 ponera,

60 4759 205 4816 stellcce
231 4758 301 4830 quid
325 4757 474 4814 crudelius
492 4762 536 4813 est
560 4758 719 4815 meretrice.
738 4759 886 4832 Scriptum

61 4851 107 4913 est
116 4847 194 4903 enim
208 4865 214 4902 :
231 4871 241 4897 ι
259 4848 322 4904 Non
338 4853 383 4902 est
397 4851 484 4919 caput
499 4845 624 4918 nequius
640 4864 728 4919 super
742 4855 829 4920 caput
841 4866 887 4906 cc·

61 4934 152 5004 lubri,
168 4942 197 4992 et
212 4954 270 4992 non
294 4941 339 4992 est
363 4934 475 4991 malitia
490 4952 579 5008 super
594 4936 736 4991 malitiam
752 4938 884 4994 mulieris

61 5025 156 5097 (Eccli.
172 5025 247 5097 xxv).
264 5049 278 5075 »
295 5027 329 5081 Et
344 5024 434 5081 oblita
449 5042 536 5080 sexus
551 5024 608 5091 sui,
621 5024 712 5079 oblita
727 5026 846 5096 pudoris
856 5032 884 5083 ει

61 5114 239 5185 reverentis,
256 5114 285 5168 in
310 5118 370 5169 tam
393 5113 517 5169 solemni
532 5112 672 5178 convivio,
689 5117 717 5167 et
732 5129 829 5169 coram
843 5119 885 5171 tot

59 5200 253 5275 principibus,
268 5200 405 5275 jugulum
421 5207 482 5257 tam
500 5200 677 5257 sanctissimi
703 5201 840 5270 hominis,
857 5209 886 5259 et

59 5289 97 5346 ob
111 5294 173 5344 tam
190 5291 355 5363 pudendam
367 5307 486 5346 causam
498 5289 645 5362 postulare
657 5306 714 5344 non
727 5290 883 5347 erubescit.

58 5381 277 5436 Etccntrisurtns
292 5387 342 5447 est,
358 5379 463 5451 inquit,
480 5397 529 5436 ree
544 5387 655 5452 propter
673 5380 881 5451 jusjururulum,

57 5476 84 5526 et
90 5477 203 5541 propter
216 5470 301 5524 sinaut
315 5469 513 5526 discumbentes
527 5470 617 5524 euoluit
632 5486 692 5525 eom
710 5471 881 5536 contristari,

56 5558 104 5615 sed
117 5561 200 5616 muso
214 5558 392 5630 spiculatore,
406 5560 538 5631 precepit
550 5560 646 5630 client
664 5567 745 5631 caput
767 5561 882 5617 loannis

941 4757 1092 4812 mundana
1113 4763 1310 4826 contemnere,
1332 4758 1368 4813 ad
1392 4763 1530 4814 eternam
1553 4760 1764 4820 beatitudinem

941 4848 1000 4900 toto
1016 4846 1159 4901 desiderio
1175 4846 1321 4902 festinare.
1332 4847 1413 4913 Quod
1430 4847 1565 4920 precibus
1581 4850 1626 4905 sui
1642 4868 1764 4923 pracor-

940 4932 1015 4988 soris
1030 4937 1059 4987 et
1075 4933 1206 5004 baptista
1223 4934 1361 4989 concedat
1376 4936 1461 4991 nobis
1488 4937 1563 4992 Deus
1578 4941 1607 4992 ει
1621 4938 1764 4999 Dominus

938 5026 1038 5077 noster
1059 5023 1143 5077 lesus
1168 5020 1312 5087 Christus,
1328 5023 1378 5095 qui
1402 5041 1468 5079 eum
1494 5030 1579 5081 Patre
1599 5031 1628 5082 et
1652 5029 1762 5102 Spiritu

939 5114 1041 5167 sarrcto
1057 5110 1125 5164 sirit
1140 5116 1168 5166 et
1183 5116 1285 5183 regnat
1299 5111 1376 5167 Deus
1391 5115 1557 5184 peremnia
1578 5117 1685 5175 secuta
1709 5138 1762 5176 see-

939 5199 1083 5256 culorum.
1099 5200 1201 5254 Amen.

937 5319 974 5372 De
993 5317 1138 5371 collatione
1152 5317 1253 5371 soractis
1271 5318 1386 5444 gergoia
1402 5280 1545 5390 Baptistcd.
1562 5323 1604 5376 Ee
1622 5327 1762 5394 Baptistae

1266 5415 1272 5443 ,·
1291 5406 1328 5444 nn
1342 5406 1424 5446 runnu

937 5495 1065 5554 Herodes,
1082 5494 1184 5543 llcrode
1199 5499 1287 5556 satus,
1298 5510 1399 5546 vesana
1412 5511 1541 5564 propago,

936 5568 971 5618 Dc
987 5572 1062 5631 patre
1077 5578 1177 5615 vesano
1193 5565 1280 5617 fratris
1294 5572 1418 5620 consorte
1430 5569 1544 5634 Philippi
