3816 6006
51 262 118 326 813
397 262 434 325 Ρ.
456 258 656 325 rouunoul
677 259 779 322 urst.
802 257 854 320 Db]
875 254 1080 319 sinuosos.
1102 253 1194 317 l'l'lN.
1210 287 1251 300 -
1263 252 1338 316 ula.
1360 251 1397 314 V.
1700 254 1760 315 811

50 389 153 453 icrunt
176 410 261 450 secus
285 397 426 459 castrum,
443 392 489 448 cni
515 408 622 447 nemen
645 390 797 462 Cayphas3
814 389 882 444 inde
896 393 921 456 Α
937 393 1040 460 gentos
1055 387 1174 451 Arabes,
1186 391 1214 441 et
1229 387 1389 448 Turces,ct
1404 384 1589 447 Sarracenos,
1600 382 1760 453 quosiuva-

53 487 252 557 pervenerunt
265 481 426 538 Cesaream
443 481 600 547 civitatem,
610 479 710 551 ibique
720 477 881 534 celebrare·
936 480 1038 532 serunt
1053 476 1166 531 fortiter
1180 475 1287 531 Christi
1304 472 1422 528 milites.
1433 472 1488 528 Sed
1505 476 1566 527 tam
1582 487 1689 543 magna
1704 470 1760 527 suit

53 576 125 628 runt
151 571 339 628 Pentecosten
351 574 412 626 tota
421 570 468 625 die
483 573 605 625 exeunte
615 568 700 624 Maio.
713 568 783 623 lnde
796 582 881 622 vene·
935 565 1029 621 virtus
1041 580 1223 637 paganorum
1239 580 1328 636 super
1342 566 1468 628 nostros,
1478 559 1556 631 quod
1569 559 1760 630 undiquecir·

52 665 125 717 runt
145 660 181 715 ad
196 658 280 715 illam
295 659 409 725 urbem,
426 675 489 731 quae
514 658 622 713 dicitur
643 658 776 722 Rumma,
793 672 881 728 quam
936 654 1160 710 cumoinxerunt
1184 653 1260 719 illos,
1285 657 1314 708 ct
1339 650 1507 706 occiderunt
1534 648 1700 704 dchardum
1723 649 1758 704 de

52 748 208 806 Sarraeeui
235 763 358 803 vacuam
383 745 559 802 dimiserunt
586 751 667 801 metu
693 746 881 801 Francorum.
936 743 1118 810 hlommerlo,
1135 748 1163 798 et
1178 742 1276 815 plures
1292 741 1425 796 homines
1448 755 1590 811 pauperes
1609 737 1660 808 qui
1676 740 1759 792 crant

52 839 144 895 Juxta
158 852 248 909 quam
266 840 329 892 erat
344 834 451 891 nobilis
473 834 605 898 eeclesia,
621 835 652 889 in
668 851 727 906 qua
742 832 883 906 requievit
935 834 1018 905 pede.
1029 836 1100 887 Cum
1116 837 1213 887 autem
1228 834 1361 885 tenerent
1375 826 1688 895 nostrositainclusos,
1706 825 1757 899 qui

53 925 308 1000 pretiosissimum
332 923 426 980 saneti
445 924 558 996 Georgii
576 939 692 995 corpus,
708 922 776 995 quia
790 920 882 977 illico
935 938 1037 977 omnes
1053 921 1195 993 putabant
1208 921 1292 986 mori,
1302 920 1381 975 venit
1395 917 1514 991 quidam
1526 918 1562 973 ab
1573 916 1756 982 eisnuntius,

55 1013 178 1088 perfidis
195 1012 317 1085 paganis
338 1028 390 1084 pro
411 1011 519 1067 Christi
536 1011 653 1067 nomine
668 1010 790 1067 feliciter
804 1027 881 1065 mar·
935 1011 1042 1067 etdixit
1054 1011 1219 1066 Raimundo
1234 1009 1339 1064 Pilato:
1357 1008 1454 1073 «Quid
1470 1006 1517 1061 hie
1533 1010 1593 1061 stas
1609 1023 1676 1062 cum
1691 1005 1757 1062 istis

55 1104 167 1177 tyrium
184 1101 325 1173 suscepit.
340 1100 483 1157 Continuo
495 1100 638 1156 consiliati
650 1099 820 1156 suntnostri
836 1116 881 1155 se·
936 1099 1099 1156 militibus?
1111 1101 1183 1155 llere
1198 1116 1300 1154 omnes
1316 1097 1407 1153 nostri
1423 1096 1451 1151 in
1468 1096 1560 1151 nimia
1575 1095 1757 1151 districtione

56 1192 165 1259 niores,
183 1190 267 1246 utibi
283 1189 470 1246 devotissime
486 1188 627 1262 eligerent
640 1189 821 1262 episcopum,
832 1187 881 1260 qui
936 1189 1349 1255 Arabum,ct'l¹urcorum,et
1377 1188 1603 1242 Sarraccuorum
1633 1186 1759 1250 suntet

56 1281 133 1338 hanc
149 1280 312 1338 custodiret
326 1284 355 1336 et
371 1284 482 1352 regeret
500 1278 667 1346 ecclcsism;
684 1279 731 1334 cui
748 1295 817 1334 suas
832 1279 882 1334 de·
937 1279 1058 1334 forsitan
1075 1278 1279 1334 emnesinhac
1293 1275 1365 1332 hora
1380 1275 1487 1330 mortui
1504 1272 1758 1330 suntSuccurrite

57 1369 152 1426 cimas
167 1369 319 1436 dederunt,
338 1369 401 1424 auri
418 1367 529 1424 scilicet
543 1372 571 1423 et
586 1369 709 1440 argenti,
726 1373 754 1423 et
769 1368 882 1423 anima·
936 1384 1004 1440 ergo
1021 1367 1090 1422 illis.
1108 1390 1121 1417 >i
1138 1365 1295 1422 audientes
1318 1370 1416 1420 antem
1439 1362 1531 1419 nostri
1546 1363 1635 1419 rerba
1649 1361 1755 1430 nuntii,

57 1459 142 1526 lium,
160 1461 189 1514 et
203 1473 356 1530 equorum,
369 1462 402 1512 ut
417 1456 624 1513 honestissime
638 1456 780 1529 potuisset
789 1455 883 1511 vivere
936 1457 1035 1511 statim
1053 1461 1245 1511 cucurrerunt
1259 1454 1344 1510 celeri
1360 1458 1497 1522 cursu,ct
1511 1455 1653 1508 venerunt
1665 1466 1759 1524 usquc

57 1547 148 1605 simul
165 1563 234 1603 cum
250 1545 357 1618 eisqui
382 1562 449 1601 cum
465 1562 498 1601 eo
515 1546 714 1601 remanebant.
732 1543 884 1602 Remansit
937 1546 973 1602 ad
988 1545 1063 1612 illos,
1082 1562 1155 1617 quos
1170 1545 1342 1599 invenerunt
1357 1543 1453 1599 adhuc
1469 1539 1759 1614 praeliantesPagani

58 1652 178 1710 quoque
193 1634 242 1691 ille
265 1635 306 1690 ibi
330 1652 396 1690 cum
422 1635 540 1708 gaudio.
558 1634 609 1689 1111
627 1641 725 1690 autem
740 1632 882 1700 laetantes,
937 1650 1053 1707 qnoque
1066 1633 1197 1690 videntes
1215 1628 1758 1706 hierosolymitanosmilites,continuo

58 1726 171 1782 scilicet
188 1724 372 1780 Raimuudus
386 1724 484 1780 Sancti
504 1723 620 1796 AEgidii,
637 1727 666 1779 et
681 1725 739 1779 dux
753 1723 883 1779 Godelri·
937 1723 1099 1780 diviserunt
1114 1741 1154 1790 se,
1172 1727 1200 1777 et
1216 1723 1346 1779 lecerunt
1361 1723 1436 1777 inter
1450 1738 1481 1776 se
1496 1721 1553 1776 due
1571 1718 1760 1792 agmina.No·

58 1817 124 1885 dus,
137 1831 207 1870 cum
219 1812 285 1870 aliis
304 1812 475 1886 peregrinis,
489 1818 681 1885 pervenerunt
693 1830 786 1885 usque
796 1813 832 1868 ad
843 1812 882 1867 ei·
937 1813 1000 1879 stri,
1009 1812 1139 1867 invocato
1151 1811 1257 1867 Christi
1273 1812 1391 1866 nomine
1406 1816 1435 1866 et
1449 1810 1542 1866 sancti
1557 1808 1759 1882 sepulcri,tam

57 1905 179 1960 vitatem
189 1901 475 1970 hierusalemtertia
485 1901 558 1957 l‘eria
568 1901 696 1958 intrante
705 1902 883 1975 dieseptimo
939 1900 1051 1957 sortiter
1072 1899 1237 1956 incredulos
1257 1901 1427 1956 invaserunt
1448 1901 1525 1972 quod
1555 1897 1760 1970 unusquisque

58 1993 151 2059 lunii,
167 2008 291 2064 eamque
312 1991 517 2047 robustissime
539 2008 628 2063 prope
644 2008 744 2047 muros
759 1990 884 2046 civitatis
939 1991 1041 2046 stravit
1055 1990 1300 2046 suum.Videntes
1316 1986 1760 2061 auteminimiciquodamplius

59 2079 885 2153 obsederunt.liutbertusnamqneNorthmannusobscdit
939 2098 996 2136 non
1014 2080 1179 2152 potuissent
1194 2082 1271 2134 stare
1286 2084 1386 2135 contra
1401 2078 1632 2134 Christianorum
1649 2077 1761 2132 sortitu-

59 2189 155 2228 eama
172 2170 380 2242 septentrione,
393 2171 478 2241 juxta
502 2170 599 2224 Sancti
624 2168 764 2241 Stephani
791 2173 887 2241 proto·
940 2169 1050 2237 dinem,
1065 2169 1170 2223 timore
1183 2167 1272 2223 nimio
1288 2167 1444 2241 perterriti,
1461 2171 1611 2223 verterunt
1625 2166 1761 2239 scapulas

61 2260 201 2333 martyris
216 2258 380 2327 ecelesiam,
397 2258 447 2314 uhi
471 2262 620 2330 gratanter
642 2258 751 2330 recepit
774 2256 886 2330 lapides
941 2262 1016 2313 rotro
1041 2265 1070 2312 et
1092 2258 1239 2329 fugerunt.
1255 2259 1332 2322 Quos
1360 2256 1450 2312 nostri
1473 2260 1682 2328 persequentes
1704 2256 1763 2311 lere

59 2367 111 2422 pro
126 2348 237 2406 Christi
253 2348 383 2417 nomine,
399 2352 427 2402 et
438 2348 523 2418 juxta
548 2363 615 2402 eum
632 2347 788 2402 hotbertus
805 2345 887 2402 Flan-
941 2345 1233 2419 perspatiaquatuor
1246 2345 1461 2411 milliariorum,
1472 2346 1640 2400 occiderunt
1655 2343 1764 2400 multos

60 2438 177 2494 drensis
189 2453 299 2493 comes.
311 2436 353 2491 Ab
364 2435 513 2491 occidente
524 2436 711 2490 obseditcam
724 2436 782 2490 dux
793 2436 886 2491 Code-
942 2452 975 2490 cx
991 2435 1043 2501 cis,
1060 2451 1211 2506 unumque
1237 2433 1421 2490 retinuerunt
1445 2434 1554 2501 rivum,
1569 2433 1619 2505 qui
1635 2450 1708 2489 nova
1723 2432 1766 2488 cis

62 2528 170 2592 fridus,
186 2531 216 2582 et
240 2526 409 2582 Tancredus
431 2541 498 2579 cum
524 2526 605 2580 coli
630 2525 751 2579 meridie
773 2525 888 2580 obsedit
943 2523 1139 2595 perordinem
1156 2524 1273 2592 diceret,
1286 2528 1314 2578 et
1330 2525 1512 2579 retinuerunt
1525 2529 1585 2580 tres
1601 2525 1767 2596 [centumct

61 2631 256 2689 quoqueeam
278 2614 463 2670 Raimundus
478 2631 575 2669 comes
590 2613 689 2668 Sancti
704 2613 819 2685 AEgidii,
836 2614 889 2669 sei·
942 2617 1001 2667 tres
1017 2615 1045 2667 in
1061 2613 1137 2684 edit]
1153 2629 1252 2684 equos

62 2705 129 2761 licet
142 2705 175 2760 in
186 2708 286 2761 monte
301 2704 380 2769 Sion,
393 2704 479 2775 juxta
499 2701 651 2758 ecclesiam
664 2703 775 2758 Sancta
791 2703 888 2758 Maria
979 2703 1010 2757 ln
1028 2701 1288 2776 hierosolymitana
1303 2704 1473 2759 obsessione
1489 2707 1600 2759 tantam
1612 2703 1692 2759 sitim
1703 2702 1765 2758 lue·

62 2794 167 2850 matris
181 2792 311 2857 Domini,
327 2791 377 2847 ubi
401 2792 538 2864 migravit
552 2808 570 2847 a
584 2791 701 2856 seculo,
717 2796 746 2847 et
761 2791 810 2847 ubi
834 2791 889 2847 Do·
943 2795 1012 2847 runt
1027 2792 1156 2864 perpessi
1171 2792 1249 2863 quod
1265 2793 1390 2848 suebant
1405 2793 1483 2848 coria
1499 2793 1598 2858 boum,
1608 2809 1640 2848 ac
1651 2791 1765 2848 bufalo-

63 2883 164 2939 minus
180 2880 305 2938 coenavit
319 2898 387 2936 cum
402 2880 464 2937 suis
480 2880 642 2953 discipulis,
658 2886 687 2936 et
703 2881 752 2936 uhi
768 2886 889 2937 sanctus
944 2881 1090 2945 rum,sive
1105 2896 1287 2952 caprearum,
1298 2881 1329 2936 in
1345 2881 1452 2954 quibus
1469 2882 1600 2938 serebant
1614 2897 1766 2954 aquaeper

63 2972 193 3045 Spiritus
208 2969 238 3025 in
264 2970 353 3026 eorda
376 2968 589 3042 discipulorum
614 2970 776 3025 descendit.
792 2970 891 3026 Tertia
943 2969 1038 3040 spatia
1053 2985 1103 3024 sex
1117 2968 1332 3035 milliariorum,
1346 2975 1374 3026 et
1389 2972 1429 3026 ita
1443 2987 1477 3026 ex
1491 2970 1550 3026 illis
1564 2971 1690 3027 vasculis
1705 2975 1766 3027 ute·

64 3066 162 3118 autem
178 3059 225 3116 die
240 3059 372 3116 exierunt
388 3059 424 3114 de
439 3057 547 3114 uostris
563 3058 707 3114 militibus
717 3060 752 3113 dc
762 3059 889 3114 exercitu
944 3059 1052 3113 bantur
1067 3058 1157 3113 fetida
1172 3062 1259 3130 atque
1275 3059 1352 3114 olida
1367 3076 1452 3132 aqua,
1469 3059 1524 3114 nisi
1541 3040 1657 3116 tantum
1672 3077 1706 3116 ex
1722 3061 1764 3116 fe-

64 3150 158 3210 aucti
169 3147 298 3222 sepulcri
311 3164 400 3204 causa
409 3146 757 3219 praedandidtaimundus
768 3146 887 3220 Pilatus,
903 3133 924 3198 C
943 3146 1004 3201 tida
1017 3162 1103 3219 aqua,
1122 3151 1151 3201 ct
1166 3145 1324 3202 hordeaceo
1341 3164 1415 3220 pane
1431 3147 1460 3202 in
1477 3148 1568 3204 nimia
1583 3148 1764 3206 districtione

63 3245 91 3295 et
105 3237 295 3299 Raimundus
310 3237 345 3293 de
361 3238 483 3302 Torcna,
500 3235 591 3292 etalii
606 3252 673 3292 cum
689 3234 757 3290 illis.
774 3238 890 3292 lnvenc-
944 3240 972 3292 et
980 3236 1137 3291 afflictione
1152 3236 1281 3307 quotidie
1296 3241 1387 3292 erant.
1400 3236 1476 3294 Siloa
1492 3256 1618 3312 namque
1632 3239 1766 3313 sansoni

65 3333 134 3384 runt
149 3327 293 3383 ducentos
310 3326 429 3393 Arabes,
449 3329 478 3380 ct
493 3324 615 3398 praeliati
631 3330 701 3381 suut
716 3324 821 3381 Christi
835 3325 890 3380 mi·
944 3326 991 3379 est
1005 3324 1040 3378 ad
1057 3323 1183 3379 radicem
1206 3325 1315 3381 mentis
1334 3317 1419 3392 Sion,
1431 3343 1589 3399 parumper
1603 3328 1768 3385 sustinebat

64 3416 131 3473 lites
146 3414 291 3471 cumillis
307 3414 440 3486 paganis,
457 3419 485 3469 et
500 3414 558 3469 Deo
573 3414 739 3485 adjuvante,
751 3417 778 3469 et
789 3418 890 3470 sancto
945 3429 1009 3468 nos.
1026 3413 1082 3469 Sed
1098 3418 1196 3468 tamen
1212 3430 1278 3469 cara
1299 3414 1480 3470 vendebatur
1501 3432 1577 3487 aqua
1600 3416 1675 3472 inter
1689 3416 1769 3473 Chri-

65 3503 214 3578 sepulcro,
231 3502 299 3561 illos
313 3502 490 3569 devicerunt,
507 3506 535 3558 et
551 3501 659 3559 multos
674 3520 708 3558 ex
722 3503 764 3560 ais
776 3504 891 3560 occide·
946 3503 1057 3559 stianos
1073 3502 1123 3557 Dei
1139 3506 1168 3557 et
1183 3502 1276 3557 sancti
1293 3502 1430 3575 sepulcri,
1442 3504 1483 3559 ita
1493 3506 1570 3576 qued
1588 3519 1666 3562 uuus
1681 3505 1769 3563 homo

66 3599 148 3660 runt,
163 3596 194 3649 et
206 3609 299 3665 equos
313 3592 506 3648 retinuerunt.
524 3592 658 3648 Secunda
679 3592 726 3649 die
747 3592 889 3662 veniente,
947 3608 1003 3647 non
1015 3596 1129 3664 peterat
1140 3591 1323 3664 exstinguere
1335 3592 1413 3647 sitim
1426 3610 1511 3649 suam
1522 3611 1677 3665 perunum
1688 3612 1772 3651 num·

67 3680 281 3756 aggrediuntur
295 3686 356 3738 tam
372 3680 485 3736 sortiter
499 3680 656 3745 civitatem,
673 3682 750 3753 quod
767 3681 791 3737 si
807 3681 891 3737 scale
947 3696 1039 3735 mum.
1057 3680 1208 3736 Sarraceni
1225 3697 1342 3753 quoque
1358 3682 1395 3736 ad
1411 3687 1533 3738 cunctos
1549 3683 1644 3740 fontes
1662 3689 1690 3740 et
1705 3685 1772 3741 uni-

67 3772 327 3842 iuisscutparatae‚
344 3770 374 3825 in
402 3785 504 3824 eorum
527 3772 671 3840 potestate
686 3775 764 3825 esset
779 3770 890 3826 civitas.
946 3786 1044 3824 versos
1074 3774 1179 3841 puteos
1209 3770 1258 3841 qui
1284 3774 1376 3838 erant,
1395 3769 1534 3839 latebunt,
1552 3771 1709 3829 insiliando
1725 3791 1775 3831 no-

68 3862 180 3917 Tameu
196 3859 341 3915 minorem
356 3862 522 3915 straverunt
537 3874 666 3927 murum,
682 3863 710 3914 et
725 3876 814 3914 uuam
828 3877 892 3915 sea·
948 3863 1024 3914 stros
1040 3857 1183 3924 homines,
1200 3862 1229 3913 et
1249 3875 1299 3914 eos
1320 3876 1394 3931 quos
1409 3859 1538 3916 invenire
1552 3865 1686 3933 poterant
1702 3863 1779 3924 occi.

69 3951 128 4007 lam
144 3949 182 4005 ad
198 3949 339 4020 majorem
354 3951 516 4014 erexerunt,
534 3965 624 4020 super
646 3964 735 4020 quam
758 3949 894 4005 ascende·
948 3946 1066 4015 debant,
1082 3951 1111 4002 et
1126 3946 1266 4002 animalia
1288 3964 1388 4004 secum
1404 3949 1434 4004 in
1451 3950 1513 4005 suis
1529 3951 1670 4020 cavernis,
1687 3955 1775 4024 atqua

69 4043 140 4097 runt
155 4036 250 4095 nostri
264 4037 383 4107 milites,
400 4042 429 4094 ct
445 4039 578 4094 cominus
595 4038 796 4111 percutiebant
811 4056 895 4111 paga·
949 4035 1108 4107 speluncis,
1125 4035 1185 4091 sive
1211 4037 1385 4105 montaneis,
1402 4038 1592 4096 deducebant
1611 4039 1674 4096 Alia
1694 4044 1776 4113 parte

71 4145 125 4186 nos
134 4126 261 4184 civitatis
271 4125 334 4182 suis
346 4127 468 4183 ausibus
483 4130 569 4199 atque
584 4126 703 4183 lanceis.
718 4127 840 4199 Fuitque
855 4127 895 4184 ibi
950 4125 1124 4180 occidebant
1134 4142 1194 4191 eos,
1205 4125 1255 4197 qui
1273 4127 1470 4198 pergebantin
1482 4128 1574 4184 vineis
1586 4129 1621 4184 ad
1633 4146 1775 4186 racemos.

72 4219 209 4272 mortuus
224 4213 386 4272 Ruinaldus
407 4215 520 4288 dapifer
534 4216 663 4289 lingonis
678 4214 895 4285 Liziniacensis,
952 4214 1032 4280 Quod
1050 4231 1118 4269 cum
1134 4213 1275 4270 vidissent
1287 4214 1416 4271 seniores
1427 4216 1529 4284 nostri,
1542 4216 1630 4274 nimis
1641 4218 1707 4275 irati
1719 4219 1778 4276 ius·

72 4309 101 4362 et
110 4304 161 4361 alii
170 4303 268 4372 multi,
279 4305 331 4361 sed
341 4302 441 4376 plures
456 4305 575 4360 luerunt
590 4304 699 4360 mortui
714 4321 749 4359 cx
763 4305 816 4360 eis.
829 4305 899 4361 Fue·
953 4302 1367 4370 runtetiecernntconcilium,
1376 4304 1470 4376 inquo
1481 4305 1609 4379 episcopi
1618 4312 1647 4362 et
1658 4308 1778 4381 presby·

74 4397 205 4466 runtquo
215 4392 256 4449 ibi
267 4391 298 4448 iu
309 4391 478 4450 obsessione
489 4393 562 4449 nihil
578 4394 757 4450 invenientes
769 4394 804 4449 ad
816 4394 901 4449 eden·
954 4391 1009 4448 teri
1020 4393 1252 4448 laudaveruntut
1264 4392 1400 4448 fecissent
1416 4395 1630 4464 processionem
1647 4395 1724 4451 circa
1737 4397 1778 4451 ci·

73 4483 146 4538 dum
162 4497 215 4554 per
230 4481 331 4537 decem
346 4480 418 4551 dies,
435 4482 527 4538 donec
547 4483 625 4538 venit
649 4481 771 4538 nuntius
786 4486 900 4537 nostra·
919 4481 1085 4566 Dvitatem.
1105 4482 1147 4536 lta
1162 4481 1291 4553 episcopi
1306 4484 1335 4536 ct
1350 4483 1508 4555 presbyteri
1531 4483 1618 4538 nudis
1644 4484 1779 4557 pedibus,

75 4569 903 4643 rumnavium,quaeapplioucruntportuiJaii.Postquam
959 4587 992 4625 ac
1007 4570 1099 4625 sacris
1112 4569 1244 4626 vestibus
1260 4570 1365 4637 induti,
1381 4574 1410 4626 et
1423 4587 1523 4627 cruces
1537 4571 1566 4627 iu
1586 4573 1723 4630 manibus
1739 4572 1781 4629 ie·

74 4662 220 4715 venerunt
244 4659 339 4714 nuntii
364 4660 493 4727 navium,
510 4665 651 4731 ceperunt
666 4658 757 4715 nostri
773 4659 903 4715 seniores
957 4664 1055 4715 rentes
1069 4663 1212 4714 venerunt
1225 4659 1260 4714 de
1276 4657 1398 4715 eeclesia
1413 4660 1523 4715 Sancte
1539 4660 1646 4730 Maria,
1661 4679 1725 4734 quas
1739 4666 1783 4720 cst

75 4746 234 4803 consilium
249 4745 325 4802 inter
336 4763 367 4803 se
378 4746 506 4803 dicentes
521 4748 598 4819 quod
615 4746 725 4803 milites
738 4751 767 4802 et
782 4746 902 4803 clientes
956 4748 985 4803 in
1002 4755 1101 4803 monte
1116 4748 1240 4811 Sion,ad
1255 4747 1408 4803 ecclesiam
1422 4748 1519 4805 Sancti
1535 4750 1675 4823 Stephani
1683 4755 1784 4824 proto-

77 4835 242 4904 misissent,
258 4835 309 4908 qui
324 4834 449 4893 fideliter
464 4836 646 4892 custodirent
661 4835 794 4892 homines
809 4841 837 4892 et
850 4854 902 4892 na·
958 4836 1105 4909 martyris,
1124 4836 1282 4909 psallentes
1298 4841 1385 4909 atque
1401 4842 1526 4905 orantes,
1536 4844 1569 4895 ut
1585 4839 1727 4898 Dominus
1741 4842 1787 4898 Je-

76 4943 137 4991 ves,
150 4941 216 4997 quae
231 4929 371 4981 venerant
385 4926 482 4998 portui
498 4926 564 4982 Jass.
581 4926 702 4982 Summo
719 4929 815 4981 autem
831 4925 905 4981 dilu-
958 4944 1009 4983 sus
1025 4925 1160 4982 Christus
1178 4943 1262 4981 suam
1279 4930 1410 4982 sanctam
1436 4928 1592 4997 civitatem,
1609 4934 1638 4986 et
1650 4935 1786 4988 sanctum

78 5012 146 5070 culo
154 5013 289 5071 exierunt
304 5013 411 5071 milites
427 5019 546 5070 centum
562 5015 597 5069 de
612 5014 737 5069 exercitu
747 5013 904 5070 Raimundi
959 5013 1142 5086 sepulcrum,
1161 5032 1177 5070 a
1193 5031 1376 5087 paganorum
1390 5016 1527 5072 liberaret
1540 5022 1636 5091 gente,
1649 5024 1678 5076 et
1689 5021 1717 5075 iu
1729 5037 1789 5077 ma·

79 5101 197 5158 comitis
211 5102 311 5158 Sancti
326 5102 443 5175 AEgidii,
459 5102 572 5158 scilicet
586 5102 770 5159 Raimundus
786 5102 904 5172 Piletus,
960 5105 1048 5160 nibus
1065 5103 1299 5160 Christianorum
1313 5104 1349 5159 ad
1365 5121 1452 5160 suum
1476 5111 1612 5163 sanctum
1636 5109 1789 5167 servitium

79 5196 109 5246 ct
123 5191 329 5249 Gaudcmarus
348 5190 540 5269 Carpincllus,
556 5196 585 5248 et
597 5191 748 5248 dchardus
763 5192 799 5248 de
814 5192 907 5247 Mom-
962 5193 1133 5248 laciendum
1159 5193 1349 5248 tribueretur.
1367 5193 1468 5249 Clerici
1483 5195 1580 5268 itaque
1596 5202 1679 5253 erant
1692 5197 1790 5255 induti
1853 5248 1859 5259 .

81 5278 908 5352 merlo,etGuillelmusdeSabra,etalii,quorumno-
962 5281 1255 5338 militesetclientcs
1281 5283 1441 5355 pergebant
1465 5285 1552 5354 juxta
1580 5284 1644 5342 illos
1672 5287 1789 5345 armati.

81 5368 164 5424 mina
180 5367 294 5440 ignoro.
311 5368 443 5442 Cumque
459 5369 620 5425 militarent
634 5370 670 5425 ad
687 5373 814 5441 portum,
835 5369 908 5424 divi·
963 5371 1116 5426 Sarraceui
1134 5369 1190 5425 hoc
1204 5370 1337 5426 videntes
1348 5372 1656 5448 similiterpergebant
1670 5393 1722 5448 per
1730 5393 1793 5433 mu.

81 5460 225 5514 seruntse
236 5457 359 5529 triginta
373 5457 483 5516 milites
497 5459 650 5515 excestria
665 5457 701 5514 ab
717 5457 911 5528 aliis,scilicat
963 5475 1012 5515 ros
1026 5459 1370 5526 civitatis,blachcmetin
1379 5463 1506 5534 quadam
1521 5463 1607 5520 hasta
1618 5464 1791 5536 deferentes,

82 5545 301 5619 Gandcmarus,
315 5549 346 5607 et
371 5547 532 5622 machaus,
549 5552 578 5609 ct
601 5547 776 5609 invenerunt
802 5547 912 5627 septin-
964 5565 1023 5609 uuo
1039 5565 1137 5628 pauno
1153 5552 1333 5628 coopertum.
1356 5549 1532 5612 Christianis
1556 5553 1795 5629 pervenientibus
