3816 6006
612 295 740 359 GES‘PA
761 294 971 361 redundet.
1583 300 1644 367 498

77 422 206 495 edendo,
223 424 446 499 prosternendo,
461 422 570 502 singuli
587 444 638 501 pro
650 427 713 484 suis
725 425 764 483 vi·
777 428 805 499 A
821 431 881 485 tras
908 427 1028 498 solvere,
1053 427 1146 504 peltas
1180 429 1343 500 demittere,
1366 428 1500 490 thoraces
1528 447 1642 501 exuere,

77 530 99 571 ιι
111 515 317 572 cruentabant.
814 534 966 575 summum
983 520 1125 576 advitam
1142 525 1293 593 supererat
1318 520 1460 578 solamen.
1483 520 1645 588 Ouodcirce

77 625 277 680 mmmm
284 623 438 680 poamunpp
447 639 510 697 φη
517 625 638 680 nondum
646 625 750 695 gumen
813 607 925 664 multus
936 612 963 665 et
974 608 1067 665 multa
1079 609 1187 682 politus
1199 616 1271 678 arte,
1280 610 1384 686 grandi
1396 611 1565 683 redemptus
1574 627 1641 678 aere,

77 697 271 762 tansmiseret,
287 695 488 765 aggrediuntur
502 698 606 754 Graeci.
812 696 925 753 diutino
942 703 1052 755 tractus
1076 699 1237 768 molimine,
1263 699 1344 756 labor
1367 700 1439 765 vias,
1457 699 1539 756 labor
1561 699 1641 756 invia

77 783 233 841 somnam
248 785 400 852 exercitus,
417 786 467 858 qui
492 787 589 842 adbuc
614 787 687 843 citro
702 785 757 840 llu-
813 785 921 857 pariter
934 785 1055 845 ditabat.
1068 788 1207 845 Victrices
1218 789 1372 862 opperiens
1389 804 1494 845 manus
1505 788 1641 862 sinepre·

77 890 129 930 iam
144 873 265 930 alteram
281 874 437 948 pigritans,
449 876 633 931 'tancredum
645 874 758 947 praemi-
811 874 932 943 tio,sinc
941 877 1100 934 certamine
1111 878 1212 934 omnia
1223 882 1357 955 rapturas
1369 894 1433 933 :nec
1442 877 1637 934 deluittamcn

77 979 151 1020 rocos
166 963 196 1019 in
213 963 310 1037 lugam
325 980 424 1020 versos
451 963 641 1037 prospiciens,
658 982 756 1021 morus
812 964 862 1036 qui
879 980 912 1020 ea
923 963 1142 1039 tolleret,quive
1152 972 1323 1039 sequeretur
1333 966 1581 1024 audito'l'ancredi
1589 984 1639 1023 no-

77 1052 162 1108 rviam
189 1052 240 1108 alii
259 1057 386 1120 tranant,
412 1071 480 1126 pars
505 1052 648 1126 remigare
673 1054 758 1109 docta
812 1053 1636 1129 mineturbamfugientem.Quoniamquidemcaediprae·

77 1141 235 1207 reducunt,
251 1140 301 1197 alii
318 1142 472 1215 utriusque
491 1142 596 1214 ignari,
612 1159 754 1214 equorum
811 1142 1233 1215 diotesuperstitesrelicti,bi,
1246 1144 1634 1218 inquam,quospraesidium

77 1247 103 1289 ro
124 1230 246 1303 remigio
270 1236 412 1287 utuntur:
431 1232 531 1304 sicque
556 1232 636 1288 brevi
662 1232 757 1305 spatio
811 1231 1020 1304 superveniens
1033 1233 1214 1301 liberaverat,
1230 1232 1638 1307 sineordinelugicntes,sioe

77 1319 260 1377 multitudiue
284 1326 457 1386 transvecta,
488 1321 573 1392 quasi
596 1323 650 1376 ooo
665 1326 757 1377 reste·
811 1321 912 1378 ordine
927 1323 1143 1394 sequebantur3
1159 1328 1295 1379 oneratos
1310 1323 1403 1389 vacui,
1414 1326 1542 1380 armatos
1554 1323 1635 1392 nudi,

76 1408 244 1476 revehendi;
261 1426 317 1465 non
343 1409 462 1477 milites,
480 1427 538 1466 non
564 1412 681 1476 armati,
698 1427 755 1465 non
810 1408 905 1467 lassos
914 1410 1038 1484 expediti
1048 1410 1179 1485 :plurimi
1188 1411 1276 1468 etiem
1285 1411 1314 1468 in
1324 1411 1636 1482 servitutemducendi,

77 1498 209 1556 rhostem
227 1514 320 1564 ruere,
336 1497 378 1553 vel
400 1503 533 1554 ruentem
550 1499 688 1571 repellere
703 1515 755 1570 po·
812 1499 906 1572 ruptis
921 1500 1044 1558 nexibus
1054 1500 1192 1569 absoluti,
1210 1518 1280 1558 suos
1288 1519 1372 1558 verse
1385 1501 1446 1558 viee
1462 1517 1582 1558 nexores
1591 1519 1638 1558 ne-

77 1634 78 1645 ,
92 1586 200 1661 vulgus
214 1587 335 1654 inerme,
351 1587 449 1643 nisisi
473 1604 547 1660 quos
560 1594 689 1643 armatus
706 1592 757 1643 aut
810 1594 946 1645 xuerunt.
962 1589 1017 1646 olii
1033 1591 1275 1663 dumereptasibi
1288 1592 1441 1663 requirunt
1451 1590 1638 1663 spolia,etre-

80 1675 272 1744 debilitasset,
289 1681 340 1732 aut
355 1678 486 1733 morbus.
503 1678 585 1733 Tunc
604 1676 694 1733 Greci
706 1677 756 1749 qni
811 1677 902 1749 pteris
918 1679 1046 1750 proJ'ecta
1061 1678 1215 1735 inveniunt
1229 1684 1258 1736 et
1272 1697 1342 1736 sua:
1355 1682 1474 1736 lucrant
1486 1679 1573 1736 etiam
1586 1680 1636 1752 qui

79 1770 144 1823 rant
159 1765 331 1822 Latinorum
351 1766 483 1822 insidiari
499 1766 641 1838 vestigiis,
658 1765 754 1822 locum
811 1767 881 1821 dum
898 1768 1035 1839 predicta
1059 1772 1232 1841 quererent,
1258 1768 1380 1841 quesita
1404 1767 1578 1837 invenirent,
1595 1768 1638 1823 in-

77 1856 215 1928 sanguine
229 1858 335 1911 lcrrurn
351 1855 527 1922 imbuerent,
544 1856 662 1911 irruunt
673 1855 704 1910 in
716 1872 757 1911 re·
811 1861 897 1912 venta
911 1856 1120 1913 sustulissent:
1137 1858 1314 1930 abjiciebant
1324 1856 1487 1924 sublata,ut
1500 1856 1638 1913 tollerent

77 1944 172 2018 ulupi
186 1950 302 2018 pastore
317 1945 388 2001 orbe
403 1948 431 2001 et
454 1943 578 2000 canibus
593 1944 680 2001 ovilia
697 1950 757 2000 tru-
811 1945 936 2018 potiora.
953 1945 1017 2003 Sive
1033 1951 1131 2002 autem
1146 1946 1242 2003 alieno
1267 1963 1364 2014 onsre,
1381 1947 1440 2003 sive
1457 1963 1521 2014 suo,
1537 1946 1638 2002 nullus

86 2034 132 2092 re
144 2033 264 2101 clamor,
284 2041 387 2090 maeret
411 2035 474 2106 ripn
496 2038 629 2106 utraque,
647 2033 715 2089 hinc
730 2037 758 2088 et
811 2037 909 2090 castra
924 2052 982 2090 narn
997 2035 1203 2092 stillarcinatus
1220 2034 1373 2092 revisebat.

81 2123 206 2197 querele
221 2124 328 2179 desunt
341 2140 394 2179 nec
405 2123 544 2196 gemitus.
563 2123 595 2178 tli
610 2123 710 2179 dolent
723 2122 758 2178 de
934 2123 994 2180 Vll.
1011 2155 1045 2166 -
1062 2125 1192 2181 tancredi
1205 2126 1322 2182 victorio
1335 2124 1516 2196 predicetur.

77 2212 134 2269 ide
149 2212 335 2268 festinantia:
353 2212 406 2268 hos
432 2213 533 2284 pudet,
550 2213 620 2282 quia
638 2229 692 2267 non
710 2213 757 2267 da·
847 2212 938 2285 Igitur
953 2213 1121 2269 Tancredus
1132 2214 1279 2270 sociorum
1290 2213 1371 2270 ultus
1386 2214 1517 2281 tnalnera,
1535 2216 1638 2269 nactus

77 2304 148 2369 lere3
163 2300 229 2357 illos
244 2302 350 2373 magis,
371 2300 440 2374 quia
463 2301 584 2356 sundere
609 2301 755 2367 nonlicet,
811 2301 915 2374 spolia,
930 2302 1033 2358 beatus
1048 2302 1152 2375 gratia,
1165 2320 1268 2359 orrrncs
1280 2308 1362 2358 trans
1379 2302 1499 2358 lluvium
1511 2302 1638 2375 praemit-

77 2391 208 2447 rreredus
223 2388 334 2446 interea
349 2391 445 2446 adhue
456 2390 636 2463 fugientibus
651 2389 756 2445 Graecis
811 2391 856 2457 tit,
872 2389 935 2463 ipse
949 2390 1082 2447 omnium
1098 2391 1287 2465 subsequitur
1303 2392 1505 2465 postremus0
1515 2390 1635 2464 quantis

77 2479 261 2553 sequentium
273 2479 442 2535 instantiam
454 2478 539 2535 celeri
556 2495 643 2534 cursu
653 2478 758 2551 accipit
810 2479 953 2552 excipitur
967 2477 1123 2537 laudibus!
1139 2485 1268 2553 quantus
1279 2481 1352 2554 ipsc,
1369 2498 1457 2554 quam
1469 2483 1564 2552 major
1574 2495 1638 2537 seso

77 2584 119 2626 m:
135 2568 282 2625 neminem
307 2570 452 2635 resistcre,
473 2584 644 2624 succurrere
668 2568 758 2624 nemi·
811 2570 951 2625 cordibus
967 2570 1102 2626 omnium
1125 2571 1243 2626 iuturus
1266 2576 1397 2643 apparet,
1422 2576 1532 2644 quanta
1546 2569 1636 2626 simul

77 2663 167 2715 mama
191 2657 268 2713 ultro
290 2657 411 2713 fluvium
437 2658 608 2730 remigasse,
628 2657 757 2713 inermes
812 2657 975 2716 nobilitatis
1004 2663 1033 2714 et
1061 2657 1155 2732 plebis
1183 2660 1369 2715 veneratione
1396 2657 1544 2715 donaturi
1573 2658 1636 2715 Una

79 2749 195 2819 cajum
220 2748 278 2802 lere
302 2748 386 2819 quasi
412 2747 562 2802 mordicus
587 2746 755 2819 dissipatos.
812 2748 920 2820 puippo
936 2748 1069 2803 omnium
1084 2752 1113 2804 et
1132 2726 1216 2804 m'ens
1239 2751 1302 2804 erat
1325 2752 1353 2803 et
1369 2747 1475 2803 labala.
1494 2747 1515 2804 0
1531 2736 1636 2815 ubi,'et

77 2836 178 2893 issima
189 2842 218 2892 ct
227 2837 262 2893 ad
275 2853 391 2892 omnem
405 2835 624 2909 promptissimo
635 2834 758 2891 strenui·
811 2838 940 2908 quando,
953 2837 1325 2910 atquisinfiliishominum
1337 2853 1390 2909 par
1400 2832 1635 2903 tibi,'lancredel

79 2925 266 2996 eicomperta
281 2931 362 2992 sunt,
379 2925 458 2980 haud
482 2941 567 2980 secus
587 2924 623 2979 ab
638 2922 705 2978 aliis
720 2923 755 2978 ad
811 2941 829 2980 o
843 2930 974 2998 quotam
990 2930 1103 2983 remota
1116 2925 1282 2999 segnities?
1296 2930 1357 2980 tam
1372 2925 1520 2997 disjuncta
1533 2924 1637 2999 quiesi

76 3015 209 3071 advertit
225 3013 407 3085 intrepidus:
425 3013 508 3086 quasi
527 3017 613 3068 nanta
629 3013 756 3085 predam
811 3013 1637 3087 ternelienaiormido'ltemelimatasuperbia‘ltamelimi-

77 3120 119 3160 ιιι
131 3120 167 3159 ex
178 3104 299 3159 adverso
315 3108 444 3175 paratas,
460 3101 569 3159 relictis
583 3101 697 3157 catulis.
716 3101 758 3155 in·
812 3109 881 3158 nata
896 3102 1033 3158 trinacria?
1049 3103 1120 3170 Quis
1140 3108 1259 3160 vocatus
1283 3103 1419 3169 velocior,
1436 3102 1503 3175 quis
1518 3106 1637 3176 rogatus

77 3191 168 3266 spicit,
184 3209 199 3248 e
214 3191 335 3266 vestigio
348 3193 384 3247 ad
401 3193 565 3264 praedonem
575 3207 668 3259 versa,
681 3207 756 3263 prae-
772 3173 793 3241 G
814 3190 935 3262 fecilior,
953 3191 1019 3265 quis
1035 3192 1164 3249 elienses
1181 3191 1374 3265 placabilior?
1389 3190 1488 3248 felices
1503 3194 1584 3246 tanto
1595 3191 1638 3264 pi·

78 3282 105 3339 is
117 3281 253 3338 lancibus
269 3281 418 3354 relinquit.
811 3299 901 3354 gnere
916 3280 1002 3349 atavi,
1017 3285 1099 3337 tanto
1119 3286 1203 3337 atavo
1220 3281 1340 3354 posteri,
1356 3285 1437 3336 tanto
1453 3279 1573 3336 alumno
1584 3280 1638 3336 Ga-

80 3371 163 3441 Quos,
179 3372 209 3426 in
223 3371 323 3441 ttamen
336 3372 464 3426 insitiens
479 3369 630 3426 Tarneredea
642 3371 729 3440 supet.
812 3371 897 3437 labri,
913 3374 995 3427 tanto
1008 3369 1109 3427 sobole
1126 3371 1285 3426 Nermanni
1299 3368 1306 3426 l
1322 3370 1420 3425 latices
1433 3368 1475 3424 illi
1487 3369 1595 3442 quibus
1605 3372 1637 3424 tu

77 3460 217 3533 usigitur
231 3461 267 3515 ad
284 3460 393 3516 llumen
409 3460 448 3533 (t)
465 3457 758 3529 Teneredus,remige
811 3459 965 3533 conlegisti
978 3459 1072 3534 glorio
1087 3476 1159 3516 aua:
1177 3476 1210 3514 ac
1225 3476 1279 3516 nos
1303 3458 1389 3532 longe
1405 3457 1559 3525 feliciores,
1576 3457 1638 3531 qui-

77 3549 205 3622 urgitem
221 3548 323 3614 insilit,
345 3565 420 3621 equo
445 3549 537 3611 navia,
552 3564 627 3619 equo
639 3547 758 3619 remigis
813 3550 868 3604 bus
884 3552 927 3604 est
935 3565 987 3621 pro
997 3564 1081 3604 mtrro
1091 3547 1279 3604 arrdaeiatna.
1294 3548 1487 3604 Tuaaudecia
1498 3548 1638 3604 adversus

77 3652 107 3695 m
122 3637 296 3710 supplente:
314 3638 413 3710 segnis
428 3637 536 3710 quippe
547 3653 628 3692 mora
642 3636 760 3690 visaest
813 3638 1033 3710 impugnatores
1049 3638 1133 3693 nohis
1148 3642 1193 3693 est
1208 3636 1337 3709 clypeus,
1349 3636 1489 3693 adversus
1504 3653 1638 3711 pugnan-

77 3731 188 3800 ognata
201 3726 310 3794 timori,
327 3727 352 3782 si
368 3728 439 3782 dum
466 3726 614 3799 navigium
631 3727 758 3797 pararet,
813 3728 866 3783 dos
881 3743 967 3783 arcus
982 3731 1011 3782 et
1026 3726 1151 3799 gladius.
1170 3725 1200 3781 Si
1217 3724 1378 3799 perieulum
1398 3725 1552 3792 antecedit,
1568 3723 1638 3780 illue

85 3815 168 3888 sequi
185 3814 294 3871 milites
304 3820 494 3887 exspectaret.
511 3817 692 3887 Quapropter
706 3811 760 3868 sio·
814 3814 1018 3887 premitteris3
1035 3815 1104 3871 item
1121 3815 1146 3870 si
1161 3814 1295 3888 sequitur
1310 3830 1394 3886 pone,
1411 3813 1639 3869 cedisllenedi·

77 3901 180 3977 riptum
197 3908 250 3971 est,
270 3920 397 3976 preceps
424 3903 546 3959 fluvium
571 3903 655 3975 quasi
680 3918 760 3958 cam·
814 3909 878 3961 ctus
896 3909 971 3961 Deus
985 3905 1035 3977 qui
1051 3909 1079 3960 te
1095 3903 1252 3961 reservavit
1267 3902 1435 3976 presidium
1447 3901 1525 3976 plebi
1537 3907 1639 3969 sumet

77 3992 200 4049 editur:
217 4009 301 4065 aquae
316 4010 382 4049 vero
393 4009 480 4048 cursu
492 3992 592 4064 rapido
607 3997 760 4063 exceptum
813 3999 845 4050 tu
861 3993 1032 4050 benedictus
1047 3994 1097 4066 qui
1114 4010 1180 4049 eam
1196 3993 1325 4065 protegis
1341 3993 1370 4047 in
1386 3992 1506 4048 brachio
1520 3992 1639 4048 virtutis

77 4085 149 4148 unt;
166 4085 196 4136 at
211 4098 278 4137 moa
295 4081 363 4153 ripae
389 4082 471 4137 alteri
494 4080 626 4137 redditur
638 4079 760 4136 illaesus.
815 4090 880 4139 turs.
898 4081 1019 4139 'l'alibus
1038 4098 1140 4138 omnes
1154 4087 1184 4136 at
1199 4081 1330 4155 plerique
1346 4082 1508 4153 majoribus
1522 4080 1640 4136 victoris

80 4186 198 4243 quoque
214 4169 337 4242 remigio
352 4169 588 4226 commilitonum
605 4169 760 4239 aciesque
815 4172 1053 4244 reditumgratatr
1067 4170 1402 4243 praeconiisheesaepius
1414 4168 1639 4242 ingeminantes,

77 4258 234 4332 preeuntis
267 4259 390 4332 vestigia
419 4262 594 4330 sequuntur,
625 4262 760 4312 utuntur.
816 4277 866 4333 per
880 4261 981 4315 visset
995 4259 1121 4315 tentoria
1135 4275 1229 4331 usqne
1241 4260 1277 4314 ad
1300 4258 1443 4315 'l'aneredi
1457 4258 1557 4331 ipsum
1573 4274 1640 4330 pro-

77 4346 177 4405 satana
192 4347 345 4419 perterrita
364 4347 507 4404 Tancredi
532 4346 622 4402 simul
637 4346 760 4401 adventu
816 4353 989 4422 sequuntur.
1012 4348 1123 4403 Extunc
1139 4348 1323 4403 Tencredum
1353 4347 1475 4414 sociare,
1505 4361 1641 4403 securum

77 4453 121 4505 ιο;
147 4436 176 4492 id
203 4436 281 4492 enim
311 4453 405 4492 unum
434 4441 558 4508 utraque
587 4435 763 4507 personabat
816 4437 1015 4504 sscri‚sineeo
1038 4436 1068 4491 in
1093 4436 1218 4492 exercitu
1249 4453 1323 4502 esse,
1349 4435 1434 4507 quasi
1459 4435 1488 4489 in
1513 4433 1639 4489 exercitu

77 4523 260 4592 limetuens,
275 4525 384 4581 cedere
398 4524 522 4592 desistit,
539 4526 574 4580 ad
590 4528 762 4579 consuetum
781 4547 802 4611 [q
818 4544 875 4583 non
891 4544 955 4582 esse
971 4543 1028 4598 praa
1038 4524 1195 4581 solitudine
1206 4525 1367 4580 videbatur.
1378 4523 1460 4579 Unde
1470 4522 1592 4595 plurimi
1607 4523 1643 4579 de

77 4612 195 4670 acidiam
211 4615 309 4670 studio
330 4615 459 4669 redacto.
477 4612 660 4685 Fugiturper
674 4613 763 4668 obru-
819 4616 1013 4689 nregniaquce
1042 4613 1175 4669 viderent
1204 4615 1316 4683 nrqjora
1344 4613 1554 4683 conjectantes,
1578 4612 1642 4683 ejus

77 4701 153 4769 avia,
170 4718 222 4774 per
236 4718 323 4758 omne
337 4703 415 4775 quod
436 4701 520 4757 victis
537 4701 705 4773 promittere
720 4700 764 4756 la·
819 4705 948 4763 dominio
963 4709 1024 4760 tam
1041 4720 1072 4759 se
1088 4719 1177 4774 quarn
1193 4718 1249 4758 sua
1263 4701 1479 4773 nrancipabant.
1497 4701 1561 4772 lpse
1576 4717 1642 4756 vero

77 4790 228 4849 rictoribus
252 4808 404 4847 accessum
421 4807 528 4864 negare
552 4790 713 4846 videbatur.
730 4790 766 4845 at
819 4792 973 4848 audaciam
985 4791 1268 4863 viresquejuvenum
1284 4788 1420 4860 captabat
1430 4785 1645 4861 pretiomllicie

77 4878 236 4937 bileminus
256 4880 439 4953 fugientibus
454 4880 593 4945 instabat,
607 4878 688 4935 illius
703 4896 765 4935 ma·
820 4882 870 4936 bat
893 4880 1008 4949 merito,
1034 4879 1201 4935 merebatur
1225 4876 1367 4949 exemplo.
1399 4877 1438 4932 llo
1464 4875 1643 4945 abundante,

77 4968 173 5027 ulnam
189 4969 304 5039 sitiens,
321 4986 409 5041 quem
425 4986 476 5040 per
490 4967 703 5023 inaccessibilia
714 4982 766 5040 pes
821 4983 906 5023 nomo
921 4966 971 5038 qui
982 4966 1008 5021 ei
1019 4965 1159 5022 militaret
1166 4966 1270 5037 egebat
1281 4980 1288 5020 ε
1301 4981 1334 5020 eo
1350 4961 1645 5036 egente‚aditioribus

88 5056 238 5131 legacior:
254 5075 323 5113 nam
335 5062 444 5113 vertere
460 5056 563 5113 taciem
577 5073 661 5112 nenio
673 5055 766 5112 victus
821 5055 908 5112 sociis
923 5053 1122 5122 mutuabatur,
1139 5052 1263 5125 pecunia
1277 5069 1342 5124 quae
1356 5053 1563 5123 pauperiorum
1574 5049 1648 5105 indi·

77 5149 125 5214 se,
136 5145 194 5202 nisi
203 5145 230 5202 si
241 5147 459 5219 quemgenibns
473 5144 592 5201 victoris
602 5144 767 5217 supplicare
820 5144 949 5217 gentiam
964 5140 1072 5198 ditaret
1081 5146 1208 5213 erogata.
1222 5141 1370 5198 Rursussi
1382 5142 1561 5213 repeteretur
1569 5137 1647 5210 quod

77 5235 152 5308 gerit
173 5235 372 5307 deprebensa:
390 5235 462 5290 odeo
485 5233 652 5305 intepuerat
675 5234 766 5299 calor,
821 5234 1014 5298 mutuaverat,
1032 5229 1105 5284 alios
1120 5229 1190 5284 item
1201 5232 1351 5302 quaerebat
1366 5229 1524 5286 creditores
1537 5226 1648 5299 :sieque

77 5322 209 5389 trebias,
226 5340 294 5396 spes
307 5328 368 5379 tota
390 5323 426 5378 ab
449 5322 539 5377 armis
555 5322 582 5377 in
601 5323 707 5394 pedum
724 5339 768 5377 ve·
822 5322 858 5377 od
874 5320 948 5377 alios
962 5322 1080 5392 propter
1095 5316 1168 5373 alios
1184 5319 1268 5391 qtrasi
1285 5318 1481 5386 mendicabat,
1498 5318 1568 5371 darm
1580 5330 1648 5371 erim

77 5411 269 5469 abaosierat.
287 5412 387 5484 ltaque
400 5428 486 5467 arcas
502 5411 652 5483 projicere,
667 5411 768 5483 pltare-
822 5428 872 5467 seu
890 5408 988 5482 praeda
1002 5405 1212 5478 opulentasset,
1225 5425 1276 5463 seu
1292 5408 1413 5463 bellum.
1430 5406 1509 5462 Adeo
1525 5402 1568 5458 vir
1583 5420 1651 5475 pru,

77 5520 241 5647 reficeceret
256 5519 401 5601 liebertus
417 5518 579 5573 monachus
595 5517 614 5572 l.
632 5536 650 5573 u
678 5519 811 5575 distorte
831 5515 1081 5586 leroaotpmitonce,
1112 5513 1194 5568 addit
1225 5513 1282 5569 duo
1313 5512 1404 5569 millia
1432 5509 1566 5583 equitum
1582 5524 1649 5565 eum

77 5604 93 5648 o
127 5606 217 5647 umen
233 5607 389 5664 irrupisse.
