3816 6006
101 270 109 281 .
153 236 232 303 llll
795 237 991 305 ltADULPBl
1011 239 1222 308 tarbensis.
1784 239 1859 308 “dl

155 375 213 434 cit:
230 377 295 434 Ecce
308 390 355 449 epo
379 373 437 433 cidi
449 371 570 434 clterom
592 375 724 450 orrqctom
742 375 927 433 ascendentem
941 377 975 433 ab
989 376 1017 446 Α
1031 378 1151 450 quidam
1165 378 1311 437 demones
1321 379 1465 455 precipue
1476 379 1621 439 nocentia
1634 384 1728 450 terra,
1739 379 1857 454 quidam

155 475 217 525 ortu
231 468 307 532 sotis,
322 467 464 522 trahentem
487 468 578 534 siparia
592 467 642 522 Dei
653 468 717 522 cirri.
732 466 772 521 Ex
786 466 881 521 trihus
897 465 976 521 Cbri·
1031 467 1061 522 in
1077 469 1171 540 aquis,
1188 469 1308 542 quidam
1323 471 1353 526 in
1369 472 1548 538 nemoribus,
1561 469 1605 528 vel
1616 476 1806 545 perterram,
1820 470 1858 527 in·

155 558 234 611 stum
250 555 445 622 commendat,
461 572 496 610 os
510 555 614 621 officio,
631 572 665 610 ex
679 559 794 621 natura,
811 572 845 610 ex
859 555 974 610 virtute.
1030 557 1128 630 tellige
1143 559 1255 616 deditos
1270 560 1407 616 terrenis:
1425 578 1477 633 per
1489 577 1578 629 mare,
1594 559 1756 617 instabiles
1769 565 1800 616 ct
1813 576 1858 633 par

154 644 195 702 aa
207 645 312 713 officio,
330 645 359 700 in
375 661 407 700 eo
423 645 498 716 quod
515 649 674 700 vocatcum
690 643 837 716 angelum.
855 644 918 716 lpse
933 649 977 699 est
1030 645 1145 703 diversa
1159 649 1228 704 vitta
1238 648 1378 719 fluentes3
1392 667 1442 723 per
1456 651 1584 717 arbores,
1596 649 1804 706 terrenitatem
1813 665 1856 705 exe

154 733 233 789 enim
249 732 370 806 angelus
386 750 442 787 non
460 732 682 805 qualiscunque,
699 734 749 789 sed
766 757 779 784 n
793 733 892 806 magni
908 750 975 788 con·
1031 736 1165 793 cedentes
1186 744 1214 794 et
1237 739 1457 796 fructificantes.
1481 740 1669 812 (tuendusque,
1696 738 1807 812 inquit,
1822 741 1854 794 ct·

154 821 211 879 silii
236 822 357 895 angelus
380 825 443 887 (lae.
461 826 512 888 rx.)
530 845 542 870 a
569 823 620 894 qui
644 824 754 879 missus
777 840 794 877 a
822 824 905 878 Patro
928 839 975 877 re·
1030 842 1143 894 pacmua
1165 844 1255 884 serator
1276 831 1326 885 Det
1339 831 1427 885 nostri
1442 832 1471 885 tn
1493 831 1632 903 [reatibus
1650 844 1773 885 sermm.
1791 829 1854 884 llius

153 911 247 980 aiens,
273 916 305 967 ut
320 912 360 966 ait
384 911 549 982 Apostolus,
576 937 589 962 u
607 911 813 984 evangelizavit
832 928 932 984 pacem
948 914 976 967 ct
1030 915 1117 970 datur
1128 916 1249 989 intelligi
1260 919 1399 989 quoniam
1412 917 1656 991 propterelectos,
1668 918 1723 990 qui
1734 917 1853 973 interre

152 999 211 1068 illis
228 1001 276 1073 qui
289 1003 404 1056 fuerant
414 1000 509 1073 longe,
520 1007 548 1056 at
559 1001 615 1056 illis
626 1003 676 1073 qni
688 1017 776 1074 prope
786 1001 893 1072 (Eptcs.
907 1002 949 1072 rr.)
961 1024 974 1050 a

152 1091 192 1148 Ex
206 1090 311 1145 virtute
327 1108 392 1146 eum
408 1092 602 1158 commendat,
620 1108 685 1146 rum
703 1091 760 1146 ait:
787 1091 975 1146 escendentem

151 1179 185 1236 ot
200 1188 261 1235 orto
275 1181 351 1245 solis,
375 1181 512 1245 subaudi,
528 1181 633 1236 virtute
649 1181 776 1252 proprio,
792 1197 850 1234 non
869 1179 972 1235 aliena.

151 1268 232 1326 Unde
247 1269 417 1341 Apostolus:
429 1294 441 1318 <i
460 1269 513 1335 Qui
525 1270 674 1325 descondit
687 1269 749 1341 ipse
759 1273 804 1324 est
815 1269 866 1340 qui
876 1285 975 1324 ascen-

151 1357 194 1413 dit
208 1376 294 1431 supra
310 1376 410 1413 nrrrues
428 1359 522 1425 curios,
536 1358 749 1431 utadimplcrct
759 1357 857 1414 omnia
868 1359 972 1430 (tipice.

151 1449 210 1517 rv);
228 1470 241 1497 a
257 1452 286 1503 et
298 1446 471 1503 psalmista:
490 1471 503 1498 u
521 1447 648 1514 Psallite,
663 1447 769 1519 inquit,
785 1447 908 1503 Domino
924 1447 972 1519 qui

151 1538 283 1594 ascendit
307 1555 395 1610 super
419 1537 506 1594 coelos
521 1537 659 1594 caelorum
675 1539 710 1594 ad
726 1540 869 1594 orientem
885 1539 971 1610 (Paul.

1029 1004 1136 1074 probos
1145 1005 1174 1059 in
1186 1005 1240 1062 hoc
1249 1007 1359 1062 mundo
1368 1007 1512 1075 habitant,
1524 1003 1853 1079 prohihenturaliquar

1029 1091 1065 1147 do
1081 1092 1226 1150 demones
1252 1096 1484 1167 persecutionem
1506 1111 1638 1151 exercere
1653 1095 1682 1149 iu
1710 1095 1852 1168 reprobos,

1029 1197 1065 1235 ne
1080 1182 1152 1238 l'orte
1170 1185 1350 1241 eradicantes
1364 1185 1485 1252 zizania,
1498 1185 1647 1241 eradicent
1662 1182 1755 1239 simul
1770 1184 1852 1240 cttri·

1028 1267 1120 1325 ticum
1136 1275 1243 1339 (ttnttb.
1261 1278 1333 1345 run)
1358 1291 1511 1346 usquequo
1533 1272 1614 1329 electi
1631 1272 1854 1340 muniantumt

1029 1361 1249 1427 confirmentur,
1261 1361 1304 1418 vel
1318 1366 1348 1418 ut
1361 1367 1419 1431 Lot,
1430 1364 1465 1418 de
1476 1362 1572 1418 medio
1583 1360 1738 1418 tollantur.
1751 1362 1802 1418 Est
1810 1377 1852 1420 aa

1027 1451 1085 1503 tem
1104 1448 1164 1504 hac
1178 1468 1246 1522 pars
1258 1452 1353 1517 tertia,
1365 1451 1393 1506 in
1405 1469 1464 1524 qua
1475 1451 1640 1507 ostenditur
1650 1466 1745 1522 quam
1758 1455 1854 1524 potens

1028 1537 1067 1593 sit
1081 1537 1214 1595 Christus
1229 1557 1299 1596 snos
1313 1540 1461 1597 custodire
1485 1542 1561 1596 inter
1579 1538 1674 1596 malos
1688 1543 1718 1596 et
1732 1538 1850 1596 salvare.

151 1632 248 1697 savir.)
263 1651 277 1677 »
294 1628 380 1684 Porro
405 1628 539 1683 Christus
554 1628 649 1700 quise
670 1628 845 1695 humiliavit,
866 1628 975 1684 dicitur
1025 1631 1183 1699 Stqnernus,
1200 1629 1304 1703 inquit,
1317 1630 1346 1685 id
1362 1635 1406 1686 est
1421 1628 1813 1696 discernamus‚muniamus
1824 1633 1853 1685 ct

150 1718 318 1774 ascendisse
328 1718 364 1773 ab
376 1722 440 1774 ortu
451 1717 531 1774 solis.
548 1717 659 1773 Dicitur
669 1724 765 1774 autom
777 1717 911 1774 diabolus
922 1717 972 1790 qui
987 1750 1011 1816 B
1028 1718 1245 1786 confirmemus,
1259 1735 1311 1791 ego
1326 1719 1458 1785 interius,
1470 1723 1499 1775 et
1511 1719 1568 1774 mei
1580 1717 1708 1774 ministri
1717 1718 1853 1774 exterius.

150 1807 319 1880 superbivit,
336 1807 502 1864 ascendisse
517 1807 644 1864 voluisse
657 1809 693 1863 ad
710 1807 887 1880 aquilonem,
904 1825 974 1879 quo·
1028 1807 1087 1880 Ego
1098 1807 1232 1878 interius,
1247 1809 1303 1863 fide
1314 1807 1419 1876 crucis,
1432 1812 1461 1863 et
1471 1806 1559 1863 ctiam
1571 1806 1700 1863 ministri
1711 1806 1772 1863 mei
1781 1810 1853 1862 exte

150 1896 230 1952 niam
246 1899 295 1969 qui
313 1914 343 1953 se
357 1896 526 1968 humiliant,
538 1898 573 1953 ad
589 1914 712 1970 regnum
724 1895 864 1953 claritatis
875 1914 974 1953 ascen·
1028 1896 1100 1962 rius,
1116 1896 1200 1970 signo
1216 1897 1329 1963 crucis;
1354 1913 1407 1969 ego
1423 1896 1558 1961 interius,
1580 1894 1644 1951 oleo
1660 1893 1814 1961 invisibili,
1829 1898 1855 1950 et

151 1987 234 2053 dunt,
252 1990 281 2040 et
296 1987 345 2058 qui
357 1987 541 2058 superbiunt,
552 1987 809 2059 praecipitanturin
824 1987 973 2058 regionem

150 2075 267 2148 frigoris
279 2079 307 2132 ct
321 2076 518 2132 tenebrarum.
534 2076 557 2130 Α
573 2079 678 2131 natura
692 2076 972 2142 eum-commendat,

150 2181 218 2221 curn
234 2163 351 2221 subdit:
368 2165 515 2221 debentem
533 2167 642 2236 siqnum
656 2167 706 2221 Dei
721 2167 785 2232 civi,
801 2165 830 2220 id
846 2169 890 2221 eet
905 2163 974 2219 divi-

150 2270 219 2309 nam
231 2253 434 2309 auctoritatem
446 2257 474 2308 et
487 2257 670 2326 potestatem,
683 2271 741 2327 qua
752 2253 834 2326 quasi
846 2254 973 2326 quodam

150 2342 235 2415 signo
251 2359 282 2397 se
297 2359 347 2414 per
361 2343 461 2398 omnia
475 2343 659 2399 demonstrat
677 2348 734 2399 beo
750 2345 827 2399 Patri
843 2359 973 2415 coaequa-

149 2430 218 2487 lem.
231 2430 353 2497 Quidam
366 2433 462 2486 tamen
474 2431 521 2486 bic
530 2430 698 2504 intelligunt
710 2448 761 2505 pcr
770 2431 899 2504 siguum,
912 2447 976 2486 cru·

151 2536 213 2577 cem
230 2537 288 2593 qua
303 2520 379 2576 Dcas
395 2537 465 2576 suos
480 2521 585 2593 signat.
599 2521 736 2592 Sequitur
751 2538 818 2592 pars
834 2521 973 2588 secunda,

150 2608 181 2666 io
197 2626 255 2682 qua
268 2609 486 2665 demonstratur
500 2614 641 2681 quantam
658 2613 830 2682 potestatem
843 2608 974 2665 Christus

150 2697 257 2754 habeat
270 2715 359 2771 super
372 2699 554 2755 adversarias
574 2701 741 2771 potestates,
758 2716 825 2754 cum
849 2698 972 2754 dicitur:

150 2788 183 2843 m
196 2788 361 2844 exsternavit
373 2803 438 2844 voce
449 2805 550 2859 moene
560 2796 679 2861 quotuor
687 2789 800 2861 enectis,
817 2790 915 2860 quitus
924 2788 975 2844 do-

150 2881 208 2932 tum
221 2884 260 2931 est
273 2892 367 2933 moero
382 2885 464 2934 tcrrae
478 2885 503 2934 et
516 2879 598 2934 mart.
615 2878 702 2933 Porro
718 2877 844 2933 clamare
859 2876 919 2943 Dei,
931 2880 976 2933 cst

150 2963 262 3021 tacere:
279 2981 347 3022 voce
360 2965 450 3039 igitur
462 2984 569 3040 magna
579 2966 716 3022 clamavit
726 2965 869 3035 Christus,
882 2982 974 3038 quan-

1029 1985 1087 2042 mci
1101 1986 1238 2053 exterius,
1254 1984 1317 2042 oleo
1331 1984 1449 2041 visibili.
1467 1984 1625 2041 Fideenim
1639 1984 1739 2040 crucis
1754 1987 1784 2040 ct
1797 1982 1854 2040 elsa

1028 2075 1127 2148 gratiae
1140 2072 1311 2146 spiritualis,
1324 2073 1458 2130 Christus
1469 2072 1593 2129 interius
1608 2088 1680 2128 suos
1693 2089 1711 2127 a
1726 2088 1786 2128 nou
1796 2071 1854 2128 sais

1028 2162 1180 2229 discernit,
1193 2167 1295 2220 contra
1306 2161 1524 2234 persecutiones
1538 2161 1644 2227 munit,
1659 2159 1691 2215 iu
1704 2161 1784 2216 hono
1793 2175 1855 2216 con·

1029 2254 1127 2308 firmat
1140 2259 1169 2308 et
1183 2256 1352 2309 constantes
1368 2251 1445 2308 lacit.
1460 2249 1585 2306 Ministri
1596 2248 1664 2305 vero
1677 2248 1801 2318 Christi,
1811 2261 1855 2305 eos

1028 2340 1134 2397 visibili
1152 2358 1237 2397 cruce
1252 2346 1280 2397 et
1295 2340 1358 2397 oleo
1369 2339 1476 2397 visibili
1492 2339 1619 2395 exterius
1633 2336 1800 2412 signantes,
1811 2350 1856 2394 sot

1029 2429 1154 2486 interius
1163 2429 1300 2496 discerni,
1311 2428 1419 2484 muniri
1432 2433 1460 2484 et
1468 2425 1634 2484 confirmari
1644 2427 1853 2483 demonstrant

1028 2521 1060 2576 ln
1073 2521 1219 2591 frontibus,
1235 2518 1343 2592 inquit,
1359 2534 1463 2574 corum.
1480 2517 1568 2573 Porro
1586 2531 1661 2589 puer
1676 2516 1798 2588 quando
1812 2530 1855 2571 oa·

1029 2607 1199 2674 techizatur,
1225 2607 1359 2680 signatur
1381 2605 1444 2662 oleo
1459 2605 1490 2660 ia
1505 2605 1626 2660 modum
1650 2603 1750 2659 crucis
1765 2603 1796 2659 iu
1810 2617 1854 2675 ps

1030 2701 1118 2764 ctore,
1135 2701 1168 2752 ut
1181 2697 1269 2752 fidem
1293 2695 1400 2752 Christi
1419 2694 1527 2750 haheat
1541 2693 1571 2748 in
1587 2693 1675 2748 corde
1689 2709 1697 2762 3
1725 2691 1855 2765 signatur

1029 2786 1105 2842 inter
1128 2784 1274 2857 scapulas,
1291 2789 1324 2840 ut
1347 2799 1423 2840 onus
1447 2781 1540 2839 solius
1563 2778 1671 2837 Christi
1689 2783 1804 2852 portst3
1820 2778 1855 2834 si·

1029 2880 1137 2950 gnatus
1152 2874 1310 2944 invertire,
1326 2878 1359 2930 ut
1370 2872 1525 2939 rationem,
1536 2886 1600 2943 que
1610 2869 1756 2942 eetjudea
1766 2868 1854 2926 homi·

1030 2964 1085 3034 nis,
1102 2969 1262 3020 conservet.
1275 2964 1356 3031 Quod
1368 2964 1441 3018 bene
1459 2961 1644 3035 significatur
1654 2973 1708 3031 per
1717 2957 1772 3015 hoc
1783 2957 1855 3031 quod

150 3054 187 3110 do
201 3071 307 3128 magno
322 3058 351 3110 et
374 3054 484 3111 efficaci
500 3055 622 3128 imperio
646 3056 792 3111 deamones
809 3055 972 3111 rel'rcnavit.
1030 3052 1065 3108 de
1080 3053 1224 3124 sanguiue
1235 3051 1302 3125 agni
1313 3051 1472 3108 liniebatur
1481 3057 1604 3122 uterque
1615 3047 1749 3122 postiset
1759 3061 1856 3119 sopm

150 3143 278 3209 Onatuor
292 3160 358 3200 vero
373 3144 479 3217 angeli,
493 3146 601 3217 quibus
617 3145 761 3217 praecipue
777 3145 877 3200 dolum
895 3144 973 3201 labo·
989 3121 1011 3189 G
1030 3141 1164 3197 liminare
1188 3142 1305 3210 domus,
1331 3141 1361 3197 in
1382 3157 1441 3213 qua
1462 3155 1558 3213 agnus
1580 3136 1801 3193 comedebatur.
1827 3134 1856 3191 ln

150 3232 283 3289 rantibus
298 3233 327 3288 in
338 3237 416 3289 tarra
430 3237 459 3290 et
469 3234 543 3289 mari
554 3251 667 3302 nocere,
682 3237 751 3291 sunt
762 3233 974 3306 spiritusluxu·

150 3322 210 3389 riae,
227 3322 348 3394 spiritus
364 3322 517 3396 superbia,
541 3323 662 3396 spiritns
677 3322 898 3396 gastrimargia,
915 3321 974 3394 spi-

150 3408 224 3465 ritus
233 3409 367 3465 avaritia.
378 3410 544 3467 Undetoel:
559 3435 572 3460 e
585 3411 755 3479 Residuum,
766 3410 870 3482 inquit,
884 3426 975 3465 cruca

150 3497 974 3567 eomeditlocusta,residuumlocustmcemeditbruchus,

150 3585 301 3642 residuum
317 3586 421 3643 bruchi
432 3588 559 3643 comedit
570 3605 666 3662 erugo
678 3590 752 3660 (toci.
770 3593 801 3656 r.)
814 3612 827 3638 υ
839 3590 914 3645 Sane
925 3606 976 3661 per

150 3690 278 3742 crucam,
291 3691 354 3747 qum
367 3692 402 3732 ex
411 3674 680 3734 oleribusnascitur
690 3681 718 3733 et
729 3676 816 3744 foliis,
829 3682 857 3733 et
868 3694 976 3734 cacon-

150 3763 251 3830 sumit,
269 3764 452 3836 significatur
467 3764 592 3834 luxuria,
607 3784 671 3839 quac
684 3783 718 3823 cx
733 3783 818 3822 carne
834 3766 974 3835 nascitur,

150 3856 179 3909 st
193 3868 258 3907 sam
273 3853 432 3908 consumit.
449 3853 503 3909 Per
512 3853 657 3910 locustam
668 3872 745 3923 vero,
758 3873 821 3927 qus
837 3855 866 3910 in
882 3855 975 3911 altum

37 3971 45 3987 ι
150 3941 230 4013 salit,
246 3946 275 3997 et
289 3942 344 3998 cito
360 3942 526 4014 deponitur,
550 3944 734 4017 significatur
752 3944 908 4017 superbia3
925 3960 977 4016 per

151 4029 306 4096 bruchum,
324 4031 374 4102 qui
387 4037 432 4087 cst
447 4033 523 4088 letus
534 4033 662 4096 locustae,
679 4037 836 4106 antequam
853 4032 913 4090 alas
927 4033 976 4087 ha-

151 4119 228 4185 beat,
246 4118 296 4190 qui
313 4118 467 4190 semperin
483 4118 542 4176 imo
553 4121 655 4192 jacens
671 4121 743 4188 loco,
760 4122 881 4179 herbam
897 4122 976 4195 peni-

152 4211 200 4264 tus
216 4207 354 4274 corrodit,
370 4212 488 4264 notatur
509 4209 724 4284 gastrimarm'a.
742 4213 796 4267 Per
810 4211 975 4284 rubiginem

151 4315 228 4363 vero,
251 4314 314 4369 quas
340 4296 458 4352 metalla
482 4299 624 4369 sequitur,
652 4299 771 4354 arraritin
794 4300 974 4371 designatur.

152 4386 260 4445 Multos
274 4386 382 4458 quippo
397 4387 545 4443 consumit
556 4387 680 4444 luxuria.
697 4389 732 4444 Et
747 4404 821 4461 quos
837 4406 894 4443 non
911 4405 976 4443 con-

1030 3231 1251 3287 confirmatione
1274 3247 1341 3286 vero
1358 3231 1391 3285 fit
1405 3229 1504 3285 unctio
1528 3226 1558 3283 iu
1576 3226 1698 3283 modum
1713 3224 1813 3281 crucis
1826 3224 1855 3279 iu

1030 3319 1134 3386 fronte,
1148 3336 1211 3391 qua
1223 3327 1267 3374 est
1277 3319 1361 3375 sedes
1370 3317 1490 3391 pudoris
1502 3320 1531 3372 et
1539 3332 1608 3388 pars
1621 3313 1754 3386 corporis
1765 3311 1856 3386 magis

1030 3409 1174 3476 eminens,
1191 3409 1324 3464 attidem
1341 3406 1448 3463 Christi
1464 3400 1857 3462 nonerubescatiutribula·

1029 3498 1119 3564 tione,
1146 3498 1196 3553 sed
1222 3498 1320 3569 potius
1344 3498 1517 3553 confiteatur
1541 3491 1722 3566 etpredicet
1749 3493 1855 3564 aperte.

1030 3587 1111 3653 Quod
1126 3586 1200 3642 hene
1211 3587 1406 3659 significatur,
1416 3583 1622 3658 perhocquod
1633 3581 1781 3638 Dominus
1792 3595 1857 3653 pre

1030 3675 1107 3747 cepit
1116 3675 1146 3730 in
1159 3675 1307 3732 Ezechiele
1317 3674 1426 3748 signari
1437 3673 1565 3729 litteram
1576 3670 1660 3727 Thau
1670 3670 1702 3725 iu
1714 3668 1857 3725 frontibus

1029 3764 1191 3821 dolentium
1206 3770 1236 3821 et
1251 3765 1432 3838 gementium
1447 3763 1483 3819 de
1498 3759 1706 3834 iniquitatibus
1720 3759 1855 3826 aliorum,

1031 3860 1064 3910 ut
1079 3855 1121 3910 sic
1146 3854 1379 3910 discernerentur
1394 3856 1423 3909 et
1445 3850 1703 3924 premunirentur,
1724 3864 1778 3904 nse
1792 3862 1856 3904 cam

1030 3942 1232 4017 peccatoribus
1253 3945 1452 4015 perderentur.
1469 3944 1502 3997 Εἰ
1516 3939 1621 4008 audivi,
1636 3937 1748 4010 inquit,
1762 3952 1856 3994 omne

1030 4049 1093 4088 rtem
1106 4034 1292 4105 stpnotorem,
1312 4040 1421 4087 centum
1435 4030 1620 4103 quudrcpicte
1633 4036 1755 4100 quatuor
1767 4027 1857 4083 mittis

1029 4123 1134 4191 sr'prrnti
1147 4137 1182 4176 cc
1197 4123 1273 4177 triba
1286 4122 1409 4192 fitiorum
1423 4121 1518 4177 lsrett.
1533 4119 1607 4175 Cum
1627 4119 1715 4190 juxta
1730 4115 1856 4172 litteram

1029 4211 1221 4281 videaturper
1231 4208 1309 4265 hunc
1321 4225 1477 4265 numerum
1488 4207 1594 4264 electos
1605 4208 1641 4263 de
1650 4205 1761 4263 tudeis
1769 4202 1857 4278 signi

1030 4300 1127 4364 ficare,
1141 4304 1169 4353 et
1180 4298 1357 4370 perturbem
1371 4296 1627 4363 innumerabilem,
1639 4311 1729 4367 quam
1738 4294 1857 4366 subjan-

1030 4389 1082 4461 git‚
1100 4387 1207 4443 electos
1222 4387 1415 4460 degentibus.
1432 4387 1487 4444 Sed
1503 4387 1574 4458 quia
1587 4383 1744 4457 superbos
1754 4380 1858 4439 incerti

152 4475 244 4533 suerit
258 4474 384 4542 luxuria,
401 4475 552 4531 tumetacit
562 4477 707 4548 superbia.
723 4476 756 4532 m
768 4494 842 4549 quos
857 4478 913 4533 ista
923 4492 976 4532 nos
992 4496 1015 4561 D
1031 4492 1146 4542 sumus,
1162 4479 1191 4531 et
1204 4477 1264 4532 lere
1279 4480 1357 4533 totus
1373 4477 1428 4532 iste
1443 4476 1517 4532 liber
1531 4473 1736 4549 aenigmaticus
1751 4476 1808 4539 est,
1823 4469 1857 4526 ad

152 4569 301 4638 superant,
317 4569 436 4638 superat
446 4565 597 4638 gulositas.
615 4568 691 4632 Quos
701 4583 767 4622 vero
779 4564 894 4621 nullum
906 4566 975 4621 isto-

152 4671 219 4711 rum
234 4655 333 4722 vincit‚
350 4654 441 4709 vincit
455 4654 585 4710 avaritia.
603 4658 707 4711 Contra
722 4654 783 4709 haec
798 4658 923 4726 quatuor
937 4654 977 4708 vi-

87 4766 95 4773 ·
153 4744 194 4800 tia
209 4760 262 4800 nos
278 4747 377 4800 monet
391 4743 519 4800 loannes
535 4744 634 4800 dicens
649 4761 655 4798 :
668 4767 681 4794 «ι
696 4743 876 4811 charissimi,
889 4742 978 4799 nolite

154 4830 274 4905 diligere
290 4833 447 4898 muudum,
458 4848 510 4887 nec
525 4849 559 4888 ea
573 4849 637 4905 quta
653 4833 682 4887 iu
696 4832 805 4887 mundo
816 4834 895 4888 sunt.
910 4830 977 4886 Om-

154 4921 236 4976 nium
253 4921 395 4993 quidquid
411 4925 456 4976 est
471 4921 500 4976 ia
517 4922 638 4989 mundo,
654 4926 759 4977 estnut
771 4920 978 4993 concupiscen-

153 5009 195 5064 tia
210 5007 371 5076 oculorum,
387 5014 439 5064 aut
451 5011 687 5083 concupiscentia
697 5009 802 5079 carnis,
814 5015 866 5065 aut
880 5025 980 5082 super-

155 5096 204 5152 bia
217 5096 281 5151 vitae
306 5114 369 5169 quae
392 5115 449 5153 non
464 5104 509 5155 cst
523 5118 557 5156 ex
582 5100 640 5157 Deo
664 5100 746 5155 Patre
771 5101 795 5171 (l
805 5103 887 5156 teon.
903 5100 947 5167 rr.)
964 5119 978 5147 υ

155 5184 978 5262 Perconcupisceutiamcornis,gulositatcmetluxuriam;

155 5291 206 5346 per
221 5274 487 5345 concupiscentiam
499 5278 661 5346 oculorum,
673 5278 823 5335 avaritiam
835 5277 978 5350 designat.

191 5361 300 5417 Horum
317 5362 407 5437 igitar
420 5370 546 5436 quatuor
570 5368 707 5424 vitiorum
728 5368 839 5441 specics
854 5366 980 5421 refrenat

155 5450 307 5517 Dominus,
324 5454 359 5507 nc
375 5454 436 5509 suis
451 5455 550 5510 electis
570 5456 677 5525 obsint,
695 5457 813 5514 dicens:
831 5456 918 5512 Nolite
930 5471 978 5509 oo-

155 5556 215 5599 cerc
228 5547 311 5600 tcrrae
332 5551 357 5598 et
371 5545 445 5599 mori
469 5559 555 5617 ireque
583 5547 736 5604 arboribus.
758 5547 878 5602 Constat
901 5543 979 5617 quod

1031 4565 1188 4638 mysticum
1204 4565 1376 4634 reseramus,
1392 4570 1425 4621 ut
1440 4563 1640 4637 intelligamus
1655 4579 1708 4635 per
1719 4561 1800 4618 bunc
1810 4576 1859 4616 no-

1032 4671 1146 4710 mcrum
1161 4671 1219 4710 non
1235 4660 1318 4726 quot,
1333 4655 1384 4711 sed
1410 4654 1513 4727 quales
1532 4653 1593 4709 sint
1605 4651 1713 4725 signati
1729 4668 1765 4706 ex
1778 4648 1856 4706 omni

1031 4743 1110 4799 tribu
1126 4743 1253 4800 filiorum
1269 4744 1368 4814 lsrael,
1383 4743 1412 4799 id
1428 4747 1474 4799 est
1485 4759 1520 4798 ex
1531 4738 1858 4814 omnihusgeutihusti·

1033 4833 1100 4889 dem
1115 4832 1205 4888 Jacob
1220 4832 1414 4890 imitantibus.
1432 4834 1486 4888 Per
1500 4835 1618 4888 contum
1634 4828 1726 4902 igitur
1736 4827 1858 4902 quadra·

1033 4913 1857 4994 gintaquatoormillia,omneselsctidequstuorrnnndi

1033 5009 1165 5083 partibus
1189 5010 1401 5084 significantur.
1427 5011 1482 5066 Per
1495 5006 1691 5082 quadraginta
1702 5007 1784 5063 enim
1800 5002 1859 5062 scol

1033 5098 1156 5172 piantur
1171 5101 1352 5172 prenitentes,
1369 5117 1420 5172 per
1434 5103 1564 5167 contum,
1581 5094 1711 5170 perlecti,
1726 5109 1782 5168 per
1794 5092 1858 5151 mil·

1033 5187 1081 5257 lia,
1100 5189 1296 5261 perlectiores,
1313 5206 1364 5262 per
1376 5193 1511 5262 quatuor,
1524 5191 1651 5261 quatuor
1661 5189 1762 5259 partes
1773 5199 1858 5241 muu-

1034 5276 1074 5333 di.
1090 5279 1131 5333 lde
1146 5281 1230 5348 trite,
1254 5279 1360 5352 inquit,
1375 5278 1447 5336 tude
1464 5277 1606 5334 duodecim
1628 5275 1723 5331 mittio
1745 5272 1857 5344 sapsam

1035 5365 1088 5421 Per
1102 5365 1219 5433 tudam,
1243 5367 1293 5440 qui
1307 5367 1437 5439 confitens
1455 5366 1672 5438 interpretatur,
1689 5362 1860 5420 consents·

1034 5454 1248 5526 significantur.
1261 5459 1391 5523 Quorum
1402 5454 1568 5520 duodecim,
1579 5453 1609 5509 id
1624 5456 1669 5510 est
1680 5456 1726 5509 tar
1737 5454 1861 5527 quatuor

1035 5543 1233 5617 suntsignati,
1244 5545 1274 5601 id
1284 5549 1439 5603 estomnes
1449 5545 1485 5602 de
1495 5547 1623 5618 quatuor
1631 5540 1860 5616 par-tibunien-
