3816 6006
149 256 228 323 {illd
407 255 459 318 AD
482 252 737 319 HODHFlllDDH
759 249 928 316 semro.
952 245 1212 313 ll.-leliUltl.
1236 247 1287 311 Dlt'
1308 245 1431 309 nuato
1452 243 1589 309 sabao.
1695 308 1708 331 ‚
1773 243 1853 305 ml

151 390 295 459 seculum,
310 393 340 447 et
354 388 534 447 donaverunt
553 405 584 446 se
603 386 735 445 societati
746 384 850 443 Christi
875 388 904 440 ct
927 382 973 439 di·
988 382 1016 453 Α
1029 397 1081 455 per
1091 381 1251 438 Saracenos
1262 380 1313 453 qui
1323 378 1526 437 custodiebant
1537 394 1646 435 muros.
1659 378 1694 433 lit
1705 375 1854 435 Saldanus

152 479 348 553 scipulorum:
365 483 393 535 et
408 477 478 551 quia
493 494 550 534 non
565 477 756 535 reddiderunt
769 475 828 532 Deo
841 477 870 531 et
885 488 974 530 saera
1029 469 1167 543 precepit
1181 468 1342 538 Saracenis,
1367 468 1416 541 qui
1441 471 1651 525 accusaverunt
1678 483 1758 537 eum,
1775 467 1854 540 quod

150 568 254 628 domui
269 566 428 641 Hospitalis
438 571 467 623 et
476 566 663 640 pauperibus,
673 569 701 622 et
711 583 769 621 uon
787 564 976 637 portaverunt
1031 559 1147 632 quaudo
1168 558 1322 631 projiceret
1337 575 1443 630 panem
1455 556 1640 624 Christianis,
1649 555 1749 628 ipsum
1772 572 1856 629 rape-

155 659 192 717 ad
202 658 290 734 pedes
304 656 516 730 discipulorum
528 655 600 711 illud
612 655 689 728 quod
710 650 977 718 habebasslsmfflui
1031 661 1096 713 rent
1110 660 1138 712 et
1154 656 1293 712 ducerent
1309 673 1376 711 euin
1392 655 1460 724 sibi,
1477 671 1544 710 eum
1559 658 1619 711 toto
1634 671 1719 727 pune,
1734 657 1763 710 et
1774 653 1858 709 aliter

157 752 228 805 sunt
245 747 399 804 subitanea
414 749 521 814 morte;
534 750 562 801 et
577 750 698 801 sanctus
711 745 814 799 Petrus
839 758 896 798 non
912 757 976 813 per·
1031 763 1099 803 eum
1115 763 1172 802 uon
1189 746 1334 801 credebat.
1351 745 1458 801 Deinde
1474 745 1553 800 venit
1565 744 1696 800 unadics
1706 743 1859 799 Corradus

157 835 238 893 misit
253 835 321 908 poni
335 851 437 892 eorum
454 851 575 906 corpora
590 832 621 889 iu
633 831 786 901 cimiterio,
798 848 897 905 ymmo
910 829 978 886 lecit
1032 834 1077 891 vel
1086 835 1232 891 Gerardus
1244 833 1366 890 iaciebat
1375 835 1417 890 uti
1428 833 1550 905 solebat,
1560 832 1741 907 projiciendo
1753 847 1859 905 panem

157 942 206 983 eos
230 923 341 997 sepiliri
364 928 454 993 extra,
480 927 620 996 tanquam
637 920 913 978 excommunicatos.
945 919 980 975 Et
1034 923 1268 989 Christianis;et
1284 923 1431 992 Saraceni,
1447 940 1513 978 eum
1534 939 1608 995 pane
1632 938 1719 994 quem
1736 921 1862 977 babebat

157 1018 289 1087 tempore
305 1030 363 1087 quo
377 1013 456 1070 Deus
471 1011 553 1068 misit
568 1011 652 1068 uobis
668 1009 816 1084 apostolos
841 1013 869 1064 et
892 1008 979 1064 disci·
1035 1013 1065 1070 in
1076 1013 1198 1086 gremio,
1211 1012 1309 1084 ipsum
1324 1015 1474 1086 oeperunt,
1492 1013 1676 1069 etduxerunt
1686 1027 1754 1066 eum
1764 1025 1861 1065 coram

157 1102 244 1178 pulos
258 1119 329 1159 suos
339 1103 375 1159 ad
393 1101 621 1175 predicandum,
639 1105 667 1156 et
687 1099 729 1155 illi
749 1102 832 1155 erant
856 1097 979 1169 antiqui,
1035 1100 1178 1158 soldano:
1196 1105 1224 1156 et
1238 1101 1356 1173 quando
1376 1099 1512 1157 Saraceni
1535 1099 1740 1156 monstrabant
1756 1115 1860 1171 panem

158 1192 234 1249 sicut
248 1196 368 1248 sanctus
382 1189 560 1264 Stephanus.
582 1190 632 1262 qui
653 1189 708 1245 fuit
726 1188 840 1262 primus
860 1191 980 1259 martyr,
1036 1189 1172 1258 soldano,
1201 1193 1271 1246 tunc
1288 1188 1336 1246 ille
1360 1190 1455 1264 panis,
1470 1190 1579 1263 ,virtuts
1595 1189 1657 1258 Dei,
1678 1189 1860 1245 efficiebatur

157 1285 188 1339 et
198 1279 351 1355 Philippus
365 1278 783 1354 prothomartyr,Nichauome,
793 1276 981 1349 Thymoeeun
1036 1279 1122 1353 lapis.
1137 1281 1173 1334 Ht
1187 1280 1304 1351 quaudo
1320 1279 1464 1336 soldanus
1478 1278 1551 1334 vidit
1571 1277 1718 1334 maliciam
1744 1277 1860 1334 Horace

159 1371 332 1443 Permanan,
344 1368 508 1442 Nyeholaus
529 1367 737 1425 Antiochense.
764 1366 814 1423 lsti
837 1364 982 1421 custodie·
1037 1384 1152 1435 uorum,
1169 1367 1281 1424 dimisit
1292 1372 1369 1425 staro
1380 1369 1545 1424 Conradum
1556 1372 1584 1423 et
1594 1367 1732 1440 praecepit
1747 1365 1803 1423 sibi
1809 1407 1815 1433 ,
1830 1370 1861 1420 ut

159 1460 232 1519 haut
242 1459 348 1516 domus
363 1457 522 1532 Hospitalis
535 1461 563 1513 et
577 1456 743 1513 serviebant
756 1455 936 1529 pauperibus
949 1471 983 1510 ex
1038 1457 1101 1514 siue
1115 1458 1219 1514 timore
1232 1457 1424 1525 Christianos,
1440 1462 1471 1513 ut
1481 1460 1679 1524 consueverat,
1691 1455 1860 1512 debellaret.

159 1552 304 1625 precepto
318 1545 434 1604 Domini
450 1547 541 1603 nostri
556 1547 625 1603 lesu
642 1544 758 1602 Christi.
780 1545 811 1600 ln
828 1545 884 1600 isto
909 1547 982 1599 tem·
1037 1548 1072 1603 Et
1087 1547 1203 1620 quaudo
1219 1547 1378 1615 conradus,
1395 1547 1437 1603 rel
1459 1546 1614 1615 Gerendus,
1632 1544 1745 1601 audivit
1767 1545 1859 1612 istud,

160 1653 231 1713 pore
245 1640 328 1695 arsut
342 1637 372 1693 iu
387 1636 489 1693 codem
504 1634 567 1692 loeo
583 1634 681 1691 multae
691 1638 720 1691 et
736 1633 854 1690 diversa
866 1649 984 1706 genera·
1038 1636 1169 1708 quolibet
1184 1635 1230 1692 dic
1244 1634 1417 1708 projiciebat
1432 1652 1537 1709 panem
1549 1634 1723 1691 Christianis
1738 1632 1800 1691 Dei.

159 1727 255 1784 tiones
269 1725 438 1795 hominum;
454 1724 612 1798 aliquando
627 1724 727 1793 Greci,
749 1722 907 1796 aliquando
931 1722 984 1777 Ca·
1073 1726 1109 1782 Et
1124 1725 1282 1782 Godsridus
1297 1726 1332 1781 de
1346 1723 1451 1798 boylen
1467 1725 1547 1781 stetit
1561 1727 1687 1781 tantum.
1700 1740 1768 1780 cunr
1783 1740 1862 1778 exer

159 1815 267 1891 ryscni,
282 1815 332 1889 qni
345 1814 484 1871 tenebant
498 1812 815 1872 civitatemlsrusalem
833 1816 863 1870 ct
874 1815 982 1869 terram
1038 1813 1096 1870 eitu
1112 1831 1176 1883 suo,
1198 1818 1265 1870 aute
1288 1813 1463 1881 Jerusalem,
1481 1814 1558 1888 quod
1575 1813 1638 1887 ipse
1660 1813 1739 1886 cepit
1763 1812 1862 1868 civita-

159 1903 383 1980 promissionis;
397 1907 427 1960 et
437 1903 502 1972 hoe,
520 1921 578 1959 non
594 1904 729 1960 obstante
744 1903 822 1976 quod
838 1902 916 1957 dicta
931 1900 983 1957 do·
1036 1907 1096 1959 tem
1112 1907 1140 1959 ct
1155 1903 1298 1960 interiecit
1313 1902 1421 1960 multos
1436 1904 1605 1971 Saracenos,
1621 1907 1646 1958 et
1667 1901 1785 1958 habetat
1804 1918 1863 1957 ma·

160 2010 227 2052 mus
243 1998 320 2052 esset
339 1992 370 2050 in
385 2009 493 2066 magna
506 1995 686 2066 paupertate,
698 1996 798 2048 tamen
806 1991 985 2063 recipiebant
1037 2010 1130 2067 gnum
1146 1991 1286 2066 gaudiam
1302 1991 1472 2048 devictoris
1487 1992 1597 2060 habita,
1614 2008 1703 2064 quam
1718 1991 1797 2049 Deus
1817 1991 1864 2046 de-

160 2098 305 2158 pauperes
315 2082 497 2139 etiafirmos.
510 2081 545 2137 llt
555 2078 896 2154 quanlovenitllnaliter
906 2078 984 2151 quod
1041 2083 1123 2139 derat
1138 2081 1191 2150 eis,
1208 2085 1236 2137 et
1250 2085 1392 2137 venerunt
1407 2081 1443 2136 ad
1459 2085 1593 2137 sanctam
1610 2079 1799 2153 sepulchrum
1814 2079 1863 2135 Do·

160 2171 298 2229 Saraceni
320 2170 485 2226 habuerant
507 2171 627 2226 domam
652 2168 827 2236 Jerusalem,
842 2171 871 2225 et
894 2166 985 2225 Graeci
1040 2170 1113 2226 mini
1128 2171 1230 2239 nostri,
1256 2174 1413 2240 cautando,
1444 2174 1472 2225 et
1494 2169 1603 2242 gratias
1629 2170 1687 2225 Deo
1706 2170 1863 2225 reddendo.

162 2260 369 2333 perdiderunt;
384 2275 462 2314 unus
478 2258 611 2314 servulus
624 2259 695 2315 Jesu
706 2257 822 2325 Christi,
839 2257 888 2330 qui
905 2275 987 2313 voca·
1040 2259 1150 2317 Deinde
1164 2259 1279 2316 iverunt
1293 2259 1327 2315 ad
1344 2258 1444 2315 omnia
1458 2257 1596 2315 alialoca.
1611 2260 1646 2314 lit
1659 2257 1766 2315 deinde
1783 2258 1864 2314 baro·

162 2347 418 2415 baturCoarsdus,
431 2347 614 2404 custodiebat
623 2347 881 2403 sauctamdomum
890 2346 989 2418 hospi·
1041 2365 1094 2405 nes
1123 2349 1286 2405 diviserunt
1314 2347 1515 2420 possessiones
1528 2347 1685 2416 Jerualem,
1702 2350 1731 2403 et
1743 2348 1865 2405 donare

162 2435 242 2505 talis,
258 2439 287 2495 et
301 2428 488 2505 elemosinas,
504 2453 569 2508 quse
588 2435 734 2492 dabantur
753 2434 809 2492 sibi
832 2452 849 2493 a
869 2437 987 2492 Sarace-
1042 2441 1112 2495 ruut
1127 2437 1203 2493 dicto
1230 2437 1372 2506 Conrado,
1402 2437 1447 2493 rel
1471 2437 1607 2505 (isnardo,
1631 2436 1773 2510 magistro
1795 2435 1864 2492 dicti

162 2526 220 2596 nis,
236 2524 300 2599 ipse
312 2525 440 2582 donabat
453 2525 641 2599 pauperibus,
655 2530 683 2583 et
698 2524 840 2581 serviebat
850 2525 893 2580 eis
910 2524 989 2580 bsui-
1043 2524 1200 2599 Hospitalis
1215 2525 1390 2594 Jerusalem,
1412 2542 1549 2599 magnam
1569 2531 1680 2596 partem
1704 2525 1865 2599 possessio-

166 2613 271 2689 gniter.
1043 2633 1125 2683 num,
1134 2616 1169 2671 ad
1185 2615 1324 2671 honorem
1336 2614 1584 2675 sanatltohnnnis
1594 2614 1741 2690 Baptista,
1753 2614 1865 2689 patroni

202 2703 310 2760 lisdem
327 2708 467 2777 tempore,
484 2704 601 2776 quando
617 2703 675 2759 Deo
691 2703 802 2760 Placuit
815 2703 894 2775 quod
908 2702 988 2758 Chri·
1043 2705 1175 2776 ejusdcm
1191 2704 1358 2776 Hospitalis.
1376 2705 1495 2772 Deinde,
1507 2711 1637 2779 tempore
1653 2705 1721 2761 dicti
1734 2704 1866 2778 magistri

166 2791 523 2849 stianihsbsreutterram
539 2791 753 2866 promissionis,
777 2793 934 2849 Godlridus
954 2793 990 2850 dc
1044 2792 1177 2850 conradi.
1191 2792 1235 2849 rel
1261 2793 1391 2860 Gerardi,
1416 2799 1493 2852 Deus
1520 2793 1725 2867 multiplicarit
1741 2794 1865 2850 multum

167 2880 285 2957 Boylon,
303 2885 332 2938 et
347 2897 454 2955 magna
465 2880 623 2937 multitudo
634 2882 809 2938 barenorum
822 2885 850 2936 ct
861 2881 989 2954 peregri·
1045 2882 1152 2939 dictam
1161 2882 1342 2939 mansionem
1354 2883 1512 2957 Hospitalis
1522 2884 1558 2940 de
1571 2883 1745 2956 redditibus,
1759 2900 1868 2958 posses

166 2987 284 3041 norum,
300 2969 351 3043 qni
365 2970 475 3028 suerint
490 2969 624 3027 instructi
648 2988 700 3044 ρον
721 2971 849 3026 divinam
865 2969 990 3043 gratiam
1045 2972 1178 3029 sionibus
1192 2975 1221 3028 et
1235 2971 1486 3030 dominationibus
1496 2990 1547 3046 ρον
1558 2973 1867 3047 regnumlerosolimi-

167 3064 196 3117 et
210 3060 456 3134 pradicationem,
473 3063 616 3117 venerunt
631 3076 683 3132 per
696 3060 799 3134 longas
813 3064 916 3129 terras,
940 3076 992 3133 per
1045 3064 1159 3117 tanum.
1176 3062 1211 3117 Et
1226 3062 1343 3134 quando
1358 3062 1509 3119 Corradus
1524 3061 1578 3118 fuit
1598 3066 1745 3130 mortuus,
1773 3063 1869 3119 anima

167 3154 282 3206 montes
296 3154 326 3206 et
338 3149 439 3221 valles,
456 3153 485 3205 et
500 3166 549 3222 por
564 3154 672 3206 terram
693 3149 852 3215 Romanis,
875 3148 905 3204 iu
929 3154 989 3204 An·
1005 3152 1027 3218 c
1046 3151 1110 3222 ejus
1134 3149 1184 3207 ivit
1204 3150 1235 3205 in
1259 3151 1439 3223 paradisum.
1466 3153 1500 3207 lit
1521 3151 1610 3208 lratcr
1629 3152 1822 3226 liaymnndus
1837 3152 1870 3207 de

166 3237 307 3307 tioeham3
339 3242 369 3295 et
393 3238 660 3306 obsederuntcam,
676 3243 705 3294 et
720 3238 827 3294 virtuts
842 3237 892 3293 Dei
908 3253 991 3311 eope·
1047 3239 1107 3312 Pup
1131 3238 1187 3295 luit
1210 3239 1388 3313 subrogatus
1413 3240 1557 3312 ejusdem,
1588 3239 1651 3297 loeo
1675 3242 1758 3314 ejus;
1783 3247 1811 3298 et
1834 3242 1868 3297 ad

167 3332 325 3384 runtcam.
353 3327 384 3383 ln
401 3326 461 3394 illa,
487 3326 665 3400 perlldorum
690 3327 900 3383 Saracenorum
930 3344 992 3382 ma-
1046 3326 1163 3384 laudem
1179 3327 1229 3385 Dei
1245 3328 1526 3399 aedificavitcasalia,
1541 3330 1709 3386 mansiones
1720 3335 1750 3386 ct
1764 3335 1867 3398 castra;

166 3431 255 3491 gnam
271 3415 492 3473 multitudinem
513 3416 707 3488 perirrreruut.
732 3416 772 3471 De
797 3433 855 3488 qua
878 3416 992 3472 iverunt
1045 3420 1074 3472 et
1088 3416 1250 3474 melioravit
1265 3416 1391 3474 multum
1408 3419 1590 3476 mansionem
1606 3419 1641 3476 de
1663 3420 1781 3494 magnis
1804 3437 1868 3494 pos·

167 3503 244 3561 ultra
259 3503 296 3560 ad
311 3503 456 3560 civitatem
471 3505 507 3563 de
522 3503 658 3578 Trypoly,
674 3508 703 3560 et
717 3508 856 3577 ceperunt
866 3521 940 3569 eam.
957 3504 993 3560 Et
1045 3505 1237 3564 sessionibus.

166 3591 271 3649 exinde
285 3596 425 3664 ceperunt
438 3594 541 3665 Acrys:
567 3597 596 3648 st
610 3593 678 3648 iude
693 3593 808 3648 iverunt
822 3593 858 3649 ad
882 3597 991 3650 terram

167 3679 340 3737 Jerusalem.
358 3680 391 3736 ilt
403 3680 433 3737 in
449 3696 551 3737 eorrrnr
567 3682 693 3737 exercitu
707 3680 920 3738 babebaattam
932 3699 992 3739 ma·
1063 3728 1069 3739 .

1082 3638 1132 3696 lllc
1152 3639 1240 3696 irater
1263 3640 1455 3715 lisymundus
1479 3642 1545 3699 lecit
1568 3642 1769 3700 stabilimenta
1792 3661 1869 3701 man·

167 3784 257 3844 gnam
272 3768 390 3839 samem,
406 3769 484 3842 quod
499 3770 583 3842 quasi
599 3786 656 3824 non
673 3769 819 3826 habebant
834 3787 939 3842 panem
954 3771 990 3827 ad
1045 3728 1136 3785 srouis
1156 3729 1324 3803 Hospitalis,
1350 3747 1413 3803 qnae
1429 3729 1458 3786 in
1480 3731 1583 3788 cadem
1609 3732 1696 3788 domo
1718 3738 1870 3790 servantur

167 3857 391 3917 comedendum.
413 3858 495 3914 'l'unc
518 3857 566 3914 ille
589 3858 748 3928 conradus,
774 3858 823 3931 qui
849 3860 991 3916 serviebat

167 3947 348 4021 pauperibus
360 3945 521 4021 Hospitalis
536 3947 776 4017 ierosolimitani,
789 3947 919 4020 quolibet
943 3949 990 4005 dic

167 4039 213 4093 ter
224 4034 269 4093 vel
284 4040 397 4109 quater,
414 4036 541 4110 ponebat
552 4036 589 4093 de
604 4053 680 4110 pane
694 4035 725 4092 in
740 4053 793 4094 suo
815 4037 937 4110 gremio,
962 4042 990 4095 et
1081 4039 1157 4097 Deus
1177 4039 1296 4097 Greator
1319 4040 1451 4097 omnium
1467 4040 1572 4098 liberet
1592 4042 1696 4099 tratres
1714 4040 1870 4116 Hospitalis

166 4124 293 4200 desuper
303 4141 403 4183 muros
416 4129 498 4183 terre
507 4125 678 4200 projiciebat
689 4143 794 4199 panem
805 4125 990 4196 Christianis,
1044 4129 1080 4185 ab
1096 4128 1234 4186 omnibus
1249 4129 1336 4185 malis
1351 4134 1493 4186 eteorum
1508 4131 1645 4204 peccatis,
1662 4136 1692 4187 et
1712 4131 1756 4188 eis
1772 4146 1870 4187 eonce-

167 4211 230 4270 loeo
251 4212 393 4288 lapidum;
418 4219 447 4272 et
470 4214 523 4272 iste
546 4215 707 4285 conradus,
730 4214 781 4288 qui
809 4216 991 4272 custodiebat
1044 4216 1708 4293 datgratiamvcniendindcaelestemgloriam
1725 4237 1796 4276 cum
1811 4235 1869 4276 om·

167 4317 311 4378 pauperes
322 4303 483 4378 Hospitalis
498 4304 553 4361 luit
569 4309 723 4362 accusatus
739 4319 836 4361 coram
852 4304 987 4362 Saldano.
1045 4304 1132 4363 nibus
1147 4322 1248 4363 eorum
1262 4307 1507 4378 benefactoribus,
1522 4310 1624 4365 Amen.

1045 3818 1151 3887 adbuc;
1167 3823 1196 3875 et
1211 3819 1352 3892 regulam,
1369 3825 1397 3875 et
1419 3836 1436 3875 a
1464 3837 1541 3893 papa
1560 3820 1727 3879 innocentio
1742 3823 1869 3880 seeundo

1044 3904 1113 3961 sooit
1126 3905 1222 3979 ipsam
1238 3906 1416 3977 coullrmsri,
1427 3911 1481 3963 cte.
