<?xml version="1.0" encoding="UTF-8"?>
<!DOCTYPE html PUBLIC "-//W3C//DTD XHTML 1.0 Transitional//EN"
    "http://www.w3.org/TR/xhtml1/DTD/xhtml1-transitional.dtd">
<html xmlns="http://www.w3.org/1999/xhtml" xml:lang="en" lang="en">
 <head>
  <title>
</title>
<meta http-equiv="Content-Type" content="text/html;charset=utf-8" />
  <meta name='ocr-system' content='tesseract 3.04.00' />
  <meta name='ocr-capabilities' content='ocr_page ocr_carea ocr_par ocr_line ocrx_word'/>
</head>
<body>
  <div class='ocr_page' id='page_1' title='image "./patrologiaecurs93unkngoog_0826.png"; bbox 0 0 3816 6006; ppageno 0'>
   <div class='ocr_carea' id='block_1_1' title="bbox 57 206 1766 290">
    <p class='ocr_par' dir='ltr' id='par_1_1' title="bbox 57 206 1766 290">
     <span class='ocr_line' id='line_1_1' title="bbox 57 206 1766 290; baseline -0.004 -11"><span class='ocrx_word' id='word_1_1' title='bbox 57 212 136 281; x_wconf 79' lang='lat' dir='ltr'>resa</span> <span class='ocrx_word' id='word_1_2' title='bbox 790 206 1032 275; x_wconf 72' lang='lat' dir='ltr'>ciaconius.</span> <span class='ocrx_word' id='word_1_3' title='bbox 1658 279 1661 282; x_wconf 67' lang='grc'>,</span> <span class='ocrx_word' id='word_1_4' title='bbox 1687 207 1766 290; x_wconf 75' lang='lat' dir='ltr'>teu</span> 
     </span>
    </p>
   </div>
   <div class='ocr_carea' id='block_1_2' title="bbox 54 344 1768 2206">
    <p class='ocr_par' dir='ltr' id='par_1_2' title="bbox 54 344 1768 1785">
     <span class='ocr_line' id='line_1_2' title="bbox 55 344 1768 426; baseline -0.002 -18"><span class='ocrx_word' id='word_1_5' title='bbox 55 345 885 426; x_wconf 80' lang='lat' dir='ltr'>Adhacquldquiddignitatiastauctoritatissercnissimi</span> <span class='ocrx_word' id='word_1_6' title='bbox 899 344 928 412; x_wconf 78' lang='lat' dir='ltr'>A</span> <span class='ocrx_word' id='word_1_7' title='bbox 943 344 1042 404; x_wconf 92' lang='lat' dir='ltr'>nullus</span> <span class='ocrx_word' id='word_1_8' title='bbox 1064 347 1153 405; x_wconf 90' lang='lat' dir='ltr'>hahet</span> <span class='ocrx_word' id='word_1_9' title='bbox 1176 349 1306 415; x_wconf 88' lang='lat' dir='ltr'>bannum</span> <span class='ocrx_word' id='word_1_10' title='bbox 1322 345 1514 423; x_wconf 65' lang='lat' dir='ltr'>(juridiction)</span> <span class='ocrx_word' id='word_1_11' title='bbox 1531 363 1625 422; x_wconf 90' lang='lat' dir='ltr'>neque</span> <span class='ocrx_word' id='word_1_12' title='bbox 1639 349 1768 422; x_wconf 82' lang='lat' dir='ltr'>potesta·</span> 
     </span>
     <span class='ocr_line' id='line_1_3' title="bbox 55 435 1768 515; baseline -0.002 -18"><span class='ocrx_word' id='word_1_13' title='bbox 55 457 147 515; x_wconf 84' lang='lat' dir='ltr'>papa,</span> <span class='ocrx_word' id='word_1_14' title='bbox 162 438 298 497; x_wconf 89' lang='lat' dir='ltr'>videlicet</span> <span class='ocrx_word' id='word_1_15' title='bbox 308 438 446 505; x_wconf 81' lang='lat' dir='ltr'>loannes,</span> <span class='ocrx_word' id='word_1_16' title='bbox 460 439 645 508; x_wconf 79' lang='lat' dir='ltr'>Benedictus,</span> <span class='ocrx_word' id='word_1_17' title='bbox 658 438 724 507; x_wconf 85' lang='lat' dir='ltr'>Leo,</span> <span class='ocrx_word' id='word_1_18' title='bbox 736 437 883 509; x_wconf 90' lang='lat' dir='ltr'>Urbanus,</span> <span class='ocrx_word' id='word_1_19' title='bbox 938 435 1671 513; x_wconf 75' lang='lat' dir='ltr'>temnislabbasGorniensis,prepositusquesuus,</span> <span class='ocrx_word' id='word_1_20' title='bbox 1682 436 1768 494; x_wconf 85' lang='lat' dir='ltr'>etmi-</span> 
     </span>
     <span class='ocr_line' id='line_1_4' title="bbox 55 526 1768 605; baseline -0.001 -18"><span class='ocrx_word' id='word_1_21' title='bbox 55 548 107 604; x_wconf 87' lang='lat' dir='ltr'>per</span> <span class='ocrx_word' id='word_1_22' title='bbox 131 529 282 605; x_wconf 84' lang='lat' dir='ltr'>privilegia</span> <span class='ocrx_word' id='word_1_23' title='bbox 296 546 351 586; x_wconf 88' lang='lat' dir='ltr'>sua</span> <span class='ocrx_word' id='word_1_24' title='bbox 376 533 585 586; x_wconf 89' lang='lat' dir='ltr'>concesserunt</span> <span class='ocrx_word' id='word_1_25' title='bbox 608 528 764 586; x_wconf 91' lang='lat' dir='ltr'>abhatibus</span> <span class='ocrx_word' id='word_1_26' title='bbox 785 527 884 584; x_wconf 90' lang='lat' dir='ltr'>Sancti</span> <span class='ocrx_word' id='word_1_27' title='bbox 941 526 1104 584; x_wconf 89' lang='lat' dir='ltr'>nisteriales</span> <span class='ocrx_word' id='word_1_28' title='bbox 1120 527 1175 595; x_wconf 92' lang='lat' dir='ltr'>sui,</span> <span class='ocrx_word' id='word_1_29' title='bbox 1191 545 1259 585; x_wconf 88' lang='lat' dir='ltr'>eum</span> <span class='ocrx_word' id='word_1_30' title='bbox 1270 529 1406 586; x_wconf 88' lang='lat' dir='ltr'>omnihus</span> <span class='ocrx_word' id='word_1_31' title='bbox 1423 528 1613 602; x_wconf 85' lang='lat' dir='ltr'>appendiciis.</span> <span class='ocrx_word' id='word_1_32' title='bbox 1629 528 1660 583; x_wconf 91' lang='lat' dir='ltr'>ln</span> <span class='ocrx_word' id='word_1_33' title='bbox 1673 527 1768 587; x_wconf 90' lang='lat' dir='ltr'>tribus</span> 
     </span>
     <span class='ocr_line' id='line_1_5' title="bbox 55 615 1768 692; baseline -0.002 -17"><span class='ocrx_word' id='word_1_34' title='bbox 55 619 210 687; x_wconf 88' lang='lat' dir='ltr'>Vincentii,</span> <span class='ocrx_word' id='word_1_35' title='bbox 222 619 367 692; x_wconf 92' lang='lat' dir='ltr'>quidquid</span> <span class='ocrx_word' id='word_1_36' title='bbox 379 617 466 675; x_wconf 91' lang='lat' dir='ltr'>etiam</span> <span class='ocrx_word' id='word_1_37' title='bbox 479 618 693 674; x_wconf 86' lang='lat' dir='ltr'>observandum</span> <span class='ocrx_word' id='word_1_38' title='bbox 705 617 837 673; x_wconf 87' lang='lat' dir='ltr'>debonis</span> <span class='ocrx_word' id='word_1_39' title='bbox 848 617 883 673; x_wconf 89' lang='lat' dir='ltr'>ad</span> <span class='ocrx_word' id='word_1_40' title='bbox 939 615 1360 690; x_wconf 86' lang='lat' dir='ltr'>annalibusplacitisetinallis</span> <span class='ocrx_word' id='word_1_41' title='bbox 1368 618 1494 690; x_wconf 90' lang='lat' dir='ltr'>placitis,</span> <span class='ocrx_word' id='word_1_42' title='bbox 1504 618 1768 691; x_wconf 88' lang='lat' dir='ltr'>perannumccntl-</span> 
     </span>
     <span class='ocr_line' id='line_1_6' title="bbox 55 696 1767 780; baseline -0.002 -14"><span class='ocrx_word' id='word_1_43' title='bbox 55 709 203 766; x_wconf 84' lang='lat' dir='ltr'>abbatiam</span> <span class='ocrx_word' id='word_1_44' title='bbox 220 707 444 780; x_wconf 81' lang='lat' dir='ltr'><strong>respicientibus</strong></span> <span class='ocrx_word' id='word_1_45' title='bbox 457 707 684 777; x_wconf 73' lang='lat' dir='ltr'>substituerunt,</span> <span class='ocrx_word' id='word_1_46' title='bbox 696 706 884 764; x_wconf 79' lang='lat' dir='ltr'>concedimus</span> <span class='ocrx_word' id='word_1_47' title='bbox 939 721 1046 772; x_wconf 88' lang='lat' dir='ltr'>nuum,</span> <span class='ocrx_word' id='word_1_48' title='bbox 1063 696 1395 779; x_wconf 76' lang='lat' dir='ltr'>propositusetv·illi&#39;eus</span> <span class='ocrx_word' id='word_1_49' title='bbox 1407 708 1505 780; x_wconf 82' lang='lat' dir='ltr'>(moire</span> <span class='ocrx_word' id='word_1_50' title='bbox 1519 707 1668 778; x_wconf 77' lang='lat' dir='ltr'>devillnqe)</span> <span class='ocrx_word' id='word_1_51' title='bbox 1681 710 1767 780; x_wconf 88' lang='lat' dir='ltr'>agent</span> 
     </span>
     <span class='ocr_line' id='line_1_7' title="bbox 55 794 1767 870; baseline -0.001 -15"><span class='ocrx_word' id='word_1_52' title='bbox 55 794 883 869; x_wconf 81' lang='lat' dir='ltr'>etinviolahiliterconservandumpracipimns,collihra·</span> <span class='ocrx_word' id='word_1_53' title='bbox 939 798 968 850; x_wconf 89' lang='lat' dir='ltr'>st</span> <span class='ocrx_word' id='word_1_54' title='bbox 982 794 1095 864; x_wconf 87' lang='lat' dir='ltr'>finient,</span> <span class='ocrx_word' id='word_1_55' title='bbox 1112 796 1223 869; x_wconf 86' lang='lat' dir='ltr'>absque</span> <span class='ocrx_word' id='word_1_56' title='bbox 1239 798 1377 853; x_wconf 87' lang='lat' dir='ltr'>advocato</span> <span class='ocrx_word' id='word_1_57' title='bbox 1400 814 1580 870; x_wconf 72' lang='lat' dir='ltr'>quecunque</span> <span class='ocrx_word' id='word_1_58' title='bbox 1603 796 1638 854; x_wconf 88' lang='lat' dir='ltr'>ad</span> <span class='ocrx_word' id='word_1_59' title='bbox 1660 796 1767 870; x_wconf 89' lang='lat' dir='ltr'>placita</span> 
     </span>
     <span class='ocr_line' id='line_1_8' title="bbox 54 884 1766 957; baseline -0.001 -14"><span class='ocrx_word' id='word_1_60' title='bbox 54 891 85 942; x_wconf 91' lang='lat' dir='ltr'>ta</span> <span class='ocrx_word' id='word_1_61' title='bbox 100 887 129 942; x_wconf 92' lang='lat' dir='ltr'>in</span> <span class='ocrx_word' id='word_1_62' title='bbox 145 885 284 943; x_wconf 85' lang='lat' dir='ltr'>omnibus</span> <span class='ocrx_word' id='word_1_63' title='bbox 307 884 449 957; x_wconf 84' lang='lat' dir='ltr'>dignitate</span> <span class='ocrx_word' id='word_1_64' title='bbox 464 887 492 941; x_wconf 88' lang='lat' dir='ltr'>et</span> <span class='ocrx_word' id='word_1_65' title='bbox 511 885 682 941; x_wconf 88' lang='lat' dir='ltr'>auctoritate</span> <span class='ocrx_word' id='word_1_66' title='bbox 706 889 808 942; x_wconf 84' lang='lat' dir='ltr'>nostra</span> <span class='ocrx_word' id='word_1_67' title='bbox 821 902 884 941; x_wconf 90' lang='lat' dir='ltr'>crn-</span> <span class='ocrx_word' id='word_1_68' title='bbox 941 884 1097 956; x_wconf 89' lang='lat' dir='ltr'>pertinent.</span> <span class='ocrx_word' id='word_1_69' title='bbox 1113 885 1214 941; x_wconf 89' lang='lat' dir='ltr'>Omnis</span> <span class='ocrx_word' id='word_1_70' title='bbox 1226 886 1400 943; x_wconf 81' lang='lat' dir='ltr'>investitura</span> <span class='ocrx_word' id='word_1_71' title='bbox 1410 888 1460 942; x_wconf 85' lang='lat' dir='ltr'>fret</span> <span class='ocrx_word' id='word_1_72' title='bbox 1474 887 1529 943; x_wconf 89' lang='lat' dir='ltr'>suh</span> <span class='ocrx_word' id='word_1_73' title='bbox 1539 887 1636 942; x_wconf 92' lang='lat' dir='ltr'>banno</span> <span class='ocrx_word' id='word_1_74' title='bbox 1651 886 1766 942; x_wconf 89' lang='lat' dir='ltr'>ahbatis</span> 
     </span>
     <span class='ocr_line' id='line_1_9' title="bbox 55 972 1766 1048; baseline -0.001 -16"><span class='ocrx_word' id='word_1_75' title='bbox 55 976 198 1048; x_wconf 90' lang='lat' dir='ltr'>niumque</span> <span class='ocrx_word' id='word_1_76' title='bbox 213 973 351 1031; x_wconf 87' lang='lat' dir='ltr'>Metensis</span> <span class='ocrx_word' id='word_1_77' title='bbox 370 973 505 1030; x_wconf 81' lang='lat' dir='ltr'>Ecclesia</span> <span class='ocrx_word' id='word_1_78' title='bbox 521 972 692 1046; x_wconf 79' lang='lat' dir='ltr'>presulum,</span> <span class='ocrx_word' id='word_1_79' title='bbox 709 974 733 1030; x_wconf 92' lang='lat' dir='ltr'>si</span> <span class='ocrx_word' id='word_1_80' title='bbox 749 974 883 1031; x_wconf 83' lang='lat' dir='ltr'>catholici</span> <span class='ocrx_word' id='word_1_81' title='bbox 939 976 968 1030; x_wconf 89' lang='lat' dir='ltr'>et</span> <span class='ocrx_word' id='word_1_82' title='bbox 983 974 1129 1046; x_wconf 76' lang='lat' dir='ltr'>prepositi</span> <span class='ocrx_word' id='word_1_83' title='bbox 1145 978 1173 1031; x_wconf 88' lang='lat' dir='ltr'>ct</span> <span class='ocrx_word' id='word_1_84' title='bbox 1187 974 1286 1044; x_wconf 84' lang='lat' dir='ltr'>villici,</span> <span class='ocrx_word' id='word_1_85' title='bbox 1307 976 1389 1031; x_wconf 89' lang='lat' dir='ltr'>nulla</span> <span class='ocrx_word' id='word_1_86' title='bbox 1403 977 1551 1032; x_wconf 87' lang='lat' dir='ltr'>mentione</span> <span class='ocrx_word' id='word_1_87' title='bbox 1566 976 1696 1032; x_wconf 88' lang='lat' dir='ltr'>advocati</span> <span class='ocrx_word' id='word_1_88' title='bbox 1712 974 1766 1031; x_wconf 90' lang='lat' dir='ltr'>ha-</span> 
     </span>
     <span class='ocr_line' id='line_1_10' title="bbox 56 1062 1765 1138; baseline 0.001 -17"><span class='ocrx_word' id='word_1_89' title='bbox 56 1065 175 1122; x_wconf 88' lang='lat' dir='ltr'>fuerint.</span> <span class='ocrx_word' id='word_1_90' title='bbox 190 1065 249 1120; x_wconf 89' lang='lat' dir='ltr'>Nos</span> <span class='ocrx_word' id='word_1_91' title='bbox 265 1062 355 1138; x_wconf 88' lang='lat' dir='ltr'>igitur</span> <span class='ocrx_word' id='word_1_92' title='bbox 369 1064 590 1120; x_wconf 79' lang='lat' dir='ltr'>corroborantes</span> <span class='ocrx_word' id='word_1_93' title='bbox 600 1063 738 1120; x_wconf 89' lang='lat' dir='ltr'>universa</span> <span class='ocrx_word' id='word_1_94' title='bbox 748 1064 884 1137; x_wconf 87' lang='lat' dir='ltr'>superius</span> <span class='ocrx_word' id='word_1_95' title='bbox 940 1062 1009 1119; x_wconf 87' lang='lat' dir='ltr'>hita.</span> <span class='ocrx_word' id='word_1_96' title='bbox 1024 1062 1122 1120; x_wconf 80' lang='lat' dir='ltr'>Abbas</span> <span class='ocrx_word' id='word_1_97' title='bbox 1138 1067 1167 1119; x_wconf 88' lang='lat' dir='ltr'>et</span> <span class='ocrx_word' id='word_1_98' title='bbox 1185 1065 1358 1138; x_wconf 78' lang='lat' dir='ltr'>prepositus</span> <span class='ocrx_word' id='word_1_99' title='bbox 1375 1069 1461 1138; x_wconf 89' lang='lat' dir='ltr'>ponet</span> <span class='ocrx_word' id='word_1_100' title='bbox 1474 1064 1604 1120; x_wconf 90' lang='lat' dir='ltr'>villicum</span> <span class='ocrx_word' id='word_1_101' title='bbox 1621 1067 1649 1121; x_wconf 91' lang='lat' dir='ltr'>et</span> <span class='ocrx_word' id='word_1_102' title='bbox 1663 1081 1765 1122; x_wconf 91' lang='lat' dir='ltr'>omnes</span> 
     </span>
     <span class='ocr_line' id='line_1_11' title="bbox 55 1150 1765 1225; baseline 0 -15"><span class='ocrx_word' id='word_1_103' title='bbox 55 1158 166 1222; x_wconf 89' lang='lat' dir='ltr'>notata,</span> <span class='ocrx_word' id='word_1_104' title='bbox 183 1153 259 1209; x_wconf 94' lang='lat' dir='ltr'>utin</span> <span class='ocrx_word' id='word_1_105' title='bbox 275 1168 361 1209; x_wconf 90' lang='lat' dir='ltr'>omne</span> <span class='ocrx_word' id='word_1_106' title='bbox 381 1156 498 1225; x_wconf 85' lang='lat' dir='ltr'>tempus</span> <span class='ocrx_word' id='word_1_107' title='bbox 519 1156 581 1208; x_wconf 82' lang='lat' dir='ltr'>rata</span> <span class='ocrx_word' id='word_1_108' title='bbox 594 1156 623 1209; x_wconf 85' lang='lat' dir='ltr'>et</span> <span class='ocrx_word' id='word_1_109' title='bbox 639 1152 811 1209; x_wconf 89' lang='lat' dir='ltr'>inconvulsa</span> <span class='ocrx_word' id='word_1_110' title='bbox 825 1152 884 1209; x_wconf 87' lang='lat' dir='ltr'>exi·</span> <span class='ocrx_word' id='word_1_111' title='bbox 940 1150 1158 1219; x_wconf 90' lang='lat' dir='ltr'>ministeriales,</span> <span class='ocrx_word' id='word_1_112' title='bbox 1184 1153 1295 1225; x_wconf 86' lang='lat' dir='ltr'>absque</span> <span class='ocrx_word' id='word_1_113' title='bbox 1319 1155 1467 1211; x_wconf 87' lang='lat' dir='ltr'>advocato.</span> <span class='ocrx_word' id='word_1_114' title='bbox 1483 1153 1604 1211; x_wconf 83' lang='lat' dir='ltr'>Villicus</span> <span class='ocrx_word' id='word_1_115' title='bbox 1630 1153 1765 1211; x_wconf 88' lang='lat' dir='ltr'>bannalis</span> 
     </span>
     <span class='ocr_line' id='line_1_12' title="bbox 55 1240 1765 1317; baseline -0.001 -17"><span class='ocrx_word' id='word_1_116' title='bbox 55 1247 144 1311; x_wconf 85' lang='lat' dir='ltr'>stant,</span> <span class='ocrx_word' id='word_1_117' title='bbox 161 1241 317 1300; x_wconf 86' lang='lat' dir='ltr'>violatores</span> <span class='ocrx_word' id='word_1_118' title='bbox 329 1258 443 1310; x_wconf 89' lang='lat' dir='ltr'>eorum,</span> <span class='ocrx_word' id='word_1_119' title='bbox 454 1241 626 1298; x_wconf 87' lang='lat' dir='ltr'>auctoritate</span> <span class='ocrx_word' id='word_1_120' title='bbox 641 1240 692 1298; x_wconf 89' lang='lat' dir='ltr'>Dei</span> <span class='ocrx_word' id='word_1_121' title='bbox 704 1242 886 1316; x_wconf 90' lang='lat' dir='ltr'>omnipoten·</span> <span class='ocrx_word' id='word_1_122' title='bbox 940 1257 1146 1314; x_wconf 90' lang='lat' dir='ltr'>quemcunque</span> <span class='ocrx_word' id='word_1_123' title='bbox 1171 1242 1308 1298; x_wconf 86' lang='lat' dir='ltr'>rebellem</span> <span class='ocrx_word' id='word_1_124' title='bbox 1330 1243 1451 1316; x_wconf 87' lang='lat' dir='ltr'>accipiet</span> <span class='ocrx_word' id='word_1_125' title='bbox 1466 1261 1516 1316; x_wconf 89' lang='lat' dir='ltr'>per</span> <span class='ocrx_word' id='word_1_126' title='bbox 1531 1260 1561 1300; x_wconf 87' lang='lat' dir='ltr'>se</span> <span class='ocrx_word' id='word_1_127' title='bbox 1576 1246 1605 1298; x_wconf 89' lang='lat' dir='ltr'>et</span> <span class='ocrx_word' id='word_1_128' title='bbox 1619 1259 1670 1317; x_wconf 83' lang='lat' dir='ltr'>per</span> <span class='ocrx_word' id='word_1_129' title='bbox 1684 1258 1765 1315; x_wconf 91' lang='lat' dir='ltr'>suos,</span> 
     </span>
     <span class='ocr_line' id='line_1_13' title="bbox 55 1329 1766 1406; baseline 0 -17"><span class='ocrx_word' id='word_1_130' title='bbox 55 1333 94 1390; x_wconf 89' lang='lat' dir='ltr'>tis</span> <span class='ocrx_word' id='word_1_131' title='bbox 110 1331 204 1388; x_wconf 88' lang='lat' dir='ltr'>Patris</span> <span class='ocrx_word' id='word_1_132' title='bbox 218 1335 247 1387; x_wconf 92' lang='lat' dir='ltr'>et</span> <span class='ocrx_word' id='word_1_133' title='bbox 267 1329 331 1387; x_wconf 79' lang='lat' dir='ltr'>Filii</span> <span class='ocrx_word' id='word_1_134' title='bbox 348 1329 420 1386; x_wconf 89' lang='lat' dir='ltr'>etin</span> <span class='ocrx_word' id='word_1_135' title='bbox 435 1329 543 1386; x_wconf 91' lang='lat' dir='ltr'>virtute</span> <span class='ocrx_word' id='word_1_136' title='bbox 558 1330 686 1403; x_wconf 90' lang='lat' dir='ltr'>Spiritus</span> <span class='ocrx_word' id='word_1_137' title='bbox 701 1331 807 1398; x_wconf 91' lang='lat' dir='ltr'>sancti,</span> <span class='ocrx_word' id='word_1_138' title='bbox 822 1331 884 1404; x_wconf 89' lang='lat' dir='ltr'>gla-</span> <span class='ocrx_word' id='word_1_139' title='bbox 939 1330 1012 1386; x_wconf 91' lang='lat' dir='ltr'>etin</span> <span class='ocrx_word' id='word_1_140' title='bbox 1037 1329 1155 1403; x_wconf 87' lang='lat' dir='ltr'>cippum</span> <span class='ocrx_word' id='word_1_141' title='bbox 1172 1332 1288 1405; x_wconf 70' lang='lat' dir='ltr'>(priaorq</span> <span class='ocrx_word' id='word_1_142' title='bbox 1315 1333 1419 1400; x_wconf 89' lang='lat' dir='ltr'>tradet,</span> <span class='ocrx_word' id='word_1_143' title='bbox 1437 1350 1504 1390; x_wconf 91' lang='lat' dir='ltr'>eum</span> <span class='ocrx_word' id='word_1_144' title='bbox 1519 1333 1658 1406; x_wconf 89' lang='lat' dir='ltr'>cogendo,</span> <span class='ocrx_word' id='word_1_145' title='bbox 1675 1334 1766 1389; x_wconf 90' lang='lat' dir='ltr'>donec</span> 
     </span>
     <span class='ocr_line' id='line_1_14' title="bbox 56 1418 1766 1494; baseline -0.001 -16"><span class='ocrx_word' id='word_1_146' title='bbox 56 1421 104 1478; x_wconf 91' lang='lat' dir='ltr'>dio</span> <span class='ocrx_word' id='word_1_147' title='bbox 120 1419 244 1477; x_wconf 90' lang='lat' dir='ltr'>districti</span> <span class='ocrx_word' id='word_1_148' title='bbox 254 1418 460 1484; x_wconf 87' lang='lat' dir='ltr'>anathematis,</span> <span class='ocrx_word' id='word_1_149' title='bbox 473 1435 490 1475; x_wconf 90' lang='lat' dir='ltr'>a</span> <span class='ocrx_word' id='word_1_150' title='bbox 504 1419 657 1475; x_wconf 89' lang='lat' dir='ltr'>liminibus</span> <span class='ocrx_word' id='word_1_151' title='bbox 670 1423 777 1476; x_wconf 78' lang='lat' dir='ltr'>saneta</span> <span class='ocrx_word' id='word_1_152' title='bbox 787 1420 884 1478; x_wconf 75' lang='lat' dir='ltr'>lisele·</span> <span class='ocrx_word' id='word_1_153' title='bbox 935 1418 1084 1491; x_wconf 89' lang='lat' dir='ltr'>justitiam</span> <span class='ocrx_word' id='word_1_154' title='bbox 1100 1426 1286 1494; x_wconf 82' lang='lat' dir='ltr'>exsequatur,</span> <span class='ocrx_word' id='word_1_155' title='bbox 1304 1421 1367 1479; x_wconf 90' lang='lat' dir='ltr'>sine</span> <span class='ocrx_word' id='word_1_156' title='bbox 1382 1423 1532 1493; x_wconf 90' lang='lat' dir='ltr'>advocato,</span> <span class='ocrx_word' id='word_1_157' title='bbox 1549 1420 1605 1478; x_wconf 89' lang='lat' dir='ltr'>nisi</span> <span class='ocrx_word' id='word_1_158' title='bbox 1620 1422 1693 1478; x_wconf 90' lang='lat' dir='ltr'>forte</span> <span class='ocrx_word' id='word_1_159' title='bbox 1712 1438 1766 1478; x_wconf 92' lang='lat' dir='ltr'>ne-</span> 
     </span>
     <span class='ocr_line' id='line_1_15' title="bbox 55 1505 1767 1584; baseline 0.001 -17"><span class='ocrx_word' id='word_1_160' title='bbox 55 1511 106 1569; x_wconf 82' lang='lat' dir='ltr'>sia</span> <span class='ocrx_word' id='word_1_161' title='bbox 122 1514 352 1582; x_wconf 89' lang='lat' dir='ltr'>sequestramus,</span> <span class='ocrx_word' id='word_1_162' title='bbox 369 1511 403 1562; x_wconf 90' lang='lat' dir='ltr'>ut</span> <span class='ocrx_word' id='word_1_163' title='bbox 417 1505 529 1563; x_wconf 93' lang='lat' dir='ltr'>nullam</span> <span class='ocrx_word' id='word_1_164' title='bbox 545 1511 657 1579; x_wconf 90' lang='lat' dir='ltr'>partem</span> <span class='ocrx_word' id='word_1_165' title='bbox 669 1506 698 1562; x_wconf 92' lang='lat' dir='ltr'>in</span> <span class='ocrx_word' id='word_1_166' title='bbox 710 1511 819 1564; x_wconf 90' lang='lat' dir='ltr'>sortem</span> <span class='ocrx_word' id='word_1_167' title='bbox 830 1509 886 1565; x_wconf 89' lang='lat' dir='ltr'>ele·</span> <span class='ocrx_word' id='word_1_168' title='bbox 940 1526 1021 1566; x_wconf 84' lang='lat' dir='ltr'>cesse</span> <span class='ocrx_word' id='word_1_169' title='bbox 1037 1509 1133 1566; x_wconf 89' lang='lat' dir='ltr'>fuerit.</span> <span class='ocrx_word' id='word_1_170' title='bbox 1150 1511 1181 1568; x_wconf 91' lang='lat' dir='ltr'>ln</span> <span class='ocrx_word' id='word_1_171' title='bbox 1193 1517 1315 1568; x_wconf 87' lang='lat' dir='ltr'>centena</span> <span class='ocrx_word' id='word_1_172' title='bbox 1328 1513 1502 1584; x_wconf 67' lang='lat' dir='ltr'>(seigneurie)</span> <span class='ocrx_word' id='word_1_173' title='bbox 1513 1512 1603 1568; x_wconf 88' lang='lat' dir='ltr'>totius</span> <span class='ocrx_word' id='word_1_174' title='bbox 1614 1511 1767 1584; x_wconf 90' lang='lat' dir='ltr'>potestatis</span> 
     </span>
     <span class='ocr_line' id='line_1_16' title="bbox 56 1595 1765 1674; baseline 0.001 -19"><span class='ocrx_word' id='word_1_175' title='bbox 56 1604 171 1656; x_wconf 83' lang='lat' dir='ltr'>ntorum</span> <span class='ocrx_word' id='word_1_176' title='bbox 195 1596 333 1665; x_wconf 84' lang='lat' dir='ltr'>habeant,</span> <span class='ocrx_word' id='word_1_177' title='bbox 359 1595 416 1652; x_wconf 88' lang='lat' dir='ltr'>nisi</span> <span class='ocrx_word' id='word_1_178' title='bbox 441 1612 493 1669; x_wconf 90' lang='lat' dir='ltr'>per</span> <span class='ocrx_word' id='word_1_179' title='bbox 521 1596 755 1654; x_wconf 89' lang='lat' dir='ltr'>emendationem</span> <span class='ocrx_word' id='word_1_180' title='bbox 782 1596 884 1672; x_wconf 90' lang='lat' dir='ltr'>resipi-</span> <span class='ocrx_word' id='word_1_181' title='bbox 938 1598 1066 1667; x_wconf 78' lang='lat' dir='ltr'>fimella,</span> <span class='ocrx_word' id='word_1_182' title='bbox 1093 1603 1153 1656; x_wconf 91' lang='lat' dir='ltr'>tam</span> <span class='ocrx_word' id='word_1_183' title='bbox 1178 1600 1214 1656; x_wconf 89' lang='lat' dir='ltr'>de</span> <span class='ocrx_word' id='word_1_184' title='bbox 1229 1601 1292 1657; x_wconf 86' lang='lat' dir='ltr'>fure</span> <span class='ocrx_word' id='word_1_185' title='bbox 1307 1618 1395 1674; x_wconf 87' lang='lat' dir='ltr'>quam</span> <span class='ocrx_word' id='word_1_186' title='bbox 1411 1602 1446 1658; x_wconf 93' lang='lat' dir='ltr'>de</span> <span class='ocrx_word' id='word_1_187' title='bbox 1467 1601 1588 1669; x_wconf 87' lang='lat' dir='ltr'>latrone,</span> <span class='ocrx_word' id='word_1_188' title='bbox 1606 1601 1684 1656; x_wconf 90' lang='lat' dir='ltr'>etde</span> <span class='ocrx_word' id='word_1_189' title='bbox 1700 1599 1765 1656; x_wconf 89' lang='lat' dir='ltr'>aliis</span> 
     </span>
     <span class='ocr_line' id='line_1_17' title="bbox 56 1687 1767 1785; baseline 0.001 -40"><span class='ocrx_word' id='word_1_190' title='bbox 56 1691 150 1746; x_wconf 88' lang='lat' dir='ltr'>scant.</span> <span class='ocrx_word' id='word_1_191' title='bbox 899 1720 922 1785; x_wconf 71' lang='lat' dir='ltr'>B</span> <span class='ocrx_word' id='word_1_192' title='bbox 941 1687 1088 1756; x_wconf 88' lang='lat' dir='ltr'>omnihus,</span> <span class='ocrx_word' id='word_1_193' title='bbox 1105 1688 1359 1759; x_wconf 78' lang='lat' dir='ltr'>definietvillicus,</span> <span class='ocrx_word' id='word_1_194' title='bbox 1375 1691 1438 1746; x_wconf 90' lang='lat' dir='ltr'>sine</span> <span class='ocrx_word' id='word_1_195' title='bbox 1452 1690 1601 1756; x_wconf 90' lang='lat' dir='ltr'>advocato,</span> <span class='ocrx_word' id='word_1_196' title='bbox 1618 1690 1767 1746; x_wconf 90' lang='lat' dir='ltr'>omniase-</span> 
     </span>
    </p>

    <p class='ocr_par' dir='ltr' id='par_1_3' title="bbox 56 1773 1767 2206">
     <span class='ocr_line' id='line_1_18' title="bbox 90 1773 1763 1851; baseline 0.001 -18"><span class='ocrx_word' id='word_1_197' title='bbox 90 1779 195 1833; x_wconf 85' lang='lat' dir='ltr'>Actum</span> <span class='ocrx_word' id='word_1_198' title='bbox 212 1774 296 1832; x_wconf 88' lang='lat' dir='ltr'>Metis</span> <span class='ocrx_word' id='word_1_199' title='bbox 320 1775 349 1830; x_wconf 91' lang='lat' dir='ltr'>in</span> <span class='ocrx_word' id='word_1_200' title='bbox 376 1774 499 1831; x_wconf 88' lang='lat' dir='ltr'>ecclesia</span> <span class='ocrx_word' id='word_1_201' title='bbox 522 1773 620 1831; x_wconf 85' lang='lat' dir='ltr'>Sancti</span> <span class='ocrx_word' id='word_1_202' title='bbox 634 1773 791 1844; x_wconf 87' lang='lat' dir='ltr'>Vincentii,</span> <span class='ocrx_word' id='word_1_203' title='bbox 807 1794 884 1834; x_wconf 91' lang='lat' dir='ltr'>anno</span> <span class='ocrx_word' id='word_1_204' title='bbox 940 1777 1763 1851; x_wconf 76' lang='lat' dir='ltr'>cundumjudiciumscabiniorumipsiuscurtishmella.</span> 
     </span>
     <span class='ocr_line' id='line_1_19' title="bbox 56 1862 1765 1936; baseline 0 -13"><span class='ocrx_word' id='word_1_205' title='bbox 56 1865 214 1923; x_wconf 81' lang='lat' dir='ltr'>Dominicae</span> <span class='ocrx_word' id='word_1_206' title='bbox 230 1862 442 1920; x_wconf 84' lang='lat' dir='ltr'>iucarnationis</span> <span class='ocrx_word' id='word_1_207' title='bbox 452 1864 533 1931; x_wconf 72' lang='lat'>4094,</span> <span class='ocrx_word' id='word_1_208' title='bbox 546 1863 703 1920; x_wconf 89' lang='lat' dir='ltr'>indictione</span> <span class='ocrx_word' id='word_1_209' title='bbox 719 1882 760 1933; x_wconf 90' lang='lat'>111,</span> <span class='ocrx_word' id='word_1_210' title='bbox 773 1865 819 1921; x_wconf 89' lang='lat' dir='ltr'>die</span> <span class='ocrx_word' id='word_1_211' title='bbox 832 1865 886 1922; x_wconf 89' lang='lat' dir='ltr'>Do·</span> <span class='ocrx_word' id='word_1_212' title='bbox 941 1865 1023 1932; x_wconf 83' lang='lat' dir='ltr'>Quod</span> <span class='ocrx_word' id='word_1_213' title='bbox 1047 1864 1072 1921; x_wconf 87' lang='lat' dir='ltr'>si</span> <span class='ocrx_word' id='word_1_214' title='bbox 1087 1865 1134 1922; x_wconf 90' lang='lat' dir='ltr'>fur</span> <span class='ocrx_word' id='word_1_215' title='bbox 1150 1864 1192 1922; x_wconf 90' lang='lat' dir='ltr'>vel</span> <span class='ocrx_word' id='word_1_216' title='bbox 1207 1865 1281 1924; x_wconf 91' lang='lat' dir='ltr'>latro</span> <span class='ocrx_word' id='word_1_217' title='bbox 1305 1871 1458 1924; x_wconf 84' lang='lat' dir='ltr'>extraneus</span> <span class='ocrx_word' id='word_1_218' title='bbox 1481 1868 1578 1936; x_wconf 90' lang='lat' dir='ltr'>fucrit,</span> <span class='ocrx_word' id='word_1_219' title='bbox 1594 1870 1668 1924; x_wconf 89' lang='lat' dir='ltr'>etse</span> <span class='ocrx_word' id='word_1_220' title='bbox 1684 1868 1765 1923; x_wconf 90' lang='lat' dir='ltr'>rede·</span> 
     </span>
     <span class='ocr_line' id='line_1_20' title="bbox 56 1952 1764 2029; baseline -0.001 -17"><span class='ocrx_word' id='word_1_221' title='bbox 56 1954 174 2023; x_wconf 88' lang='lat' dir='ltr'>minica,</span> <span class='ocrx_word' id='word_1_222' title='bbox 191 1952 255 2010; x_wconf 86' lang='lat' dir='ltr'>Kal.</span> <span class='ocrx_word' id='word_1_223' title='bbox 281 1952 425 2019; x_wconf 90' lang='lat' dir='ltr'>Octobris,</span> <span class='ocrx_word' id='word_1_224' title='bbox 451 1952 636 2026; x_wconf 86' lang='lat' dir='ltr'>episcopatus</span> <span class='ocrx_word' id='word_1_225' title='bbox 661 1957 760 2010; x_wconf 90' lang='lat' dir='ltr'>autem</span> <span class='ocrx_word' id='word_1_226' title='bbox 783 1955 884 2011; x_wconf 92' lang='lat' dir='ltr'>domni</span> <span class='ocrx_word' id='word_1_227' title='bbox 939 1954 1035 2021; x_wconf 85' lang='lat' dir='ltr'>merit,</span> <span class='ocrx_word' id='word_1_228' title='bbox 1053 1955 1211 2011; x_wconf 86' lang='lat' dir='ltr'>advocatus</span> <span class='ocrx_word' id='word_1_229' title='bbox 1226 1956 1341 2013; x_wconf 86' lang='lat' dir='ltr'>tertiam</span> <span class='ocrx_word' id='word_1_230' title='bbox 1355 1959 1466 2029; x_wconf 86' lang='lat' dir='ltr'>partem</span> <span class='ocrx_word' id='word_1_231' title='bbox 1483 1956 1640 2029; x_wconf 88' lang='lat' dir='ltr'>suscipiet;</span> <span class='ocrx_word' id='word_1_232' title='bbox 1658 1956 1764 2012; x_wconf 84' lang='lat' dir='ltr'>sivero</span> 
     </span>
     <span class='ocr_line' id='line_1_21' title="bbox 56 2042 1767 2117; baseline -0.001 -16"><span class='ocrx_word' id='word_1_233' title='bbox 56 2043 202 2117; x_wconf 87' lang='lat' dir='ltr'>Popponis</span> <span class='ocrx_word' id='word_1_234' title='bbox 225 2059 302 2099; x_wconf 91' lang='lat' dir='ltr'>anno</span> <span class='ocrx_word' id='word_1_235' title='bbox 326 2060 353 2098; x_wconf 91' lang='lat' dir='ltr'>v.</span> <span class='ocrx_word' id='word_1_236' title='bbox 379 2042 574 2099; x_wconf 74' lang='lat' dir='ltr'>Praesentibus</span> <span class='ocrx_word' id='word_1_237' title='bbox 597 2047 626 2098; x_wconf 86' lang='lat' dir='ltr'>et</span> <span class='ocrx_word' id='word_1_238' title='bbox 649 2042 884 2100; x_wconf 87' lang='lat' dir='ltr'>collaudantibus</span> <span class='ocrx_word' id='word_1_239' title='bbox 939 2042 1095 2116; x_wconf 80' lang='lat' dir='ltr'>aufugerit,</span> <span class='ocrx_word' id='word_1_240' title='bbox 1111 2044 1367 2101; x_wconf 90' lang='lat' dir='ltr'>dumincustcdia</span> <span class='ocrx_word' id='word_1_241' title='bbox 1380 2050 1495 2102; x_wconf 91' lang='lat' dir='ltr'>tenetur</span> <span class='ocrx_word' id='word_1_242' title='bbox 1505 2045 1576 2101; x_wconf 92' lang='lat' dir='ltr'>nihil</span> <span class='ocrx_word' id='word_1_243' title='bbox 1587 2044 1708 2102; x_wconf 89' lang='lat' dir='ltr'>interest</span> <span class='ocrx_word' id='word_1_244' title='bbox 1718 2043 1767 2101; x_wconf 92' lang='lat' dir='ltr'>ad·</span> 
     </span>
     <span class='ocr_line' id='line_1_22' title="bbox 56 2129 1764 2206; baseline -0.001 -15"><span class='ocrx_word' id='word_1_245' title='bbox 56 2134 165 2191; x_wconf 88' lang='lat' dir='ltr'>domno</span> <span class='ocrx_word' id='word_1_246' title='bbox 197 2130 379 2187; x_wconf 71' lang='lat' dir='ltr'>adalberone</span> <span class='ocrx_word' id='word_1_247' title='bbox 411 2129 576 2203; x_wconf 86' lang='lat' dir='ltr'>primicerio</span> <span class='ocrx_word' id='word_1_248' title='bbox 606 2134 634 2188; x_wconf 88' lang='lat' dir='ltr'>et</span> <span class='ocrx_word' id='word_1_249' title='bbox 668 2131 884 2201; x_wconf 87' lang='lat' dir='ltr'>archidiacono,</span> <span class='ocrx_word' id='word_1_250' title='bbox 938 2131 1032 2189; x_wconf 90' lang='lat' dir='ltr'>vocati</span> <span class='ocrx_word' id='word_1_251' title='bbox 1048 2131 1174 2188; x_wconf 90' lang='lat' dir='ltr'>avillieo</span> <span class='ocrx_word' id='word_1_252' title='bbox 1186 2133 1344 2205; x_wconf 87' lang='lat' dir='ltr'>requirere,</span> <span class='ocrx_word' id='word_1_253' title='bbox 1356 2134 1381 2189; x_wconf 89' lang='lat' dir='ltr'>si</span> <span class='ocrx_word' id='word_1_254' title='bbox 1397 2151 1428 2189; x_wconf 90' lang='lat' dir='ltr'>se</span> <span class='ocrx_word' id='word_1_255' title='bbox 1442 2135 1549 2206; x_wconf 90' lang='lat' dir='ltr'>poterit</span> <span class='ocrx_word' id='word_1_256' title='bbox 1561 2149 1686 2206; x_wconf 89' lang='lat' dir='ltr'>purgare</span> <span class='ocrx_word' id='word_1_257' title='bbox 1696 2150 1764 2190; x_wconf 92' lang='lat' dir='ltr'>eum</span> 
     </span>
    </p>
   </div>
   <div class='ocr_carea' id='block_1_3' title="bbox 56 2218 886 2826">
    <p class='ocr_par' dir='ltr' id='par_1_4' title="bbox 56 2218 886 2826">
     <span class='ocr_line' id='line_1_23' title="bbox 56 2218 885 2293; baseline -0.001 -14"><span class='ocrx_word' id='word_1_258' title='bbox 56 2224 165 2280; x_wconf 88' lang='lat' dir='ltr'>domno</span> <span class='ocrx_word' id='word_1_259' title='bbox 179 2219 307 2278; x_wconf 70' lang='lat' dir='ltr'>Gerarm</span> <span class='ocrx_word' id='word_1_260' title='bbox 331 2218 545 2276; x_wconf 86' lang='lat' dir='ltr'>archidiacono.</span> <span class='ocrx_word' id='word_1_261' title='bbox 565 2218 717 2293; x_wconf 79' lang='lat' dir='ltr'>Arnulpho</span> <span class='ocrx_word' id='word_1_262' title='bbox 733 2219 885 2278; x_wconf 88' lang='lat' dir='ltr'>thesaura-</span> 
     </span>
     <span class='ocr_line' id='line_1_24' title="bbox 57 2307 886 2381; baseline -0.004 -12"><span class='ocrx_word' id='word_1_263' title='bbox 57 2312 110 2380; x_wconf 90' lang='lat' dir='ltr'>rio,</span> <span class='ocrx_word' id='word_1_264' title='bbox 126 2311 273 2378; x_wconf 79' lang='lat' dir='ltr'>Emicone,</span> <span class='ocrx_word' id='word_1_265' title='bbox 291 2310 414 2377; x_wconf 82' lang='lat' dir='ltr'>Accone,</span> <span class='ocrx_word' id='word_1_266' title='bbox 442 2307 591 2378; x_wconf 86' lang='lat' dir='ltr'>Folcuino,</span> <span class='ocrx_word' id='word_1_267' title='bbox 607 2309 779 2381; x_wconf 70' lang='lat' dir='ltr'>Leuhpinco,</span> <span class='ocrx_word' id='word_1_268' title='bbox 799 2310 886 2367; x_wconf 84' lang='lat' dir='ltr'>Thia-</span> 
     </span>
     <span class='ocr_line' id='line_1_25' title="bbox 57 2395 884 2473; baseline -0.002 -17"><span class='ocrx_word' id='word_1_269' title='bbox 57 2401 142 2468; x_wconf 91' lang='lat' dir='ltr'>fridc,</span> <span class='ocrx_word' id='word_1_270' title='bbox 168 2399 318 2473; x_wconf 89' lang='lat' dir='ltr'>Sigifrido,</span> <span class='ocrx_word' id='word_1_271' title='bbox 342 2395 501 2452; x_wconf 89' lang='lat' dir='ltr'>canonicis.</span> <span class='ocrx_word' id='word_1_272' title='bbox 523 2396 645 2453; x_wconf 87' lang='lat' dir='ltr'>Walona</span> <span class='ocrx_word' id='word_1_273' title='bbox 664 2396 770 2454; x_wconf 87' lang='lat' dir='ltr'>abbate</span> <span class='ocrx_word' id='word_1_274' title='bbox 785 2398 884 2455; x_wconf 87' lang='lat' dir='ltr'>Sancti</span> 
     </span>
     <span class='ocr_line' id='line_1_26' title="bbox 56 2484 885 2561; baseline -0.006 -13"><span class='ocrx_word' id='word_1_275' title='bbox 56 2487 211 2561; x_wconf 75' lang='lat' dir='ltr'>ernulphi,</span> <span class='ocrx_word' id='word_1_276' title='bbox 227 2486 345 2543; x_wconf 82' lang='lat' dir='ltr'>Alberto</span> <span class='ocrx_word' id='word_1_277' title='bbox 365 2485 471 2542; x_wconf 88' lang='lat' dir='ltr'>abbate</span> <span class='ocrx_word' id='word_1_278' title='bbox 487 2484 586 2541; x_wconf 86' lang='lat' dir='ltr'>Sancti</span> <span class='ocrx_word' id='word_1_279' title='bbox 602 2485 730 2541; x_wconf 84' lang='lat' dir='ltr'>Martini.</span> <span class='ocrx_word' id='word_1_280' title='bbox 747 2485 786 2542; x_wconf 89' lang='lat' dir='ltr'>De</span> <span class='ocrx_word' id='word_1_281' title='bbox 802 2485 885 2543; x_wconf 90' lang='lat' dir='ltr'>laicis</span> 
     </span>
     <span class='ocr_line' id='line_1_27' title="bbox 57 2573 882 2652; baseline -0.002 -18"><span class='ocrx_word' id='word_1_282' title='bbox 57 2593 175 2652; x_wconf 92' lang='lat' dir='ltr'>quoque</span> <span class='ocrx_word' id='word_1_283' title='bbox 189 2579 330 2649; x_wconf 82' lang='lat' dir='ltr'>presente</span> <span class='ocrx_word' id='word_1_284' title='bbox 346 2578 375 2630; x_wconf 90' lang='lat' dir='ltr'>et</span> <span class='ocrx_word' id='word_1_285' title='bbox 395 2577 570 2646; x_wconf 89' lang='lat' dir='ltr'>cooperante</span> <span class='ocrx_word' id='word_1_286' title='bbox 593 2573 761 2630; x_wconf 86' lang='lat' dir='ltr'>Burchardo</span> <span class='ocrx_word' id='word_1_287' title='bbox 772 2575 882 2648; x_wconf 89' lang='lat' dir='ltr'>judice,</span> 
     </span>
     <span class='ocr_line' id='line_1_28' title="bbox 58 2661 885 2731; baseline -0.004 -8"><span class='ocrx_word' id='word_1_288' title='bbox 58 2665 191 2724; x_wconf 90' lang='lat' dir='ltr'>Beceliuo</span> <span class='ocrx_word' id='word_1_289' title='bbox 206 2668 234 2720; x_wconf 91' lang='lat' dir='ltr'>et</span> <span class='ocrx_word' id='word_1_290' title='bbox 247 2662 365 2720; x_wconf 82' lang='lat' dir='ltr'>Alberto</span> <span class='ocrx_word' id='word_1_291' title='bbox 383 2661 531 2731; x_wconf 89' lang='lat' dir='ltr'>fratribus,</span> <span class='ocrx_word' id='word_1_292' title='bbox 549 2662 673 2718; x_wconf 82' lang='lat' dir='ltr'>Ehroiuc</span> <span class='ocrx_word' id='word_1_293' title='bbox 684 2679 751 2719; x_wconf 89' lang='lat' dir='ltr'>cum</span> <span class='ocrx_word' id='word_1_294' title='bbox 763 2663 828 2720; x_wconf 89' lang='lat' dir='ltr'>aliis</span> <span class='ocrx_word' id='word_1_295' title='bbox 843 2665 885 2720; x_wconf 92' lang='lat' dir='ltr'>in·</span> 
     </span>
     <span class='ocr_line' id='line_1_29' title="bbox 57 2751 882 2826; baseline -0.001 -14"><span class='ocrx_word' id='word_1_296' title='bbox 57 2753 199 2823; x_wconf 90' lang='lat' dir='ltr'>numeris,</span> <span class='ocrx_word' id='word_1_297' title='bbox 212 2769 337 2826; x_wconf 90' lang='lat' dir='ltr'>quorum</span> <span class='ocrx_word' id='word_1_298' title='bbox 350 2751 471 2808; x_wconf 90' lang='lat' dir='ltr'>nomina</span> <span class='ocrx_word' id='word_1_299' title='bbox 480 2752 591 2824; x_wconf 88' lang='lat' dir='ltr'>scripta</span> <span class='ocrx_word' id='word_1_300' title='bbox 600 2752 708 2809; x_wconf 92' lang='lat' dir='ltr'>suntin</span> <span class='ocrx_word' id='word_1_301' title='bbox 725 2752 798 2811; x_wconf 90' lang='lat' dir='ltr'>libro</span> <span class='ocrx_word' id='word_1_302' title='bbox 807 2755 882 2812; x_wconf 83' lang='lat' dir='ltr'>vites.</span> 
     </span>
    </p>
   </div>
   <div class='ocr_carea' id='block_1_4' title="bbox 937 2221 1825 2821">
    <p class='ocr_par' dir='ltr' id='par_1_5' title="bbox 937 2221 1825 2821">
     <span class='ocr_line' id='line_1_30' title="bbox 939 2221 1766 2296; baseline 0 -19"><span class='ocrx_word' id='word_1_303' title='bbox 939 2237 992 2278; x_wconf 88' lang='lat' dir='ltr'>suo</span> <span class='ocrx_word' id='word_1_304' title='bbox 1018 2236 1142 2277; x_wconf 88' lang='lat' dir='ltr'>assensu</span> <span class='ocrx_word' id='word_1_305' title='bbox 1166 2238 1224 2277; x_wconf 91' lang='lat' dir='ltr'>non</span> <span class='ocrx_word' id='word_1_306' title='bbox 1247 2221 1407 2296; x_wconf 82' lang='lat' dir='ltr'>aufugisse.</span> <span class='ocrx_word' id='word_1_307' title='bbox 1424 2223 1521 2280; x_wconf 81' lang='lat' dir='ltr'>Abbas</span> <span class='ocrx_word' id='word_1_308' title='bbox 1535 2238 1622 2278; x_wconf 91' lang='lat' dir='ltr'>suum</span> <span class='ocrx_word' id='word_1_309' title='bbox 1647 2221 1766 2278; x_wconf 89' lang='lat' dir='ltr'>habehit</span> 
     </span>
     <span class='ocr_line' id='line_1_31' title="bbox 939 2309 1766 2384; baseline 0.004 -20"><span class='ocrx_word' id='word_1_310' title='bbox 939 2310 1070 2365; x_wconf 90' lang='lat' dir='ltr'>bannum</span> <span class='ocrx_word' id='word_1_311' title='bbox 1094 2309 1236 2366; x_wconf 89' lang='lat' dir='ltr'>vendendi</span> <span class='ocrx_word' id='word_1_312' title='bbox 1261 2311 1361 2367; x_wconf 88' lang='lat' dir='ltr'>vinum</span> <span class='ocrx_word' id='word_1_313' title='bbox 1393 2312 1474 2383; x_wconf 81' lang='lat' dir='ltr'>(droit</span> <span class='ocrx_word' id='word_1_314' title='bbox 1499 2312 1531 2368; x_wconf 87' lang='lat' dir='ltr'>de</span> <span class='ocrx_word' id='word_1_315' title='bbox 1559 2313 1685 2380; x_wconf 74' lang='lat' dir='ltr'>dcet-vin)</span> <span class='ocrx_word' id='word_1_316' title='bbox 1714 2328 1766 2384; x_wconf 84' lang='lat' dir='ltr'>per</span> 
     </span>
     <span class='ocr_line' id='line_1_32' title="bbox 939 2399 1765 2472; baseline 0.001 -18"><span class='ocrx_word' id='word_1_317' title='bbox 939 2414 1056 2455; x_wconf 88' lang='lat' dir='ltr'>menses</span> <span class='ocrx_word' id='word_1_318' title='bbox 1080 2399 1164 2467; x_wconf 91' lang='lat' dir='ltr'>duos,</span> <span class='ocrx_word' id='word_1_319' title='bbox 1190 2401 1337 2471; x_wconf 87' lang='lat' dir='ltr'>requirere</span> <span class='ocrx_word' id='word_1_320' title='bbox 1363 2418 1554 2472; x_wconf 90' lang='lat' dir='ltr'>quoscunque</span> <span class='ocrx_word' id='word_1_321' title='bbox 1568 2400 1701 2469; x_wconf 86' lang='lat' dir='ltr'>voluerit,</span> <span class='ocrx_word' id='word_1_322' title='bbox 1717 2417 1765 2456; x_wconf 82' lang='lat' dir='ltr'>ex-</span> 
     </span>
     <span class='ocr_line' id='line_1_33' title="bbox 938 2486 1767 2562; baseline 0.004 -19"><span class='ocrx_word' id='word_1_323' title='bbox 938 2491 1021 2558; x_wconf 87' lang='lat' dir='ltr'>cepto</span> <span class='ocrx_word' id='word_1_324' title='bbox 1038 2486 1116 2543; x_wconf 81' lang='lat' dir='ltr'>lulio</span> <span class='ocrx_word' id='word_1_325' title='bbox 1126 2489 1305 2560; x_wconf 82' lang='lat' dir='ltr'>ctAugusto.</span> <span class='ocrx_word' id='word_1_326' title='bbox 1318 2489 1358 2544; x_wconf 88' lang='lat' dir='ltr'>De</span> <span class='ocrx_word' id='word_1_327' title='bbox 1373 2490 1459 2546; x_wconf 89' lang='lat' dir='ltr'>leuda</span> <span class='ocrx_word' id='word_1_328' title='bbox 1474 2490 1598 2559; x_wconf 80' lang='lat' dir='ltr'>(cmnzdc</span> <span class='ocrx_word' id='word_1_329' title='bbox 1607 2505 1767 2562; x_wconf 79' lang='lat' dir='ltr'>ponrccuae</span> 
     </span>
     <span class='ocr_line' id='line_1_34' title="bbox 937 2575 1765 2651; baseline 0.005 -20"><span class='ocrx_word' id='word_1_330' title='bbox 937 2575 1108 2646; x_wconf 82' lang='lat' dir='ltr'>d‘homicide)</span> <span class='ocrx_word' id='word_1_331' title='bbox 1125 2575 1406 2634; x_wconf 89' lang='lat' dir='ltr'>hominisinterlecti</span> <span class='ocrx_word' id='word_1_332' title='bbox 1421 2577 1501 2634; x_wconf 91' lang='lat' dir='ltr'>solus</span> <span class='ocrx_word' id='word_1_333' title='bbox 1515 2578 1630 2634; x_wconf 91' lang='lat' dir='ltr'>villicus</span> <span class='ocrx_word' id='word_1_334' title='bbox 1645 2577 1765 2651; x_wconf 89' lang='lat' dir='ltr'>placita-</span> 
     </span>
     <span class='ocr_line' id='line_1_35' title="bbox 938 2664 1825 2738; baseline 0.003 -17"><span class='ocrx_word' id='word_1_335' title='bbox 938 2665 991 2733; x_wconf 88' lang='lat' dir='ltr'>bit,</span> <span class='ocrx_word' id='word_1_336' title='bbox 1007 2664 1154 2738; x_wconf 89' lang='lat' dir='ltr'>acclpiens</span> <span class='ocrx_word' id='word_1_337' title='bbox 1169 2665 1204 2720; x_wconf 88' lang='lat' dir='ltr'>ad</span> <span class='ocrx_word' id='word_1_338' title='bbox 1227 2682 1302 2738; x_wconf 90' lang='lat' dir='ltr'>opus</span> <span class='ocrx_word' id='word_1_339' title='bbox 1318 2666 1432 2722; x_wconf 91' lang='lat' dir='ltr'>abbatis</span> <span class='ocrx_word' id='word_1_340' title='bbox 1453 2666 1582 2735; x_wconf 88' lang='lat' dir='ltr'>leudam,</span> <span class='ocrx_word' id='word_1_341' title='bbox 1608 2667 1765 2724; x_wconf 89' lang='lat' dir='ltr'>advocatus</span> <span class='ocrx_word' id='word_1_342' title='bbox 1819 2707 1825 2715; x_wconf 79' lang='lat'>,</span> 
     </span>
     <span class='ocr_line' id='line_1_36' title="bbox 940 2753 1764 2821; baseline 0.002 -11"><span class='ocrx_word' id='word_1_343' title='bbox 940 2754 1013 2810; x_wconf 92' lang='lat' dir='ltr'>nihil</span> <span class='ocrx_word' id='word_1_344' title='bbox 1037 2753 1157 2811; x_wconf 85' lang='lat' dir='ltr'>habehit</span> <span class='ocrx_word' id='word_1_345' title='bbox 1171 2754 1248 2821; x_wconf 89' lang='lat' dir='ltr'>inde,</span> <span class='ocrx_word' id='word_1_346' title='bbox 1274 2754 1328 2810; x_wconf 91' lang='lat' dir='ltr'>nisi</span> <span class='ocrx_word' id='word_1_347' title='bbox 1347 2755 1485 2812; x_wconf 84' lang='lat' dir='ltr'>invitatus</span> <span class='ocrx_word' id='word_1_348' title='bbox 1501 2756 1596 2811; x_wconf 86' lang='lat' dir='ltr'>fuerit.</span> <span class='ocrx_word' id='word_1_349' title='bbox 1614 2756 1654 2812; x_wconf 89' lang='lat' dir='ltr'>De</span> <span class='ocrx_word' id='word_1_350' title='bbox 1669 2760 1764 2812; x_wconf 88' lang='lat' dir='ltr'>muta-</span> 
     </span>
    </p>
   </div>
   <div class='ocr_carea' id='block_1_5' title="bbox 198 2843 1766 3007">
    <p class='ocr_par' dir='ltr' id='par_1_6' title="bbox 198 2843 1766 3007">
     <span class='ocr_line' id='line_1_37' title="bbox 453 2843 1766 2917; baseline -0.009 -3"><span class='ocrx_word' id='word_1_351' title='bbox 453 2859 487 2915; x_wconf 95' lang='lat' dir='ltr'>ll.</span> <span class='ocrx_word' id='word_1_352' title='bbox 587 2861 591 2864; x_wconf 75' lang='grc'><em>’</em></span> <span class='ocrx_word' id='word_1_353' title='bbox 937 2843 1016 2900; x_wconf 89' lang='lat' dir='ltr'>tione</span> <span class='ocrx_word' id='word_1_354' title='bbox 1032 2847 1153 2899; x_wconf 78' lang='lat' dir='ltr'>monetae</span> <span class='ocrx_word' id='word_1_355' title='bbox 1169 2847 1197 2898; x_wconf 91' lang='lat' dir='ltr'>et</span> <span class='ocrx_word' id='word_1_356' title='bbox 1208 2843 1243 2899; x_wconf 91' lang='lat' dir='ltr'>de</span> <span class='ocrx_word' id='word_1_357' title='bbox 1254 2843 1350 2899; x_wconf 86' lang='lat' dir='ltr'>duello</span> <span class='ocrx_word' id='word_1_358' title='bbox 1361 2843 1420 2900; x_wconf 87' lang='lat' dir='ltr'>sive</span> <span class='ocrx_word' id='word_1_359' title='bbox 1433 2845 1599 2917; x_wconf 91' lang='lat' dir='ltr'>incipiatur,</span> <span class='ocrx_word' id='word_1_360' title='bbox 1612 2845 1671 2902; x_wconf 89' lang='lat' dir='ltr'>sive</span> <span class='ocrx_word' id='word_1_361' title='bbox 1682 2845 1766 2902; x_wconf 86' lang='lat' dir='ltr'>linia·</span> 
     </span>
     <span class='ocr_line' id='line_1_38' title="bbox 198 2932 1764 3007; baseline -0.004 -10"><span class='ocrx_word' id='word_1_362' title='bbox 198 2951 266 3007; x_wconf 67' lang='lat' dir='ltr'>tura</span> <span class='ocrx_word' id='word_1_363' title='bbox 279 2948 475 3006; x_wconf 68' lang='lat' dir='ltr'>advocatorum</span> <span class='ocrx_word' id='word_1_364' title='bbox 495 2948 609 3006; x_wconf 66' lang='lat' dir='ltr'>Amenae</span> <span class='ocrx_word' id='word_1_365' title='bbox 623 2949 740 3007; x_wconf 61' lang='lat' dir='ltr'>ordinat,</span> <span class='ocrx_word' id='word_1_366' title='bbox 938 2932 1080 3002; x_wconf 84' lang='lat' dir='ltr'>tur,nihil</span> <span class='ocrx_word' id='word_1_367' title='bbox 1090 2933 1213 3006; x_wconf 89' lang='lat' dir='ltr'>pertinet</span> <span class='ocrx_word' id='word_1_368' title='bbox 1224 2934 1259 2989; x_wconf 88' lang='lat' dir='ltr'>ad</span> <span class='ocrx_word' id='word_1_369' title='bbox 1269 2937 1440 3005; x_wconf 88' lang='lat' dir='ltr'>potestatem</span> <span class='ocrx_word' id='word_1_370' title='bbox 1450 2934 1590 2991; x_wconf 86' lang='lat' dir='ltr'>advocati.</span> <span class='ocrx_word' id='word_1_371' title='bbox 1601 2935 1764 2991; x_wconf 79' lang='lat' dir='ltr'>Advocatus</span> 
     </span>
    </p>
   </div>
   <div class='ocr_carea' id='block_1_6' title="bbox 369 3020 1765 3110">
    <p class='ocr_par' dir='ltr' id='par_1_7' title="bbox 369 3020 1765 3110">
     <span class='ocr_line' id='line_1_39' title="bbox 369 3020 1765 3110; baseline -0.009 -20"><span class='ocrx_word' id='word_1_372' title='bbox 369 3039 462 3107; x_wconf 83' lang='lat' dir='ltr'>(Anno</span> <span class='ocrx_word' id='word_1_373' title='bbox 479 3037 568 3110; x_wconf 79' lang='lat'>1095.)</span> <span class='ocrx_word' id='word_1_374' title='bbox 938 3022 1029 3093; x_wconf 90' lang='lat' dir='ltr'>enim,</span> <span class='ocrx_word' id='word_1_375' title='bbox 1046 3025 1079 3077; x_wconf 90' lang='lat' dir='ltr'>ut</span> <span class='ocrx_word' id='word_1_376' title='bbox 1093 3022 1192 3077; x_wconf 91' lang='lat' dir='ltr'>omnia</span> <span class='ocrx_word' id='word_1_377' title='bbox 1202 3020 1259 3077; x_wconf 88' lang='lat' dir='ltr'>alia</span> <span class='ocrx_word' id='word_1_378' title='bbox 1274 3021 1303 3076; x_wconf 93' lang='lat' dir='ltr'>in</span> <span class='ocrx_word' id='word_1_379' title='bbox 1316 3021 1408 3077; x_wconf 90' lang='lat' dir='ltr'>libera</span> <span class='ocrx_word' id='word_1_380' title='bbox 1422 3027 1564 3095; x_wconf 90' lang='lat' dir='ltr'>potestate</span> <span class='ocrx_word' id='word_1_381' title='bbox 1574 3023 1765 3081; x_wconf 87' lang='lat' dir='ltr'>ahbatiscon-</span> 
     </span>
    </p>
   </div>
   <div class='ocr_carea' id='block_1_7' title="bbox 59 3089 1765 3204">
    <p class='ocr_par' dir='ltr' id='par_1_8' title="bbox 59 3089 1765 3204">
     <span class='ocr_line' id='line_1_40' title="bbox 59 3089 1765 3204; baseline 0.001 -36"><span class='ocrx_word' id='word_1_382' title='bbox 59 3133 122 3204; x_wconf 61' lang='lat' dir='ltr'><strong><em>[Ubi</em></strong></span> <span class='ocrx_word' id='word_1_383' title='bbox 136 3145 229 3202; x_wconf 52' lang='lat' dir='ltr'>gum,</span> <span class='ocrx_word' id='word_1_384' title='bbox 247 3145 275 3201; x_wconf 62' lang='lat' dir='ltr'>p,</span> <span class='ocrx_word' id='word_1_385' title='bbox 292 3128 354 3195; x_wconf 61' lang='lat'>400,</span> <span class='ocrx_word' id='word_1_386' title='bbox 371 3143 405 3182; x_wconf 60' lang='lat' dir='ltr'>ex</span> <span class='ocrx_word' id='word_1_387' title='bbox 421 3125 545 3183; x_wconf 60' lang='lat' dir='ltr'>chartul,</span> <span class='ocrx_word' id='word_1_388' title='bbox 571 3127 693 3184; x_wconf 55' lang='lat' dir='ltr'>abbati„</span> <span class='ocrx_word' id='word_1_389' title='bbox 709 3128 883 3199; x_wconf 57' lang='lat' dir='ltr'>pompm,</span> <span class='ocrx_word' id='word_1_390' title='bbox 900 3089 922 3157; x_wconf 76' lang='lat' dir='ltr'>C</span> <span class='ocrx_word' id='word_1_391' title='bbox 939 3112 1055 3179; x_wconf 85' lang='lat' dir='ltr'>sistant,</span> <span class='ocrx_word' id='word_1_392' title='bbox 1074 3127 1193 3167; x_wconf 88' lang='lat' dir='ltr'>mansos</span> <span class='ocrx_word' id='word_1_393' title='bbox 1208 3112 1307 3168; x_wconf 90' lang='lat' dir='ltr'>decem</span> <span class='ocrx_word' id='word_1_394' title='bbox 1324 3110 1411 3167; x_wconf 88' lang='lat' dir='ltr'>hahet</span> <span class='ocrx_word' id='word_1_395' title='bbox 1426 3111 1456 3167; x_wconf 92' lang='lat' dir='ltr'>in</span> <span class='ocrx_word' id='word_1_396' title='bbox 1471 3112 1564 3180; x_wconf 91' lang='lat' dir='ltr'>feodo,</span> <span class='ocrx_word' id='word_1_397' title='bbox 1576 3115 1681 3185; x_wconf 82' lang='lat' dir='ltr'>prater</span> <span class='ocrx_word' id='word_1_398' title='bbox 1694 3112 1765 3169; x_wconf 91' lang='lat' dir='ltr'>han·</span> 
     </span>
    </p>
   </div>
   <div class='ocr_carea' id='block_1_8' title="bbox 56 3199 1766 3983">
    <p class='ocr_par' dir='ltr' id='par_1_9' title="bbox 307 3199 1765 3273">
     <span class='ocr_line' id='line_1_41' title="bbox 307 3199 1765 3273; baseline 0.002 -18"><span class='ocrx_word' id='word_1_399' title='bbox 307 3200 352 3255; x_wconf 91' lang='lat' dir='ltr'>tit.</span> <span class='ocrx_word' id='word_1_400' title='bbox 371 3199 434 3266; x_wconf 84' lang='lat'>138,</span> <span class='ocrx_word' id='word_1_401' title='bbox 450 3216 478 3270; x_wconf 94' lang='lat' dir='ltr'>p.</span> <span class='ocrx_word' id='word_1_402' title='bbox 500 3199 635 3271; x_wconf 73' lang='lat' dir='ltr'>laetae]</span> <span class='ocrx_word' id='word_1_403' title='bbox 940 3218 1011 3257; x_wconf 90' lang='lat' dir='ltr'>num</span> <span class='ocrx_word' id='word_1_404' title='bbox 1028 3216 1114 3273; x_wconf 90' lang='lat' dir='ltr'>quem</span> <span class='ocrx_word' id='word_1_405' title='bbox 1130 3199 1235 3255; x_wconf 88' lang='lat' dir='ltr'>retinet</span> <span class='ocrx_word' id='word_1_406' title='bbox 1250 3199 1350 3268; x_wconf 92' lang='lat' dir='ltr'>abhas,</span> <span class='ocrx_word' id='word_1_407' title='bbox 1368 3217 1442 3272; x_wconf 92' lang='lat' dir='ltr'>quos</span> <span class='ocrx_word' id='word_1_408' title='bbox 1455 3217 1575 3256; x_wconf 87' lang='lat' dir='ltr'>mansos</span> <span class='ocrx_word' id='word_1_409' title='bbox 1589 3200 1676 3257; x_wconf 89' lang='lat' dir='ltr'>hahet</span> <span class='ocrx_word' id='word_1_410' title='bbox 1688 3218 1765 3258; x_wconf 89' lang='lat' dir='ltr'>seor-</span> 
     </span>
    </p>

    <p class='ocr_par' dir='ltr' id='par_1_10' title="bbox 56 3286 1766 3983">
     <span class='ocr_line' id='line_1_42' title="bbox 95 3286 1764 3363; baseline 0.001 -17"><span class='ocrx_word' id='word_1_411' title='bbox 95 3288 254 3346; x_wconf 89' lang='lat' dir='ltr'>innomine</span> <span class='ocrx_word' id='word_1_412' title='bbox 266 3286 573 3345; x_wconf 82' lang='lat' dir='ltr'>sanctaeetindividuae</span> <span class='ocrx_word' id='word_1_413' title='bbox 584 3287 746 3357; x_wconf 81' lang='lat' dir='ltr'>Trinitatis,</span> <span class='ocrx_word' id='word_1_414' title='bbox 758 3290 885 3347; x_wconf 87' lang='lat' dir='ltr'>etheatae</span> <span class='ocrx_word' id='word_1_415' title='bbox 939 3305 1018 3356; x_wconf 89' lang='lat' dir='ltr'>sum,</span> <span class='ocrx_word' id='word_1_416' title='bbox 1032 3292 1065 3344; x_wconf 91' lang='lat' dir='ltr'>ut</span> <span class='ocrx_word' id='word_1_417' title='bbox 1079 3292 1169 3344; x_wconf 90' lang='lat' dir='ltr'>totam</span> <span class='ocrx_word' id='word_1_418' title='bbox 1184 3290 1357 3361; x_wconf 85' lang='lat' dir='ltr'>potestatem</span> <span class='ocrx_word' id='word_1_419' title='bbox 1368 3288 1512 3360; x_wconf 89' lang='lat' dir='ltr'>defendat,</span> <span class='ocrx_word' id='word_1_420' title='bbox 1524 3289 1587 3346; x_wconf 87' lang='lat' dir='ltr'>sine</span> <span class='ocrx_word' id='word_1_421' title='bbox 1597 3288 1653 3346; x_wconf 86' lang='lat' dir='ltr'>alio</span> <span class='ocrx_word' id='word_1_422' title='bbox 1666 3306 1764 3363; x_wconf 89' lang='lat' dir='ltr'>respe-</span> 
     </span>
     <span class='ocr_line' id='line_1_43' title="bbox 59 3374 1764 3449; baseline -0.002 -12"><span class='ocrx_word' id='word_1_423' title='bbox 59 3379 111 3437; x_wconf 89' lang='lat' dir='ltr'>Dei</span> <span class='ocrx_word' id='word_1_424' title='bbox 135 3377 291 3436; x_wconf 88' lang='lat' dir='ltr'>Genitricis</span> <span class='ocrx_word' id='word_1_425' title='bbox 306 3375 415 3443; x_wconf 79' lang='lat' dir='ltr'>Maria,</span> <span class='ocrx_word' id='word_1_426' title='bbox 441 3379 470 3432; x_wconf 88' lang='lat' dir='ltr'>et</span> <span class='ocrx_word' id='word_1_427' title='bbox 484 3374 577 3433; x_wconf 88' lang='lat' dir='ltr'>sancti</span> <span class='ocrx_word' id='word_1_428' title='bbox 593 3375 744 3434; x_wconf 85' lang='lat' dir='ltr'>Michaelis</span> <span class='ocrx_word' id='word_1_429' title='bbox 762 3377 885 3434; x_wconf 89' lang='lat' dir='ltr'>archan·</span> <span class='ocrx_word' id='word_1_430' title='bbox 940 3382 999 3443; x_wconf 93' lang='lat' dir='ltr'>ctu,</span> <span class='ocrx_word' id='word_1_431' title='bbox 1016 3376 1072 3432; x_wconf 90' lang='lat' dir='ltr'>nisi</span> <span class='ocrx_word' id='word_1_432' title='bbox 1098 3375 1148 3449; x_wconf 90' lang='lat' dir='ltr'>qui</span> <span class='ocrx_word' id='word_1_433' title='bbox 1163 3375 1323 3448; x_wconf 85' lang='lat' dir='ltr'>inscriptus</span> <span class='ocrx_word' id='word_1_434' title='bbox 1338 3378 1392 3432; x_wconf 87' lang='lat' dir='ltr'>est.</span> <span class='ocrx_word' id='word_1_435' title='bbox 1411 3375 1504 3432; x_wconf 91' lang='lat' dir='ltr'>Habet</span> <span class='ocrx_word' id='word_1_436' title='bbox 1518 3377 1606 3432; x_wconf 90' lang='lat' dir='ltr'>etiam</span> <span class='ocrx_word' id='word_1_437' title='bbox 1621 3377 1698 3433; x_wconf 91' lang='lat' dir='ltr'>idem</span> <span class='ocrx_word' id='word_1_438' title='bbox 1713 3378 1764 3434; x_wconf 90' lang='lat' dir='ltr'>ad·</span> 
     </span>
     <span class='ocr_line' id='line_1_44' title="bbox 58 3463 1764 3544; baseline -0.002 -19"><span class='ocrx_word' id='word_1_439' title='bbox 58 3468 127 3544; x_wconf 88' lang='lat' dir='ltr'>geli,</span> <span class='ocrx_word' id='word_1_440' title='bbox 143 3472 171 3524; x_wconf 92' lang='lat' dir='ltr'>et</span> <span class='ocrx_word' id='word_1_441' title='bbox 186 3467 280 3524; x_wconf 87' lang='lat' dir='ltr'>sancti</span> <span class='ocrx_word' id='word_1_442' title='bbox 298 3465 373 3524; x_wconf 85' lang='lat' dir='ltr'>Patri</span> <span class='ocrx_word' id='word_1_443' title='bbox 389 3468 418 3520; x_wconf 88' lang='lat' dir='ltr'>et</span> <span class='ocrx_word' id='word_1_444' title='bbox 434 3463 526 3532; x_wconf 91' lang='lat' dir='ltr'>Pauli,</span> <span class='ocrx_word' id='word_1_445' title='bbox 542 3468 571 3521; x_wconf 91' lang='lat' dir='ltr'>et</span> <span class='ocrx_word' id='word_1_446' title='bbox 585 3465 678 3521; x_wconf 84' lang='lat' dir='ltr'>sancti</span> <span class='ocrx_word' id='word_1_447' title='bbox 695 3466 843 3541; x_wconf 79' lang='lat' dir='ltr'>Gorgonii,</span> <span class='ocrx_word' id='word_1_448' title='bbox 858 3473 887 3525; x_wconf 91' lang='lat' dir='ltr'>et</span> <span class='ocrx_word' id='word_1_449' title='bbox 939 3470 1058 3523; x_wconf 89' lang='lat' dir='ltr'>vocatus</span> <span class='ocrx_word' id='word_1_450' title='bbox 1082 3465 1112 3520; x_wconf 91' lang='lat' dir='ltr'>in</span> <span class='ocrx_word' id='word_1_451' title='bbox 1136 3464 1194 3521; x_wconf 90' lang='lat' dir='ltr'>illis</span> <span class='ocrx_word' id='word_1_452' title='bbox 1219 3463 1331 3521; x_wconf 88' lang='lat' dir='ltr'>mansis</span> <span class='ocrx_word' id='word_1_453' title='bbox 1354 3469 1517 3532; x_wconf 87' lang='lat' dir='ltr'>manentes,</span> <span class='ocrx_word' id='word_1_454' title='bbox 1546 3467 1685 3523; x_wconf 90' lang='lat' dir='ltr'>debentes</span> <span class='ocrx_word' id='word_1_455' title='bbox 1708 3466 1764 3523; x_wconf 92' lang='lat' dir='ltr'>sihi</span> 
     </span>
     <span class='ocr_line' id='line_1_45' title="bbox 58 3552 1764 3627; baseline -0.003 -11"><span class='ocrx_word' id='word_1_456' title='bbox 58 3557 191 3616; x_wconf 87' lang='lat' dir='ltr'>omnium</span> <span class='ocrx_word' id='word_1_457' title='bbox 207 3553 370 3612; x_wconf 85' lang='lat' dir='ltr'>coelestium</span> <span class='ocrx_word' id='word_1_458' title='bbox 386 3553 534 3620; x_wconf 84' lang='lat' dir='ltr'>ordinum,</span> <span class='ocrx_word' id='word_1_459' title='bbox 545 3553 652 3622; x_wconf 82' lang='lat' dir='ltr'>Porro,</span> <span class='ocrx_word' id='word_1_460' title='bbox 664 3559 771 3612; x_wconf 81' lang='lat' dir='ltr'>sancte</span> <span class='ocrx_word' id='word_1_461' title='bbox 782 3556 887 3614; x_wconf 87' lang='lat' dir='ltr'>Medio·</span> <span class='ocrx_word' id='word_1_462' title='bbox 940 3570 1061 3610; x_wconf 76' lang='lat' dir='ltr'>censum</span> <span class='ocrx_word' id='word_1_463' title='bbox 1073 3553 1108 3608; x_wconf 93' lang='lat' dir='ltr'>de</span> <span class='ocrx_word' id='word_1_464' title='bbox 1118 3552 1274 3626; x_wconf 89' lang='lat' dir='ltr'>capitibus,</span> <span class='ocrx_word' id='word_1_465' title='bbox 1284 3552 1406 3609; x_wconf 91' lang='lat' dir='ltr'>ethahet</span> <span class='ocrx_word' id='word_1_466' title='bbox 1416 3553 1454 3610; x_wconf 92' lang='lat' dir='ltr'>ihi</span> <span class='ocrx_word' id='word_1_467' title='bbox 1464 3554 1615 3627; x_wconf 91' lang='lat' dir='ltr'>proprium</span> <span class='ocrx_word' id='word_1_468' title='bbox 1623 3554 1764 3624; x_wconf 89' lang='lat' dir='ltr'>villicum,</span> 
     </span>
     <span class='ocr_line' id='line_1_46' title="bbox 59 3641 1765 3716; baseline -0.001 -14"><span class='ocrx_word' id='word_1_469' title='bbox 59 3644 249 3702; x_wconf 81' lang='lat' dir='ltr'>metricorum</span> <span class='ocrx_word' id='word_1_470' title='bbox 267 3641 399 3700; x_wconf 77' lang='lat' dir='ltr'>Ecclesia</span> <span class='ocrx_word' id='word_1_471' title='bbox 414 3641 509 3716; x_wconf 87' lang='lat' dir='ltr'>gratia</span> <span class='ocrx_word' id='word_1_472' title='bbox 521 3642 571 3697; x_wconf 87' lang='lat' dir='ltr'>Dei</span> <span class='ocrx_word' id='word_1_473' title='bbox 587 3643 725 3715; x_wconf 74' lang='lat' dir='ltr'>pontifex.</span> <span class='ocrx_word' id='word_1_474' title='bbox 940 3644 1094 3711; x_wconf 89' lang='lat' dir='ltr'>decanum,</span> <span class='ocrx_word' id='word_1_475' title='bbox 1111 3642 1290 3709; x_wconf 89' lang='lat' dir='ltr'>scabionem,</span> <span class='ocrx_word' id='word_1_476' title='bbox 1302 3660 1462 3715; x_wconf 86' lang='lat' dir='ltr'>omnesque</span> <span class='ocrx_word' id='word_1_477' title='bbox 1475 3643 1606 3700; x_wconf 85' lang='lat' dir='ltr'>redditus</span> <span class='ocrx_word' id='word_1_478' title='bbox 1620 3641 1765 3701; x_wconf 83' lang='lat' dir='ltr'>illorumx</span> 
     </span>
     <span class='ocr_line' id='line_1_47' title="bbox 94 3731 1766 3808; baseline 0.001 -18"><span class='ocrx_word' id='word_1_479' title='bbox 94 3733 302 3790; x_wconf 87' lang='lat' dir='ltr'>Contradimus</span> <span class='ocrx_word' id='word_1_480' title='bbox 318 3736 419 3788; x_wconf 90' lang='lat' dir='ltr'>notum</span> <span class='ocrx_word' id='word_1_481' title='bbox 433 3731 570 3788; x_wconf 89' lang='lat' dir='ltr'>omnibus</span> <span class='ocrx_word' id='word_1_482' title='bbox 581 3731 727 3800; x_wconf 83' lang='lat' dir='ltr'>fidelibus,</span> <span class='ocrx_word' id='word_1_483' title='bbox 744 3737 805 3789; x_wconf 88' lang='lat' dir='ltr'>tam</span> <span class='ocrx_word' id='word_1_484' title='bbox 816 3751 887 3808; x_wconf 84' lang='lat' dir='ltr'>pre·</span> <span class='ocrx_word' id='word_1_485' title='bbox 939 3748 1121 3798; x_wconf 90' lang='lat' dir='ltr'>mansorum,</span> <span class='ocrx_word' id='word_1_486' title='bbox 1137 3732 1249 3804; x_wconf 87' lang='lat' dir='ltr'>absque</span> <span class='ocrx_word' id='word_1_487' title='bbox 1274 3731 1380 3788; x_wconf 88' lang='lat' dir='ltr'>banno.</span> <span class='ocrx_word' id='word_1_488' title='bbox 1403 3732 1542 3789; x_wconf 76' lang='lat' dir='ltr'>Praeterea</span> <span class='ocrx_word' id='word_1_489' title='bbox 1557 3733 1715 3801; x_wconf 88' lang='lat' dir='ltr'>advocatus</span> <span class='ocrx_word' id='word_1_490' title='bbox 1730 3733 1766 3791; x_wconf 91' lang='lat' dir='ltr'>de</span> 
     </span>
     <span class='ocr_line' id='line_1_48' title="bbox 57 3819 1764 3897; baseline -0.002 -14"><span class='ocrx_word' id='word_1_491' title='bbox 57 3824 191 3883; x_wconf 88' lang='lat' dir='ltr'>sentibus</span> <span class='ocrx_word' id='word_1_492' title='bbox 215 3840 304 3896; x_wconf 91' lang='lat' dir='ltr'>quam</span> <span class='ocrx_word' id='word_1_493' title='bbox 329 3821 465 3897; x_wconf 87' lang='lat' dir='ltr'>posteris,</span> <span class='ocrx_word' id='word_1_494' title='bbox 490 3822 567 3895; x_wconf 91' lang='lat' dir='ltr'>quod</span> <span class='ocrx_word' id='word_1_495' title='bbox 595 3822 769 3880; x_wconf 85' lang='lat' dir='ltr'>venerahilis</span> <span class='ocrx_word' id='word_1_496' title='bbox 794 3824 885 3882; x_wconf 90' lang='lat' dir='ltr'>ahbas</span> <span class='ocrx_word' id='word_1_497' title='bbox 939 3819 1065 3894; x_wconf 87' lang='lat' dir='ltr'>singulis</span> <span class='ocrx_word' id='word_1_498' title='bbox 1081 3820 1268 3875; x_wconf 90' lang='lat' dir='ltr'>manentibus</span> <span class='ocrx_word' id='word_1_499' title='bbox 1284 3819 1360 3875; x_wconf 90' lang='lat' dir='ltr'>infra</span> <span class='ocrx_word' id='word_1_500' title='bbox 1381 3820 1512 3876; x_wconf 91' lang='lat' dir='ltr'>bannum</span> <span class='ocrx_word' id='word_1_501' title='bbox 1527 3820 1628 3890; x_wconf 91' lang='lat' dir='ltr'>istum,</span> <span class='ocrx_word' id='word_1_502' title='bbox 1645 3826 1675 3879; x_wconf 91' lang='lat' dir='ltr'>et</span> <span class='ocrx_word' id='word_1_503' title='bbox 1690 3840 1764 3897; x_wconf 92' lang='lat' dir='ltr'>quo·</span> 
     </span>
     <span class='ocr_line' id='line_1_49' title="bbox 56 3909 1765 3983; baseline -0.001 -12"><span class='ocrx_word' id='word_1_504' title='bbox 56 3912 221 3971; x_wconf 87' lang='lat' dir='ltr'>Gorziensis</span> <span class='ocrx_word' id='word_1_505' title='bbox 245 3911 380 3980; x_wconf 75' lang='lat' dir='ltr'>caenobii,</span> <span class='ocrx_word' id='word_1_506' title='bbox 408 3911 527 3967; x_wconf 91' lang='lat' dir='ltr'>nomine</span> <span class='ocrx_word' id='word_1_507' title='bbox 553 3914 722 3979; x_wconf 86' lang='lat' dir='ltr'>Warnerus,</span> <span class='ocrx_word' id='word_1_508' title='bbox 747 3930 814 3969; x_wconf 89' lang='lat' dir='ltr'>cum</span> <span class='ocrx_word' id='word_1_509' title='bbox 831 3931 884 3970; x_wconf 87' lang='lat' dir='ltr'>suo</span> <span class='ocrx_word' id='word_1_510' title='bbox 940 3913 1059 3967; x_wconf 86' lang='lat' dir='ltr'>rumest</span> <span class='ocrx_word' id='word_1_511' title='bbox 1070 3909 1239 3974; x_wconf 89' lang='lat' dir='ltr'>advocatus,</span> <span class='ocrx_word' id='word_1_512' title='bbox 1252 3911 1280 3963; x_wconf 91' lang='lat' dir='ltr'>et</span> <span class='ocrx_word' id='word_1_513' title='bbox 1291 3909 1472 3980; x_wconf 88' lang='lat' dir='ltr'>quicensum</span> <span class='ocrx_word' id='word_1_514' title='bbox 1483 3909 1610 3977; x_wconf 92' lang='lat' dir='ltr'>solvunt,</span> <span class='ocrx_word' id='word_1_515' title='bbox 1622 3911 1765 3983; x_wconf 87' lang='lat' dir='ltr'>accipitin</span> 
     </span>
    </p>
   </div>
   <div class='ocr_carea' id='block_1_9' title="bbox 55 4001 886 4428">
    <p class='ocr_par' dir='ltr' id='par_1_11' title="bbox 55 4001 886 4428">
     <span class='ocr_line' id='line_1_50' title="bbox 56 4001 886 4077; baseline 0.001 -18"><span class='ocrx_word' id='word_1_516' title='bbox 56 4003 210 4077; x_wconf 82' lang='lat' dir='ltr'>praeposito</span> <span class='ocrx_word' id='word_1_517' title='bbox 227 4002 314 4058; x_wconf 86' lang='lat' dir='ltr'>fratre</span> <span class='ocrx_word' id='word_1_518' title='bbox 329 4001 467 4070; x_wconf 82' lang='lat' dir='ltr'>Adelcne,</span> <span class='ocrx_word' id='word_1_519' title='bbox 484 4004 615 4057; x_wconf 89' lang='lat' dir='ltr'>nostram</span> <span class='ocrx_word' id='word_1_520' title='bbox 631 4003 815 4075; x_wconf 78' lang='lat' dir='ltr'>presentiam</span> <span class='ocrx_word' id='word_1_521' title='bbox 829 4003 886 4060; x_wconf 88' lang='lat' dir='ltr'>hu-</span> 
     </span>
     <span class='ocr_line' id='line_1_51' title="bbox 57 4088 884 4162; baseline -0.001 -13"><span class='ocrx_word' id='word_1_522' title='bbox 57 4091 163 4149; x_wconf 88' lang='lat' dir='ltr'>militer</span> <span class='ocrx_word' id='word_1_523' title='bbox 179 4089 291 4158; x_wconf 89' lang='lat' dir='ltr'>adiens,</span> <span class='ocrx_word' id='word_1_524' title='bbox 307 4094 484 4162; x_wconf 88' lang='lat' dir='ltr'>conquestus</span> <span class='ocrx_word' id='word_1_525' title='bbox 501 4088 557 4144; x_wconf 89' lang='lat' dir='ltr'>fuit</span> <span class='ocrx_word' id='word_1_526' title='bbox 569 4089 605 4145; x_wconf 93' lang='lat' dir='ltr'>de</span> <span class='ocrx_word' id='word_1_527' title='bbox 628 4089 783 4147; x_wconf 87' lang='lat' dir='ltr'>Wazelone</span> <span class='ocrx_word' id='word_1_528' title='bbox 798 4093 884 4149; x_wconf 90' lang='lat' dir='ltr'>advo·</span> 
     </span>
     <span class='ocr_line' id='line_1_52' title="bbox 56 4177 885 4252; baseline -0.001 -13"><span class='ocrx_word' id='word_1_529' title='bbox 56 4186 120 4239; x_wconf 88' lang='lat' dir='ltr'>cato</span> <span class='ocrx_word' id='word_1_530' title='bbox 135 4197 199 4246; x_wconf 91' lang='lat' dir='ltr'>suo,</span> <span class='ocrx_word' id='word_1_531' title='bbox 215 4179 266 4252; x_wconf 92' lang='lat' dir='ltr'>qui</span> <span class='ocrx_word' id='word_1_532' title='bbox 283 4181 553 4252; x_wconf 87' lang='lat' dir='ltr'>superpetestatem</span> <span class='ocrx_word' id='word_1_533' title='bbox 566 4177 695 4244; x_wconf 71' lang='lat' dir='ltr'>amellae,</span> <span class='ocrx_word' id='word_1_534' title='bbox 711 4179 761 4235; x_wconf 90' lang='lat' dir='ltr'>uhi</span> <span class='ocrx_word' id='word_1_535' title='bbox 776 4184 822 4236; x_wconf 90' lang='lat' dir='ltr'>est</span> <span class='ocrx_word' id='word_1_536' title='bbox 836 4181 885 4238; x_wconf 90' lang='lat' dir='ltr'>ad·</span> 
     </span>
     <span class='ocr_line' id='line_1_53' title="bbox 55 4265 886 4339; baseline -0.002 -13"><span class='ocrx_word' id='word_1_537' title='bbox 55 4272 185 4336; x_wconf 87' lang='lat' dir='ltr'>vocatus,</span> <span class='ocrx_word' id='word_1_538' title='bbox 202 4265 431 4324; x_wconf 85' lang='lat' dir='ltr'>extraordinarie</span> <span class='ocrx_word' id='word_1_539' title='bbox 447 4281 499 4337; x_wconf 89' lang='lat' dir='ltr'>per</span> <span class='ocrx_word' id='word_1_540' title='bbox 512 4282 543 4322; x_wconf 87' lang='lat' dir='ltr'>se</span> <span class='ocrx_word' id='word_1_541' title='bbox 558 4270 587 4322; x_wconf 92' lang='lat' dir='ltr'>et</span> <span class='ocrx_word' id='word_1_542' title='bbox 602 4283 653 4339; x_wconf 91' lang='lat' dir='ltr'>per</span> <span class='ocrx_word' id='word_1_543' title='bbox 666 4283 745 4335; x_wconf 93' lang='lat' dir='ltr'>suos,</span> <span class='ocrx_word' id='word_1_544' title='bbox 763 4269 886 4325; x_wconf 90' lang='lat' dir='ltr'>nonnul-</span> 
     </span>
     <span class='ocr_line' id='line_1_54' title="bbox 55 4354 886 4428; baseline -0.004 -11"><span class='ocrx_word' id='word_1_545' title='bbox 55 4360 100 4417; x_wconf 91' lang='lat' dir='ltr'>las</span> <span class='ocrx_word' id='word_1_546' title='bbox 116 4375 163 4415; x_wconf 85' lang='lat' dir='ltr'>res</span> <span class='ocrx_word' id='word_1_547' title='bbox 176 4355 354 4423; x_wconf 90' lang='lat' dir='ltr'>vindicabat,</span> <span class='ocrx_word' id='word_1_548' title='bbox 371 4354 512 4410; x_wconf 84' lang='lat' dir='ltr'>excedens</span> <span class='ocrx_word' id='word_1_549' title='bbox 527 4354 694 4426; x_wconf 78' lang='lat' dir='ltr'>equitatem</span> <span class='ocrx_word' id='word_1_550' title='bbox 710 4372 800 4428; x_wconf 88' lang='lat' dir='ltr'>quam</span> <span class='ocrx_word' id='word_1_551' title='bbox 815 4358 886 4414; x_wconf 87' lang='lat' dir='ltr'>ohti-</span> 
     </span>
    </p>
   </div>
   <div class='ocr_carea' id='block_1_10' title="bbox 939 3996 1767 4419">
    <p class='ocr_par' dir='ltr' id='par_1_12' title="bbox 939 3996 1767 4419">
     <span class='ocr_line' id='line_1_55' title="bbox 940 3996 1767 4071; baseline 0.001 -14"><span class='ocrx_word' id='word_1_552' title='bbox 940 3997 1124 4057; x_wconf 89' lang='lat' dir='ltr'>solemnitate</span> <span class='ocrx_word' id='word_1_553' title='bbox 1145 3996 1238 4053; x_wconf 90' lang='lat' dir='ltr'>sancti</span> <span class='ocrx_word' id='word_1_554' title='bbox 1262 3996 1378 4052; x_wconf 85' lang='lat' dir='ltr'>Martini</span> <span class='ocrx_word' id='word_1_555' title='bbox 1394 3997 1505 4053; x_wconf 87' lang='lat' dir='ltr'>soniam</span> <span class='ocrx_word' id='word_1_556' title='bbox 1523 4015 1613 4054; x_wconf 89' lang='lat' dir='ltr'>unam</span> <span class='ocrx_word' id='word_1_557' title='bbox 1629 3998 1712 4071; x_wconf 83' lang='lat' dir='ltr'>(droit</span> <span class='ocrx_word' id='word_1_558' title='bbox 1734 3999 1767 4059; x_wconf 81' lang='lat' dir='ltr'>de</span> 
     </span>
     <span class='ocr_line' id='line_1_56' title="bbox 939 4087 1766 4161; baseline 0.002 -17"><span class='ocrx_word' id='word_1_559' title='bbox 939 4093 1005 4159; x_wconf 73' lang='lat' dir='ltr'>otte,</span> <span class='ocrx_word' id='word_1_560' title='bbox 1019 4104 1053 4143; x_wconf 84' lang='lat' dir='ltr'>eu</span> <span class='ocrx_word' id='word_1_561' title='bbox 1075 4087 1165 4159; x_wconf 80' lang='lat' dir='ltr'>plntdt</span> <span class='ocrx_word' id='word_1_562' title='bbox 1182 4088 1333 4158; x_wconf 78' lang='lat' dir='ltr'>prestation</span> <span class='ocrx_word' id='word_1_563' title='bbox 1347 4088 1395 4157; x_wconf 87' lang='lat' dir='ltr'>qni</span> <span class='ocrx_word' id='word_1_564' title='bbox 1409 4103 1436 4141; x_wconf 81' lang='lat' dir='ltr'>se</span> <span class='ocrx_word' id='word_1_565' title='bbox 1447 4089 1546 4158; x_wconf 78' lang='lat' dir='ltr'>popei!</span> <span class='ocrx_word' id='word_1_566' title='bbox 1558 4104 1629 4159; x_wconf 84' lang='lat' dir='ltr'>pour</span> <span class='ocrx_word' id='word_1_567' title='bbox 1642 4104 1676 4144; x_wconf 88' lang='lat' dir='ltr'>ne</span> <span class='ocrx_word' id='word_1_568' title='bbox 1687 4091 1766 4161; x_wconf 86' lang='lat' dir='ltr'>point</span> 
     </span>
     <span class='ocr_line' id='line_1_57' title="bbox 941 4173 1766 4249; baseline 0.002 -15"><span class='ocrx_word' id='word_1_569' title='bbox 941 4179 1024 4249; x_wconf 69' lang='lat' dir='ltr'>tener)</span> <span class='ocrx_word' id='word_1_570' title='bbox 1040 4176 1076 4232; x_wconf 87' lang='lat' dir='ltr'>ad</span> <span class='ocrx_word' id='word_1_571' title='bbox 1101 4190 1270 4230; x_wconf 83' lang='lat' dir='ltr'>mensurum</span> <span class='ocrx_word' id='word_1_572' title='bbox 1296 4173 1432 4246; x_wconf 84' lang='lat' dir='ltr'>quartalli</span> <span class='ocrx_word' id='word_1_573' title='bbox 1449 4175 1484 4231; x_wconf 88' lang='lat' dir='ltr'>de</span> <span class='ocrx_word' id='word_1_574' title='bbox 1499 4180 1579 4232; x_wconf 86' lang='lat' dir='ltr'>curte</span> <span class='ocrx_word' id='word_1_575' title='bbox 1593 4176 1720 4234; x_wconf 76' lang='lat' dir='ltr'>Amellae.</span> <span class='ocrx_word' id='word_1_576' title='bbox 1736 4180 1766 4237; x_wconf 88' lang='lat' dir='ltr'>Si</span> 
     </span>
     <span class='ocr_line' id='line_1_58' title="bbox 939 4261 1766 4336; baseline 0.006 -16"><span class='ocrx_word' id='word_1_577' title='bbox 939 4282 1006 4320; x_wconf 91' lang='lat' dir='ltr'>vcro</span> <span class='ocrx_word' id='word_1_578' title='bbox 1022 4280 1056 4320; x_wconf 88' lang='lat' dir='ltr'>aa</span> <span class='ocrx_word' id='word_1_579' title='bbox 1070 4262 1116 4318; x_wconf 95' lang='lat' dir='ltr'>die</span> <span class='ocrx_word' id='word_1_580' title='bbox 1131 4261 1214 4319; x_wconf 90' lang='lat' dir='ltr'>sonia</span> <span class='ocrx_word' id='word_1_581' title='bbox 1229 4279 1286 4318; x_wconf 92' lang='lat' dir='ltr'>non</span> <span class='ocrx_word' id='word_1_582' title='bbox 1302 4262 1390 4319; x_wconf 91' lang='lat' dir='ltr'>fuerit</span> <span class='ocrx_word' id='word_1_583' title='bbox 1402 4263 1560 4336; x_wconf 87' lang='lat' dir='ltr'>persoluta,</span> <span class='ocrx_word' id='word_1_584' title='bbox 1573 4271 1670 4322; x_wconf 88' lang='lat' dir='ltr'>tamen</span> <span class='ocrx_word' id='word_1_585' title='bbox 1682 4268 1766 4325; x_wconf 89' lang='lat' dir='ltr'>advo·</span> 
     </span>
     <span class='ocr_line' id='line_1_59' title="bbox 940 4348 1767 4419; baseline 0.002 -9"><span class='ocrx_word' id='word_1_586' title='bbox 940 4355 1023 4410; x_wconf 87' lang='lat' dir='ltr'>catus</span> <span class='ocrx_word' id='word_1_587' title='bbox 1040 4348 1151 4406; x_wconf 92' lang='lat' dir='ltr'>nullam</span> <span class='ocrx_word' id='word_1_588' title='bbox 1163 4349 1249 4405; x_wconf 90' lang='lat' dir='ltr'>faciet</span> <span class='ocrx_word' id='word_1_589' title='bbox 1264 4348 1443 4419; x_wconf 89' lang='lat' dir='ltr'>violentiam,</span> <span class='ocrx_word' id='word_1_590' title='bbox 1460 4352 1510 4407; x_wconf 88' lang='lat' dir='ltr'>scd</span> <span class='ocrx_word' id='word_1_591' title='bbox 1526 4352 1641 4410; x_wconf 85' lang='lat' dir='ltr'>villicus</span> <span class='ocrx_word' id='word_1_592' title='bbox 1652 4354 1767 4419; x_wconf 76' lang='lat' dir='ltr'>abbatie</span> 
     </span>
    </p>
   </div>
   <div class='ocr_carea' id='block_1_11' title="bbox 56 4437 1766 4607">
    <p class='ocr_par' dir='ltr' id='par_1_13' title="bbox 56 4437 1766 4607">
     <span class='ocr_line' id='line_1_60' title="bbox 56 4437 1766 4525; baseline -0.004 -20"><span class='ocrx_word' id='word_1_593' title='bbox 56 4449 185 4505; x_wconf 91' lang='lat' dir='ltr'>nuerunt</span> <span class='ocrx_word' id='word_1_594' title='bbox 201 4444 250 4501; x_wconf 88' lang='lat' dir='ltr'>alii</span> <span class='ocrx_word' id='word_1_595' title='bbox 266 4444 316 4517; x_wconf 93' lang='lat' dir='ltr'>qui</span> <span class='ocrx_word' id='word_1_596' title='bbox 333 4446 535 4498; x_wconf 88' lang='lat' dir='ltr'>memorantur</span> <span class='ocrx_word' id='word_1_597' title='bbox 549 4442 621 4497; x_wconf 91' lang='lat' dir='ltr'>inihi</span> <span class='ocrx_word' id='word_1_598' title='bbox 637 4443 728 4501; x_wconf 89' lang='lat' dir='ltr'>fuisse</span> <span class='ocrx_word' id='word_1_599' title='bbox 743 4445 884 4504; x_wconf 88' lang='lat' dir='ltr'>advocati.</span> <span class='ocrx_word' id='word_1_600' title='bbox 900 4459 924 4525; x_wconf 73' lang='grc' dir='ltr'><strong>ῃ</strong></span> <span class='ocrx_word' id='word_1_601' title='bbox 939 4443 1114 4514; x_wconf 85' lang='lat' dir='ltr'>exsequetur</span> <span class='ocrx_word' id='word_1_602' title='bbox 1129 4437 1350 4510; x_wconf 88' lang='lat' dir='ltr'>sibijustitiam,</span> <span class='ocrx_word' id='word_1_603' title='bbox 1367 4438 1466 4495; x_wconf 85' lang='lat' dir='ltr'>annali</span> <span class='ocrx_word' id='word_1_604' title='bbox 1483 4439 1587 4512; x_wconf 87' lang='lat' dir='ltr'>placito</span> <span class='ocrx_word' id='word_1_605' title='bbox 1603 4441 1719 4499; x_wconf 91' lang='lat' dir='ltr'>abbatis</span> <span class='ocrx_word' id='word_1_606' title='bbox 1732 4443 1766 4498; x_wconf 90' lang='lat' dir='ltr'>fi-</span> 
     </span>
     <span class='ocr_line' id='line_1_61' title="bbox 56 4525 1766 4607; baseline -0.004 -13"><span class='ocrx_word' id='word_1_607' title='bbox 56 4538 116 4594; x_wconf 87' lang='lat' dir='ltr'>Nos</span> <span class='ocrx_word' id='word_1_608' title='bbox 148 4534 246 4607; x_wconf 89' lang='lat' dir='ltr'>itaque</span> <span class='ocrx_word' id='word_1_609' title='bbox 279 4531 493 4589; x_wconf 73' lang='lat' dir='ltr'>satisfacientes</span> <span class='ocrx_word' id='word_1_610' title='bbox 522 4531 667 4589; x_wconf 89' lang='lat' dir='ltr'>desiderio</span> <span class='ocrx_word' id='word_1_611' title='bbox 696 4533 885 4607; x_wconf 76' lang='lat' dir='ltr'>querimonia</span> <span class='ocrx_word' id='word_1_612' title='bbox 940 4531 1011 4588; x_wconf 90' lang='lat' dir='ltr'>nito.</span> <span class='ocrx_word' id='word_1_613' title='bbox 1024 4525 1220 4600; x_wconf 88' lang='lat' dir='ltr'>Sequentidie</span> <span class='ocrx_word' id='word_1_614' title='bbox 1230 4526 1387 4584; x_wconf 87' lang='lat' dir='ltr'>advocatus</span> <span class='ocrx_word' id='word_1_615' title='bbox 1398 4527 1517 4584; x_wconf 87' lang='lat' dir='ltr'>habehit</span> <span class='ocrx_word' id='word_1_616' title='bbox 1527 4528 1667 4602; x_wconf 89' lang='lat' dir='ltr'>placitum</span> <span class='ocrx_word' id='word_1_617' title='bbox 1678 4547 1766 4588; x_wconf 92' lang='lat' dir='ltr'>suum</span> 
     </span>
    </p>
   </div>
   <div class='ocr_carea' id='block_1_12' title="bbox 56 4619 888 5318">
    <p class='ocr_par' dir='ltr' id='par_1_14' title="bbox 56 4619 888 5318">
     <span class='ocr_line' id='line_1_62' title="bbox 57 4619 885 4693; baseline -0.001 -10"><span class='ocrx_word' id='word_1_618' title='bbox 57 4643 127 4693; x_wconf 78' lang='lat' dir='ltr'>suae,</span> <span class='ocrx_word' id='word_1_619' title='bbox 136 4623 270 4680; x_wconf 86' lang='lat' dir='ltr'>venimus</span> <span class='ocrx_word' id='word_1_620' title='bbox 279 4620 433 4687; x_wconf 82' lang='lat' dir='ltr'>Amellam,</span> <span class='ocrx_word' id='word_1_621' title='bbox 445 4619 564 4677; x_wconf 89' lang='lat' dir='ltr'>collecta</span> <span class='ocrx_word' id='word_1_622' title='bbox 572 4621 761 4680; x_wconf 88' lang='lat' dir='ltr'>multitudine</span> <span class='ocrx_word' id='word_1_623' title='bbox 772 4629 885 4682; x_wconf 88' lang='lat' dir='ltr'>nostro·</span> 
     </span>
     <span class='ocr_line' id='line_1_63' title="bbox 57 4710 884 4783; baseline 0.001 -13"><span class='ocrx_word' id='word_1_624' title='bbox 57 4731 123 4771; x_wconf 90' lang='lat' dir='ltr'>rum</span> <span class='ocrx_word' id='word_1_625' title='bbox 139 4710 281 4776; x_wconf 87' lang='lat' dir='ltr'>lldolium,</span> <span class='ocrx_word' id='word_1_626' title='bbox 295 4710 346 4766; x_wconf 92' lang='lat' dir='ltr'>uhi</span> <span class='ocrx_word' id='word_1_627' title='bbox 356 4710 508 4766; x_wconf 88' lang='lat' dir='ltr'>convictus</span> <span class='ocrx_word' id='word_1_628' title='bbox 520 4710 706 4783; x_wconf 88' lang='lat' dir='ltr'>supradictus</span> <span class='ocrx_word' id='word_1_629' title='bbox 716 4713 884 4783; x_wconf 90' lang='lat' dir='ltr'>advocatus,</span> 
     </span>
     <span class='ocr_line' id='line_1_64' title="bbox 56 4797 887 4874; baseline -0.004 -15"><span class='ocrx_word' id='word_1_630' title='bbox 56 4801 143 4859; x_wconf 89' lang='lat' dir='ltr'>nobis</span> <span class='ocrx_word' id='word_1_631' title='bbox 157 4804 186 4856; x_wconf 91' lang='lat' dir='ltr'>et</span> <span class='ocrx_word' id='word_1_632' title='bbox 201 4798 299 4856; x_wconf 88' lang='lat' dir='ltr'>abbati</span> <span class='ocrx_word' id='word_1_633' title='bbox 315 4802 426 4867; x_wconf 87' lang='lat' dir='ltr'>nostro,</span> <span class='ocrx_word' id='word_1_634' title='bbox 441 4798 478 4855; x_wconf 93' lang='lat' dir='ltr'>oh</span> <span class='ocrx_word' id='word_1_635' title='bbox 489 4797 607 4855; x_wconf 84' lang='lat' dir='ltr'>illicitas</span> <span class='ocrx_word' id='word_1_636' title='bbox 622 4799 787 4857; x_wconf 86' lang='lat' dir='ltr'>invasiones</span> <span class='ocrx_word' id='word_1_637' title='bbox 799 4802 887 4874; x_wconf 89' lang='lat' dir='ltr'>justi·</span> 
     </span>
     <span class='ocr_line' id='line_1_65' title="bbox 56 4886 883 4964; baseline 0 -16"><span class='ocrx_word' id='word_1_638' title='bbox 56 4889 163 4957; x_wconf 84' lang='lat' dir='ltr'>llcavit,</span> <span class='ocrx_word' id='word_1_639' title='bbox 189 4888 351 4945; x_wconf 85' lang='lat' dir='ltr'>secundum</span> <span class='ocrx_word' id='word_1_640' title='bbox 377 4886 531 4943; x_wconf 88' lang='lat' dir='ltr'>consilium</span> <span class='ocrx_word' id='word_1_641' title='bbox 556 4889 755 4960; x_wconf 79' lang='lat' dir='ltr'>praesentium,</span> <span class='ocrx_word' id='word_1_642' title='bbox 781 4894 809 4947; x_wconf 85' lang='lat' dir='ltr'>et</span> <span class='ocrx_word' id='word_1_643' title='bbox 834 4908 883 4964; x_wconf 94' lang='lat' dir='ltr'>po·</span> 
     </span>
     <span class='ocr_line' id='line_1_66' title="bbox 58 4976 885 5051; baseline 0.001 -16"><span class='ocrx_word' id='word_1_644' title='bbox 58 4985 168 5037; x_wconf 87' lang='lat' dir='ltr'>stremo</span> <span class='ocrx_word' id='word_1_645' title='bbox 183 4976 338 5050; x_wconf 87' lang='lat' dir='ltr'>dereliquit</span> <span class='ocrx_word' id='word_1_646' title='bbox 352 4993 416 5051; x_wconf 78' lang='lat' dir='ltr'>ques</span> <span class='ocrx_word' id='word_1_647' title='bbox 431 4976 541 5048; x_wconf 84' lang='lat' dir='ltr'>injuste</span> <span class='ocrx_word' id='word_1_648' title='bbox 555 4983 756 5051; x_wconf 89' lang='lat' dir='ltr'>usurpaverat,</span> <span class='ocrx_word' id='word_1_649' title='bbox 773 4979 885 5036; x_wconf 89' lang='lat' dir='ltr'>collau-</span> 
     </span>
     <span class='ocr_line' id='line_1_67' title="bbox 57 5064 885 5138; baseline 0.001 -13"><span class='ocrx_word' id='word_1_650' title='bbox 57 5069 133 5125; x_wconf 91' lang='lat' dir='ltr'>dans</span> <span class='ocrx_word' id='word_1_651' title='bbox 144 5066 241 5122; x_wconf 91' lang='lat' dir='ltr'>ahhoti</span> <span class='ocrx_word' id='word_1_652' title='bbox 254 5070 283 5122; x_wconf 91' lang='lat' dir='ltr'>et</span> <span class='ocrx_word' id='word_1_653' title='bbox 297 5066 360 5122; x_wconf 89' lang='lat' dir='ltr'>suis</span> <span class='ocrx_word' id='word_1_654' title='bbox 371 5064 515 5138; x_wconf 91' lang='lat' dir='ltr'>quidquid</span> <span class='ocrx_word' id='word_1_655' title='bbox 527 5065 681 5138; x_wconf 89' lang='lat' dir='ltr'>dignitatis</span> <span class='ocrx_word' id='word_1_656' title='bbox 696 5071 725 5124; x_wconf 91' lang='lat' dir='ltr'>et</span> <span class='ocrx_word' id='word_1_657' title='bbox 739 5068 885 5136; x_wconf 88' lang='lat' dir='ltr'>utilitatis,</span> 
     </span>
     <span class='ocr_line' id='line_1_68' title="bbox 58 5153 888 5229; baseline -0.001 -14"><span class='ocrx_word' id='word_1_658' title='bbox 58 5175 94 5216; x_wconf 84' lang='lat' dir='ltr'>ex</span> <span class='ocrx_word' id='word_1_659' title='bbox 118 5154 291 5228; x_wconf 88' lang='lat' dir='ltr'>antiquitate</span> <span class='ocrx_word' id='word_1_660' title='bbox 313 5155 344 5211; x_wconf 91' lang='lat' dir='ltr'>in</span> <span class='ocrx_word' id='word_1_661' title='bbox 373 5153 544 5228; x_wconf 83' lang='lat' dir='ltr'>supradicta</span> <span class='ocrx_word' id='word_1_662' title='bbox 569 5154 682 5211; x_wconf 80' lang='lat' dir='ltr'>fimella</span> <span class='ocrx_word' id='word_1_663' title='bbox 706 5156 803 5229; x_wconf 89' lang='lat' dir='ltr'>palam</span> <span class='ocrx_word' id='word_1_664' title='bbox 833 5157 888 5214; x_wconf 92' lang='lat' dir='ltr'>fuit</span> 
     </span>
     <span class='ocr_line' id='line_1_69' title="bbox 59 5240 887 5318; baseline -0.002 -14"><span class='ocrx_word' id='word_1_665' title='bbox 59 5248 238 5305; x_wconf 84' lang='lat' dir='ltr'>enarratum.</span> <span class='ocrx_word' id='word_1_666' title='bbox 256 5243 293 5301; x_wconf 90' lang='lat' dir='ltr'>Ut</span> <span class='ocrx_word' id='word_1_667' title='bbox 313 5248 410 5300; x_wconf 89' lang='lat' dir='ltr'>autem</span> <span class='ocrx_word' id='word_1_668' title='bbox 433 5240 515 5300; x_wconf 89' lang='lat' dir='ltr'>nulla</span> <span class='ocrx_word' id='word_1_669' title='bbox 538 5241 715 5317; x_wconf 86' lang='lat' dir='ltr'>ambiguitas</span> <span class='ocrx_word' id='word_1_670' title='bbox 730 5262 818 5318; x_wconf 84' lang='lat' dir='ltr'>super</span> <span class='ocrx_word' id='word_1_671' title='bbox 832 5245 887 5303; x_wconf 93' lang='lat' dir='ltr'>hoc</span> 
     </span>
    </p>
   </div>
   <div class='ocr_carea' id='block_1_13' title="bbox 938 4615 1768 5308">
    <p class='ocr_par' dir='ltr' id='par_1_15' title="bbox 938 4615 1768 5308">
     <span class='ocr_line' id='line_1_70' title="bbox 939 4615 1765 4693; baseline -0.001 -16"><span class='ocrx_word' id='word_1_672' title='bbox 939 4635 1028 4693; x_wconf 87' lang='lat' dir='ltr'>super</span> <span class='ocrx_word' id='word_1_673' title='bbox 1040 4634 1110 4674; x_wconf 90' lang='lat' dir='ltr'>suos</span> <span class='ocrx_word' id='word_1_674' title='bbox 1121 4615 1255 4672; x_wconf 88' lang='lat' dir='ltr'>homines</span> <span class='ocrx_word' id='word_1_675' title='bbox 1269 4616 1304 4672; x_wconf 90' lang='lat' dir='ltr'>de</span> <span class='ocrx_word' id='word_1_676' title='bbox 1315 4616 1377 4673; x_wconf 89' lang='lat' dir='ltr'>suis</span> <span class='ocrx_word' id='word_1_677' title='bbox 1388 4618 1484 4673; x_wconf 89' lang='lat' dir='ltr'>decem</span> <span class='ocrx_word' id='word_1_678' title='bbox 1498 4619 1612 4674; x_wconf 91' lang='lat' dir='ltr'>mansis</span> <span class='ocrx_word' id='word_1_679' title='bbox 1622 4623 1765 4691; x_wconf 88' lang='lat' dir='ltr'>tenentes,</span> 
     </span>
     <span class='ocr_line' id='line_1_71' title="bbox 938 4705 1767 4780; baseline 0.001 -14"><span class='ocrx_word' id='word_1_680' title='bbox 938 4715 967 4767; x_wconf 93' lang='lat' dir='ltr'>et</span> <span class='ocrx_word' id='word_1_681' title='bbox 982 4724 1071 4780; x_wconf 86' lang='lat' dir='ltr'>super</span> <span class='ocrx_word' id='word_1_682' title='bbox 1082 4705 1149 4762; x_wconf 91' lang='lat' dir='ltr'>illos</span> <span class='ocrx_word' id='word_1_683' title='bbox 1165 4721 1287 4761; x_wconf 89' lang='lat' dir='ltr'>censum</span> <span class='ocrx_word' id='word_1_684' title='bbox 1303 4706 1448 4780; x_wconf 87' lang='lat' dir='ltr'>decapite</span> <span class='ocrx_word' id='word_1_685' title='bbox 1464 4707 1518 4763; x_wconf 92' lang='lat' dir='ltr'>sihi</span> <span class='ocrx_word' id='word_1_686' title='bbox 1536 4708 1668 4765; x_wconf 87' lang='lat' dir='ltr'>debente.</span> <span class='ocrx_word' id='word_1_687' title='bbox 1685 4710 1767 4776; x_wconf 85' lang='lat' dir='ltr'>Quod</span> 
     </span>
     <span class='ocr_line' id='line_1_72' title="bbox 940 4793 1765 4872; baseline 0.001 -18"><span class='ocrx_word' id='word_1_688' title='bbox 940 4797 964 4855; x_wconf 92' lang='lat' dir='ltr'>si</span> <span class='ocrx_word' id='word_1_689' title='bbox 976 4813 1065 4853; x_wconf 89' lang='lat' dir='ltr'>causa</span> <span class='ocrx_word' id='word_1_690' title='bbox 1073 4794 1171 4867; x_wconf 89' lang='lat' dir='ltr'>aliqua</span> <span class='ocrx_word' id='word_1_691' title='bbox 1181 4794 1211 4850; x_wconf 94' lang='lat' dir='ltr'>in</span> <span class='ocrx_word' id='word_1_692' title='bbox 1223 4811 1276 4850; x_wconf 90' lang='lat' dir='ltr'>suc</span> <span class='ocrx_word' id='word_1_693' title='bbox 1287 4793 1393 4866; x_wconf 90' lang='lat' dir='ltr'>placito</span> <span class='ocrx_word' id='word_1_694' title='bbox 1405 4811 1499 4868; x_wconf 92' lang='lat' dir='ltr'>usque</span> <span class='ocrx_word' id='word_1_695' title='bbox 1511 4796 1545 4852; x_wconf 93' lang='lat' dir='ltr'>ad</span> <span class='ocrx_word' id='word_1_696' title='bbox 1559 4796 1690 4854; x_wconf 91' lang='lat' dir='ltr'>duellum</span> <span class='ocrx_word' id='word_1_697' title='bbox 1701 4814 1765 4872; x_wconf 90' lang='lat' dir='ltr'>per·</span> 
     </span>
     <span class='ocr_line' id='line_1_73' title="bbox 938 4882 1766 4963; baseline 0.005 -22"><span class='ocrx_word' id='word_1_698' title='bbox 938 4884 1059 4952; x_wconf 88' lang='lat' dir='ltr'>venerit,</span> <span class='ocrx_word' id='word_1_699' title='bbox 1076 4883 1107 4939; x_wconf 93' lang='lat' dir='ltr'>in</span> <span class='ocrx_word' id='word_1_700' title='bbox 1122 4887 1203 4939; x_wconf 90' lang='lat' dir='ltr'>curte</span> <span class='ocrx_word' id='word_1_701' title='bbox 1214 4882 1329 4963; x_wconf 86' lang='lat' dir='ltr'>abbatis</span> <span class='ocrx_word' id='word_1_702' title='bbox 1341 4882 1459 4939; x_wconf 83' lang='lat' dir='ltr'>Amcllae</span> <span class='ocrx_word' id='word_1_703' title='bbox 1474 4883 1601 4954; x_wconf 87' lang='lat' dir='ltr'>finietur,</span> <span class='ocrx_word' id='word_1_704' title='bbox 1613 4890 1642 4942; x_wconf 91' lang='lat' dir='ltr'>et</span> <span class='ocrx_word' id='word_1_705' title='bbox 1652 4886 1766 4945; x_wconf 90' lang='lat' dir='ltr'>abbatis</span> 
     </span>
     <span class='ocr_line' id='line_1_74' title="bbox 938 4971 1767 5049; baseline 0.005 -18"><span class='ocrx_word' id='word_1_706' title='bbox 938 4974 1053 5031; x_wconf 91' lang='lat' dir='ltr'>villicus</span> <span class='ocrx_word' id='word_1_707' title='bbox 1069 4971 1155 5028; x_wconf 89' lang='lat' dir='ltr'>faciet</span> <span class='ocrx_word' id='word_1_708' title='bbox 1169 4971 1380 5028; x_wconf 88' lang='lat' dir='ltr'>districtionem</span> <span class='ocrx_word' id='word_1_709' title='bbox 1398 4973 1546 5045; x_wconf 81' lang='lat' dir='ltr'>(punition,</span> <span class='ocrx_word' id='word_1_710' title='bbox 1560 4977 1641 5046; x_wconf 84' lang='lat' dir='ltr'>peine</span> <span class='ocrx_word' id='word_1_711' title='bbox 1651 4977 1767 5049; x_wconf 69' lang='lat' dir='ltr'>imposte</span> 
     </span>
     <span class='ocr_line' id='line_1_75' title="bbox 938 5060 1766 5138; baseline 0.002 -18"><span class='ocrx_word' id='word_1_712' title='bbox 938 5081 991 5138; x_wconf 86' lang='lat' dir='ltr'>por</span> <span class='ocrx_word' id='word_1_713' title='bbox 999 5065 1024 5119; x_wconf 88' lang='lat' dir='ltr'>te</span> <span class='ocrx_word' id='word_1_714' title='bbox 1030 5061 1108 5135; x_wconf 79' lang='lat' dir='ltr'>jnqe)</span> <span class='ocrx_word' id='word_1_715' title='bbox 1120 5060 1259 5133; x_wconf 88' lang='lat' dir='ltr'>dabitque</span> <span class='ocrx_word' id='word_1_716' title='bbox 1268 5061 1366 5116; x_wconf 85' lang='lat' dir='ltr'>abbati</span> <span class='ocrx_word' id='word_1_717' title='bbox 1379 5078 1464 5117; x_wconf 89' lang='lat' dir='ltr'>suam</span> <span class='ocrx_word' id='word_1_718' title='bbox 1471 5062 1629 5134; x_wconf 89' lang='lat' dir='ltr'>justitiam,</span> <span class='ocrx_word' id='word_1_719' title='bbox 1644 5066 1766 5122; x_wconf 89' lang='lat' dir='ltr'>etadvo-</span> 
     </span>
     <span class='ocr_line' id='line_1_76' title="bbox 940 5149 1768 5222; baseline 0.004 -13"><span class='ocrx_word' id='word_1_720' title='bbox 940 5156 1006 5209; x_wconf 90' lang='lat' dir='ltr'>coto</span> <span class='ocrx_word' id='word_1_721' title='bbox 1022 5167 1116 5207; x_wconf 88' lang='lat' dir='ltr'>suam.</span> <span class='ocrx_word' id='word_1_722' title='bbox 1129 5149 1158 5207; x_wconf 89' lang='lat' dir='ltr'>Si</span> <span class='ocrx_word' id='word_1_723' title='bbox 1170 5154 1247 5205; x_wconf 86' lang='lat' dir='ltr'>meta</span> <span class='ocrx_word' id='word_1_724' title='bbox 1256 5149 1356 5222; x_wconf 88' lang='lat' dir='ltr'>aliqua</span> <span class='ocrx_word' id='word_1_725' title='bbox 1368 5150 1455 5206; x_wconf 86' lang='lat' dir='ltr'>fuerit</span> <span class='ocrx_word' id='word_1_726' title='bbox 1466 5151 1657 5209; x_wconf 86' lang='lat' dir='ltr'>exterminata</span> <span class='ocrx_word' id='word_1_727' title='bbox 1666 5153 1696 5210; x_wconf 93' lang='lat' dir='ltr'>in</span> <span class='ocrx_word' id='word_1_728' title='bbox 1707 5154 1768 5213; x_wconf 91' lang='lat' dir='ltr'>illis</span> 
     </span>
     <span class='ocr_line' id='line_1_77' title="bbox 941 5239 1767 5308; baseline 0.002 -10"><span class='ocrx_word' id='word_1_729' title='bbox 941 5243 1040 5299; x_wconf 90' lang='lat' dir='ltr'>decem</span> <span class='ocrx_word' id='word_1_730' title='bbox 1056 5239 1168 5296; x_wconf 89' lang='lat' dir='ltr'>mansis</span> <span class='ocrx_word' id='word_1_731' title='bbox 1179 5240 1214 5294; x_wconf 90' lang='lat' dir='ltr'>de</span> <span class='ocrx_word' id='word_1_732' title='bbox 1228 5239 1310 5296; x_wconf 88' lang='lat' dir='ltr'>feodo</span> <span class='ocrx_word' id='word_1_733' title='bbox 1323 5239 1464 5308; x_wconf 87' lang='lat' dir='ltr'>advocati,</span> <span class='ocrx_word' id='word_1_734' title='bbox 1477 5239 1591 5296; x_wconf 88' lang='lat' dir='ltr'>villicus</span> <span class='ocrx_word' id='word_1_735' title='bbox 1600 5242 1715 5300; x_wconf 86' lang='lat' dir='ltr'>abbatis</span> <span class='ocrx_word' id='word_1_736' title='bbox 1725 5244 1767 5300; x_wconf 88' lang='lat' dir='ltr'>fa-</span> 
     </span>
    </p>
   </div>
   <div class='ocr_carea' id='block_1_14' title="bbox 59 5327 1768 5584">
    <p class='ocr_par' dir='ltr' id='par_1_16' title="bbox 59 5327 1768 5584">
     <span class='ocr_line' id='line_1_78' title="bbox 59 5327 1768 5410; baseline -0.001 -20"><span class='ocrx_word' id='word_1_737' title='bbox 59 5333 185 5410; x_wconf 86' lang='lat' dir='ltr'>pullulet</span> <span class='ocrx_word' id='word_1_738' title='bbox 199 5332 277 5406; x_wconf 87' lang='lat' dir='ltr'>apud</span> <span class='ocrx_word' id='word_1_739' title='bbox 294 5335 462 5405; x_wconf 79' lang='lat' dir='ltr'>presentes,</span> <span class='ocrx_word' id='word_1_740' title='bbox 478 5331 538 5387; x_wconf 90' lang='lat' dir='ltr'>sive</span> <span class='ocrx_word' id='word_1_741' title='bbox 562 5336 704 5404; x_wconf 87' lang='lat' dir='ltr'>posteros,</span> <span class='ocrx_word' id='word_1_742' title='bbox 725 5339 888 5407; x_wconf 87' lang='lat' dir='ltr'>sequestra·</span> <span class='ocrx_word' id='word_1_743' title='bbox 941 5331 998 5389; x_wconf 87' lang='lat' dir='ltr'>ciet</span> <span class='ocrx_word' id='word_1_744' title='bbox 1013 5333 1103 5386; x_wconf 89' lang='lat' dir='ltr'>totam</span> <span class='ocrx_word' id='word_1_745' title='bbox 1114 5327 1335 5396; x_wconf 79' lang='lat' dir='ltr'>districtionem,</span> <span class='ocrx_word' id='word_1_746' title='bbox 1347 5329 1420 5385; x_wconf 90' lang='lat' dir='ltr'>dans</span> <span class='ocrx_word' id='word_1_747' title='bbox 1432 5329 1569 5387; x_wconf 89' lang='lat' dir='ltr'>advocato</span> <span class='ocrx_word' id='word_1_748' title='bbox 1584 5348 1667 5389; x_wconf 89' lang='lat' dir='ltr'>suam</span> <span class='ocrx_word' id='word_1_749' title='bbox 1676 5333 1768 5406; x_wconf 91' lang='lat' dir='ltr'>justi·</span> 
     </span>
     <span class='ocr_line' id='line_1_79' title="bbox 59 5417 1767 5495; baseline -0.001 -14"><span class='ocrx_word' id='word_1_750' title='bbox 59 5423 157 5481; x_wconf 70' lang='lat' dir='ltr'>murus</span> <span class='ocrx_word' id='word_1_751' title='bbox 172 5438 237 5495; x_wconf 81' lang='lat' dir='ltr'>qua</span> <span class='ocrx_word' id='word_1_752' title='bbox 252 5420 312 5478; x_wconf 89' lang='lat' dir='ltr'>sint</span> <span class='ocrx_word' id='word_1_753' title='bbox 330 5423 400 5494; x_wconf 83' lang='lat' dir='ltr'>jura</span> <span class='ocrx_word' id='word_1_754' title='bbox 424 5419 547 5488; x_wconf 89' lang='lat' dir='ltr'>abbatis,</span> <span class='ocrx_word' id='word_1_755' title='bbox 565 5437 628 5494; x_wconf 79' lang='lat' dir='ltr'>qua</span> <span class='ocrx_word' id='word_1_756' title='bbox 653 5423 794 5491; x_wconf 87' lang='lat' dir='ltr'>advocati,</span> <span class='ocrx_word' id='word_1_757' title='bbox 812 5423 889 5480; x_wconf 91' lang='lat' dir='ltr'>sicut</span> <span class='ocrx_word' id='word_1_758' title='bbox 940 5421 1024 5488; x_wconf 82' lang='lat' dir='ltr'>tium,</span> <span class='ocrx_word' id='word_1_759' title='bbox 1037 5417 1135 5475; x_wconf 90' lang='lat' dir='ltr'>abbati</span> <span class='ocrx_word' id='word_1_760' title='bbox 1148 5418 1278 5473; x_wconf 89' lang='lat' dir='ltr'>bannum</span> <span class='ocrx_word' id='word_1_761' title='bbox 1291 5421 1320 5473; x_wconf 92' lang='lat' dir='ltr'>et</span> <span class='ocrx_word' id='word_1_762' title='bbox 1330 5421 1437 5474; x_wconf 88' lang='lat' dir='ltr'>metam</span> <span class='ocrx_word' id='word_1_763' title='bbox 1450 5420 1592 5478; x_wconf 88' lang='lat' dir='ltr'>restituet.</span> <span class='ocrx_word' id='word_1_764' title='bbox 1602 5422 1767 5480; x_wconf 79' lang='lat' dir='ltr'>Advocatus</span> 
     </span>
     <span class='ocr_line' id='line_1_80' title="bbox 72 5505 1764 5584; baseline -0.004 -12"><span class='ocrx_word' id='word_1_765' title='bbox 72 5512 204 5583; x_wconf 79' lang='lat' dir='ltr'>edicant,</span> <span class='ocrx_word' id='word_1_766' title='bbox 228 5510 283 5569; x_wconf 90' lang='lat' dir='ltr'>hoc</span> <span class='ocrx_word' id='word_1_767' title='bbox 307 5510 419 5578; x_wconf 85' lang='lat' dir='ltr'>ordine,</span> <span class='ocrx_word' id='word_1_768' title='bbox 447 5509 616 5582; x_wconf 88' lang='lat' dir='ltr'>sequentia:</span> <span class='ocrx_word' id='word_1_769' title='bbox 642 5511 726 5584; x_wconf 85' lang='lat' dir='ltr'>Apud</span> <span class='ocrx_word' id='word_1_770' title='bbox 745 5510 888 5570; x_wconf 71' lang='lat' dir='ltr'>amellam</span> <span class='ocrx_word' id='word_1_771' title='bbox 942 5511 1064 5567; x_wconf 88' lang='lat' dir='ltr'>domum</span> <span class='ocrx_word' id='word_1_772' title='bbox 1088 5505 1236 5580; x_wconf 86' lang='lat' dir='ltr'>propriam</span> <span class='ocrx_word' id='word_1_773' title='bbox 1258 5507 1335 5578; x_wconf 92' lang='lat' dir='ltr'>apud</span> <span class='ocrx_word' id='word_1_774' title='bbox 1350 5506 1493 5566; x_wconf 79' lang='lat' dir='ltr'>amellam</span> <span class='ocrx_word' id='word_1_775' title='bbox 1509 5508 1621 5567; x_wconf 87' lang='lat' dir='ltr'>nullam</span> <span class='ocrx_word' id='word_1_776' title='bbox 1636 5508 1764 5580; x_wconf 87' lang='lat' dir='ltr'>habebit,</span> 
     </span>
    </p>
   </div>
   <div class='ocr_carea' id='block_1_15' title="bbox 0 0 1916 6006">
    <p class='ocr_par' dir='ltr' id='par_1_17' title="bbox 0 0 1916 6006">
     <span class='ocr_line' id='line_1_81' title="bbox 0 0 1916 6006; baseline 0 0"><span class='ocrx_word' id='word_1_777' title='bbox 0 0 1916 6006; x_wconf 95' lang='lat' dir='ltr'> </span> 
     </span>
    </p>
   </div>
  </div>
 </body>
</html>
