3816 6006
161 232 240 296 rus
800 227 999 294 ueremur
1020 203 1228 292 munere.
1789 228 1868 301 sau

91 397 95 405 ·
159 369 271 440 priuata
283 381 354 432 sum
366 363 416 437 qui
441 362 554 421 scilicet
567 363 710 437 optimam
730 366 844 438 partem
858 360 914 420 sibi
929 359 983 418 ele·
995 361 1025 431 A
1038 359 1247 435 accipitur.Per
1257 359 1426 433 Caecaque
1439 359 1600 419 mandatum
1611 361 1656 419 vel
1666 369 1767 421 macta
1778 361 1869 425 intas·¹

159 458 276 530 gerunt,
290 470 354 526 que
379 470 438 510 non
463 453 612 510 suferetur
635 454 672 510 ab
695 452 738 509 eis
753 454 829 522 (luc.
845 456 883 522 x).
899 453 932 508 lit
954 452 985 507 ιἰι
1037 455 1179 523 pretatur,
1193 451 1366 506 mandatum
1385 448 1434 506 Dei
1459 448 1642 524 intelligitur.
1654 450 1709 508 Per
1732 449 1863 524 palmam

158 545 278 609 ciuitate,
293 542 323 597 id
338 546 384 599 est
405 541 435 597 in
451 541 673 615 congregatione
689 545 868 611 sanctorum,
879 541 983 597 sancti·
1036 555 1114 609 vero,
1126 556 1190 612 que
1205 537 1322 612 gracilis
1336 543 1381 596 est
1394 539 1471 596 circa
1485 538 1623 605 radicem,
1633 545 1662 596 et
1675 541 1809 614 desuper
1821 540 1862 597 di·

159 633 241 705 ficata
254 631 385 687 similiter
398 631 530 702 requievi.
542 651 555 680 a
566 628 620 685 Ubi
631 629 779 685 enimduo
789 628 833 686 vel
845 633 905 686 tres
914 643 983 684 con·
1037 626 1147 685 letatur
1161 645 1228 685 cum
1247 628 1342 701 gratia
1362 627 1499 685 loliorum
1523 644 1640 702 semper
1662 629 1864 688 virentiumst

159 720 272 797 gregati
291 719 405 776 suntin
421 717 539 775 nomine
553 734 629 784 meo,
643 734 697 792 ego
716 717 746 774 in
771 717 867 775 medio
882 732 985 774 eorum
1038 717 1172 775 suavium
1189 732 1354 791 pomorum,
1366 716 1578 790 chordamque
1595 719 1631 776 ab
1645 706 1861 794 engrsm'ieei·

160 807 518 880 sum(ilattb.xv111).»lt
539 808 570 862 in
592 807 763 864 Hierusalem
783 814 897 879 potestas
911 822 983 877 caea,
1037 807 1091 880 pit,
1101 811 1130 862 et
1140 813 1240 880 postea
1250 823 1343 879 usque
1353 806 1389 862 sd
1401 805 1536 865 inimicos
1546 806 1695 874 dilatatur,
1707 813 1862 884 etsempea

160 898 190 956 id
204 903 251 955 est
261 880 292 953 iu
307 894 447 969 pacificia.
459 895 589 952 Potestas
603 895 682 952 euim
705 894 808 952 divina
823 893 983 967 sapientias,
1036 895 1112 952 viret
1122 900 1151 952 et
1161 893 1526 968 fructificatsigniticatur.
1536 893 1639 955 Divina
1648 895 1862 973 igituraapisa·

160 987 305 1062 precipue
332 985 363 1042 in
391 984 539 1059 pacificis,
564 983 615 1057 qui
643 984 696 1041 lilii
726 983 775 1041 Dei
803 984 985 1040 vocabuntur
1038 983 1080 1041 tia
1098 986 1179 1058 quasi
1192 983 1288 1040 cedmae
1302 985 1335 1040 ia
1349 984 1559 1057 bibensaquam
1571 1000 1715 1058 cupressus
1729 988 1861 1047 inm

161 1075 264 1150 (iuti.
276 1074 318 1149 s),
328 1073 608 1148 apparet,qrroniam
620 1089 722 1130 omues
733 1071 914 1129 inordinatos
925 1087 985 1128 mo·
1036 1071 1113 1141 Sion,
1127 1075 1208 1146 euasi
1219 1073 1314 1145 palmo
1328 1074 1359 1128 io
1373 1071 1459 1132 Gades
1479 1071 1632 1140 exaltatur,
1643 1073 1716 1131 duan
1731 1091 1787 1148 per
1798 1092 1860 1136 asu

160 1169 208 1222 tas
223 1181 282 1222 nou
296 1162 438 1223 salumin
453 1179 496 1230 se,
509 1162 560 1219 sed
577 1161 665 1219 etiam
681 1161 712 1218 in
727 1160 794 1218 aliis
808 1161 922 1217 sedant.
933 1159 983 1217 Di·
1037 1160 1131 1220 sancti
1159 1163 1191 1218 in
1218 1160 1387 1219 innocentia
1412 1161 1509 1230 tidem,
1526 1161 1557 1218 in
1584 1163 1862 1236 conumpiuicasn

158 1254 226 1312 mnu
235 1253 344 1328 quippe
354 1251 501 1326 sapientis
514 1251 635 1325 pacifica
645 1255 700 1320 est,
710 1247 817 1307 similis
826 1266 909 1321 aque
919 1265 984 1321 pro·
1036 1268 1130 1324 spem,
1144 1251 1173 1307 in
1188 1252 1328 1308 mandato
1341 1249 1512 1308 charitatem
1525 1250 1725 1325 observantes,
1736 1253 1861 1315 mutas-

157 1343 266 1401 luude.
281 1339 437 1398 Saecularis
459 1355 527 1396 uero
545 1339 675 1413 litigiosa
688 1342 744 1404 est,
767 1336 876 1396 similis
899 1353 982 1410 aque
1036 1344 1095 1396 tur.
1106 1341 1143 1397 Sc
1157 1357 1224 1397 vero
1239 1340 1403 1414 speciosam
1417 1340 1547 1397 ostendit
1560 1355 1628 1397 cum
1644 1341 1768 1400 subdit:
1780 1344 1862 1414 Μ

157 1431 239 1490 tenui
254 1435 283 1488 et
296 1427 430 1504 garrule.
442 1429 475 1487 ut
490 1428 615 1486 radicavi
628 1429 661 1486 in
671 1429 772 1502 populo
791 1427 982 1498 honorificato,
1034 1429 1169 1503 plantatio
1181 1444 1252 1487 resse
1266 1430 1298 1485 ie
1310 1428 1427 1487 terlata.
1441 1428 1525 1497 Quat
1533 1429 1738 1503 olicaspeca'oaa
1750 1433 1784 1491 sis
1794 1449 1860 1492 csse

158 1520 206 1579 cui
221 1519 293 1577 dicit
304 1518 447 1575 Domims
459 1557 466 1573 .
478 1539 493 1569 α
505 1518 551 1575 Τιι
564 1532 596 1575 aa
615 1515 743 1590 populus
767 1531 861 1582 meus,
878 1520 907 1574 et
928 1531 982 1588 ego
1034 1520 1088 1592 pia,
1100 1528 1126 1576 et
1139 1519 1220 1592 quasi
1234 1518 1364 1591 ptatauau
1385 1517 1508 1575 esaum
1530 1534 1593 1575 scm
1608 1518 1694 1592 jacta
1714 1522 1860 1594 mamaea

157 1611 344 1669 liaustuus.»
353 1606 438 1674 unci
450 1622 597 1680 exponens
612 1605 713 1664 subdit
725 1606 774 1663 :m
787 1607 817 1662 ic
829 1604 983 1679 paracliti
1033 1608 1143 1682 plateis.
1157 1607 1244 1666 Porro
1267 1605 1384 1664 iericho
1399 1606 1465 1664 odor
1478 1605 1521 1663 uel
1547 1607 1615 1666 bana
1639 1607 1860 1682 iuterpretatur.

156 1700 213 1757 urei
225 1696 369 1755 imaum
384 1696 472 1764 illias,
492 1695 521 1752 id
537 1699 592 1764 cet,
604 1695 634 1751 in
655 1695 705 1752 illo
726 1694 834 1768 populo
856 1692 982 1751 radicavi
998 1732 1022 1798 B
1036 1697 1090 1754 Per
1099 1696 1310 1770 plantationem
1331 1711 1403 1753 rosae
1418 1695 1449 1752 in
1463 1694 1590 1763 iericho,
1599 1712 1709 1755 corona
1727 1699 1859 1776 mamyri

158 1805 247 1863 quem
262 1785 351 1860 elegit
362 1785 441 1842 Deus
455 1783 486 1841 in
501 1788 625 1858 partem,
636 1789 665 1841 et
678 1783 728 1858 qui
744 1784 837 1841 Deum
852 1782 939 1857 elegit
953 1782 983 1838 in
1037 1786 1217 1860 designatur.
1240 1784 1293 1841 Per
1315 1783 1432 1852 olivam,
1444 1785 1530 1858 cujus
1555 1783 1653 1859 liquor
1675 1793 1866 1862 superenatat

159 1877 369 1934 hereditatem.
386 1876 419 1932 iit
441 1877 472 1932 in
493 1874 665 1947 plenitudiue
688 1882 845 1930 amiciorum
866 1873 984 1930 detectio
1037 1875 1175 1932 omnibus
1191 1873 1366 1947 liquoribus,
1379 1873 1657 1947 misericordiaque
1668 1877 1864 1950 superexaltat

158 1984 230 2026 ewa.
241 1966 296 2024 Ubi
307 1965 388 2023 enim
397 1965 493 2037 major
504 1963 710 2030 sanctimonia,
724 1963 764 2019 ibi
777 1963 875 2019 divina
890 1960 984 2035 magis
1033 1964 1192 2038 judicium,
1209 1963 1362 2036 accipitur.
1372 1963 1426 2019 Per
1437 1962 1600 2037 platanum,
1612 1964 1656 2021 sic
1668 1965 1782 2025 dictam
1793 1983 1812 2026 a
1825 1966 1863 2029 ls-

158 2056 300 2114 invitatur
312 2058 341 2110 et
352 2053 500 2111 detinetur
514 2050 669 2124 sapientia.
680 2056 751 2107 cum
765 2054 862 2106 autem
875 2049 905 2104 in
920 2065 984 2105 om·
1038 2054 1162 2111 titudine
1178 2050 1324 2120 loliorum,
1337 2051 1447 2124 etquis
1461 2052 1562 2125 patula
1576 2058 1606 2110 et
1619 2052 1723 2127 ampla
1736 2059 1794 2127 est,
1804 2072 1866 2130 qus

159 2145 247 2204 uibus
262 2143 308 2200 his
323 2142 422 2200 divina
442 2141 607 2214 requiescat
627 2137 781 2211 supientia,
797 2137 941 2211 precipue
955 2141 985 2194 et
1039 2143 1170 2200 nascitur
1179 2143 1264 2214 Juxta
1280 2157 1389 2213 aquam
1413 2140 1443 2196 in
1464 2140 1579 2213 plateis,
1591 2143 1865 2217 magnanimitatem

159 2231 347 2307 singulariter
361 2230 520 2304 requiescit
541 2229 570 2284 in
592 2227 693 2285 llario.
711 2228 776 2301 lpsu
791 2226 870 2283 euim
886 2224 986 2283 omnia
1039 2229 1359 2306 significatquejuxta
1368 2229 1541 2286 mandatum
1552 2230 1657 2288 divinae
1669 2232 1866 2305 sapientiae

157 2322 229 2390 hac,
246 2324 275 2377 el
288 2319 448 2392 plusquam
469 2318 531 2374 heti
556 2317 656 2373 hebet.
674 2316 745 2383 Quis
759 2315 838 2372 enim
863 2313 905 2372 sio
929 2314 986 2372 luit
1039 2320 1193 2379 latitudine
1203 2317 1363 2387 charitatis,
1376 2317 1467 2375 enimi
1480 2319 1677 2393 amplitudine
1687 2326 1865 2381 cunctosne·

156 2410 257 2477 Jacob,
269 2407 299 2464 id
314 2412 360 2465 est
382 2406 509 2463 luctator
524 2405 765 2471 contrucidant
788 2402 899 2460 Maria‘l
915 2402 985 2470 Quis
1039 2409 1121 2484 cipit,
1136 2408 1263 2483 protegit
1281 2406 1453 2480 cunctisque
1479 2407 1635 2465 benefacit.
1651 2408 1759 2468 Divina
1781 2411 1866 2484 igiter

157 2499 214 2556 luit
227 2497 271 2555 sic
285 2496 408 2563 electus,
422 2495 482 2551 imo
497 2494 650 2567 praelectus
665 2496 698 2549 ut
712 2492 823 2548 Maria‘l
837 2491 906 2557 Quis
932 2491 987 2548 luit
1039 2497 1183 2572 supientia
1192 2502 1236 2553 est
1246 2494 1468 2570 speciosaquusa'
1474 2497 1612 2569 plantatio
1621 2512 1694 2557 rcaae
1707 2500 1739 2555 in
1749 2499 1863 2567 testem,

157 2588 199 2647 sic
214 2587 295 2652 Sion,
306 2585 336 2642 id
351 2589 397 2643 est
414 2582 665 2656 speculationem
680 2580 867 2647 Marialouae
883 2581 986 2638 civitae
1038 2596 1065 2645 ut
1078 2589 1159 2661 quasi
1179 2587 1251 2644 elica
1270 2588 1392 2658 speciosa
1412 2587 1443 2643 in
1466 2589 1581 2660 campis,
1596 2595 1621 2644 et
1635 2590 1718 2660 quasi
1737 2589 1864 2662 mamas

157 2677 199 2735 aic
210 2673 469 2742 iuitsanctilroata,
482 2676 517 2729 ut
531 2671 631 2730 civitae
644 2676 673 2728 ct
688 2670 849 2727 claustrum
860 2669 910 2727 Dei
922 2670 986 2727 Ma·
1038 2677 1169 2746 exaltata,
1179 2676 1262 2748 jueta
1277 2691 1378 2748 aquam
1394 2676 1424 2731 ia
1440 2676 1551 2747 piaccia,
1562 2675 1704 2749 quonism
1719 2679 1862 2751 quosdam

158 2766 221 2824 rie‘l
233 2764 305 2832 Quis
322 2762 377 2819 luit
391 2761 434 2819 aic
458 2761 650 2829 Hierusalem,
666 2760 763 2815 idest
787 2758 936 2832 pacificus,
953 2763 986 2817 ut
1039 2767 1127 2823 odore
1150 2765 1294 2822 bonorum
1310 2780 1431 2837 operum
1454 2764 1541 2822 etiam
1569 2770 1672 2840 martyr
1680 2766 1708 2824 io
1733 2777 1861 2836 coronat.

159 2853 313 2912 mediatrix
323 2851 373 2909 Dei
387 2855 418 2909 et
430 2850 583 2908 hominum
599 2848 700 2906 llario.
713 2847 782 2914 Quis
795 2847 849 2904 luit
858 2846 986 2921 populus
1039 2855 1112 2913 alios
1126 2853 1156 2910 in
1172 2870 1275 2927 campo
1296 2851 1386 2926 hujus
1400 2854 1475 2922 uitas,
1490 2853 1598 2912 virtute
1612 2854 1863 2917 misericerdiam

159 2943 202 3002 aie
216 2940 437 3010 honorificatus,
449 2945 482 2997 ut
497 2955 566 3012 pers
580 2936 624 2994 vel
639 2936 794 2995 hareditas
808 2936 869 3006 uei,
882 2937 985 2993 utsin·
1038 2942 1251 3018 compassionis
1277 2944 1404 3010 decorat,
1423 2942 1497 3001 alios
1518 2943 1675 3002 latitudine
1697 2944 1862 3016 charitatis,

159 3031 270 3109 gularic
286 3029 338 3088 Dei
354 3029 445 3087 Maior
460 3032 488 3086 el
503 3028 602 3102 t'trgc,
613 3030 641 3083 el
656 3026 757 3100 regin&
771 3023 911 3082 &filorum
928 3026 986 3083 Mt·
1039 3031 1241 3108 magnitudine
1260 3031 1469 3103 benefaciendi,
1486 3030 1575 3091 latius
1596 3032 1736 3093 illustrat.
1749 3036 1788 3094 Se
1799 3049 1863 3097 sesa

159 3121 300 3189 rialOuis
310 3118 413 3177 babuit
424 3122 536 3175 tantam
545 3115 747 3174 sanctimoniae
757 3114 980 3188 plenitudinem,
997 3101 1020 3170 G
1037 3140 1102 3182 0020
1125 3122 1300 3179 odoriferam
1324 3120 1541 3188 osteud1t‚eum
1556 3123 1628 3179 uicit
1642 3139 1650 3180 ς
1666 3123 1746 3183 smus
1768 3127 1864 3184 cem

159 3215 301 3285 quantsm
316 3207 429 3265 Maria?
443 3205 637 3280 singulariter
651 3205 781 3279 igituret
798 3202 983 3278 superexcel·
1035 3229 1156 3270 nmmum
1182 3219 1210 3267 et
1238 3210 1391 3266 balsamum
1419 3212 1614 3280 aromatizans,
1644 3211 1757 3270 oderem
1781 3214 1863 3284 daig

157 3299 252 3358 lenter
265 3297 318 3356 Dei
333 3295 476 3370 sapientia
491 3294 633 3369 requievit
648 3295 678 3350 iu
693 3292 795 3351 Maria.
1036 3303 1116 3376 quasi
1135 3300 1250 3373 myrrba
1277 3299 1369 3369 electa,
1385 3297 1448 3355 dedi
1474 3302 1637 3358 amcitatem
1663 3301 1770 3359 odaria.
1787 3303 1864 3362 Saus

191 3386 330 3462 Sequitur
344 3403 412 3459 pm
437 3389 551 3458 quella,
568 3383 598 3439 5¹¹
614 3399 673 3456 ‘lut
695 3381 839 3455 ”limile
854 3382 983 3440 sstlesstlll
1036 3407 1088 3465 per
1102 3388 1333 3459 cinnamomum,
1348 3387 1426 3460 quod
1452 3392 1497 3444 est
1522 3388 1618 3447 brevia
1643 3389 1749 3460 lrutex,
1771 3391 1863 3453 coloss

157 3476 253 3550 qualia
269 3477 334 3548 ipsa
345 3475 401 3531 sit:
414 3473 485 3530 dicit
499 3490 530 3530 se
546 3489 610 3530 esse
623 3470 792 3538 exaltatam,
803 3488 834 3528 se
845 3487 909 3528 esse
920 3488 983 3545 spe·
1035 3478 1176 3551 subnigro
1186 3475 1229 3533 vel
1240 3475 1401 3542 cinereo,et
1416 3476 1550 3544 inactum,
1562 3477 1779 3550 spiramentum
1796 3479 1864 3539 viui.

155 3565 392 3632 commeream
403 3561 634 3618 odoriferarum
646 3576 710 3617 csse
721 3559 876 3617 exaltatam
887 3566 983 3617 osten·
1035 3563 1862 3641 biieemiuitinmodumnebulavelpulverisuumiiitu

155 3653 209 3722 dit,
221 3667 289 3709 cum
304 3651 423 3708 subdit:
436 3651 520 3719 Quasi
534 3650 629 3707 caune
643 3649 764 3706 exaltata
777 3666 839 3704 sam
853 3650 884 3705 in
901 3650 982 3705 liba·
1036 3655 1298 3730 significatamque
1309 3670 1341 3710 se
1351 3652 1436 3726 quasi
1449 3654 1565 3711 breuem
1576 3660 1605 3713 et
1615 3654 1703 3713 vilem
1714 3657 1861 3731 dejiciens,

155 3759 201 3800 ao.
217 3741 274 3798 Sed
285 3757 353 3796 cum
363 3739 462 3796 divina
472 3739 617 3812 sapientia
628 3755 686 3794 nou
702 3736 796 3810 possit
810 3753 875 3794 csse
889 3738 984 3809 major
1037 3746 1125 3803 etism
1140 3743 1209 3800 lassu
1223 3744 1318 3816 magis
1332 3741 1516 3810 humiliatur,
1529 3748 1558 3800 et
1573 3745 1658 3817 quasi
1674 3746 1793 3805 visibile
1807 3746 1863 3822 spi·

155 3830 201 3889 vel
211 3829 297 3887 altior
307 3845 395 3902 quam
411 3845 526 3901 semper
536 3827 632 3896 luerit,
640 3826 786 3899 quomodo
797 3825 868 3883 dicit
877 3843 909 3883 se
919 3843 983 3885 esse
1037 3837 1203 3892 ramentum
1214 3832 1282 3888 boni
1294 3830 1421 3897 dieitvei
1433 3831 1512 3901 iacti,
1521 3833 1585 3892 suis
1594 3833 1750 3893 laesoribus
1759 3836 1861 3894 reddit.

157 3917 332 3978 exaltatam?
347 3917 411 3974 Non
426 3916 496 3990 quia
517 3917 547 3973 in
569 3933 611 3985 ee,
624 3916 675 3973 sed
696 3915 766 3988 quia
781 3915 811 3972 in
827 3915 899 3982 suis,
912 3916 984 3972 dum
1039 3925 1091 3981 1²01·
1105 3921 1271 3980 balsamum
1286 3921 1450 3992 uero,qu0d
1474 3921 1590 3980 duobus
1613 3922 1722 3981 cubitis
1744 3925 1861 3994 eminet,

159 4027 209 4067 eoa
223 4006 341 4076 exaltat,
352 4007 504 4064 exaltatur.
516 4005 618 4062 Divina
632 4003 741 4078 quippe
756 4002 901 4076 sapientia
914 4004 985 4062 iecit
1040 4012 1116 4069 soliis
1132 4011 1207 4068 albis
1221 4015 1250 4066 et
1264 4025 1380 4082 semper
1403 4011 1603 4080 manentibus,
1616 4017 1645 4069 et
1667 4011 1773 4072 lusum
1797 4031 1862 4076 cum

56 4112 61 4123 ¹
161 4099 238 4172 quod
263 4097 366 4166 sancti,
383 4114 401 4154 a
420 4095 499 4153 vitiis
524 4099 688 4169 surgentes,
707 4092 738 4151 ln
763 4093 821 4151 alte
843 4093 985 4152 virtutum
1039 4105 1125 4158 acuto
1141 4099 1246 4174 lapide,
1261 4099 1370 4156 emittit
1391 4103 1490 4172 guttae
1505 4102 1603 4160 odoris
1622 4102 1865 4177 praeputium

160 4203 192 4244 se
206 4185 360 4254 collocant,
372 4190 401 4242 et
411 4185 488 4258 quod
504 4185 646 4242 uirtutum
661 4183 772 4253 uirtuti,
786 4182 895 4239 bonum
909 4183 986 4241 bono
1039 4190 1137 4265 guttas
1151 4188 1348 4262 significatum
1369 4204 1433 4261 que
1458 4205 1575 4263 semper
1596 4191 1699 4250 albens
1712 4197 1744 4250 et
1757 4194 1863 4262 vireu,

159 4273 358 4333 accumulant.
376 4275 411 4331 iit
425 4272 480 4330 hee
505 4277 551 4330 est
573 4272 652 4346 quod
673 4271 766 4328 dicit:
783 4272 869 4340 Quasi
890 4272 986 4331 ecana
1040 4279 1129 4336 etiam
1141 4277 1211 4335 laesa
1224 4276 1377 4334 laesoribus
1386 4278 1513 4350 gratiam
1523 4279 1731 4339 beneficiorum
1746 4283 1866 4341 reddere

157 4365 279 4422 eeattata
292 4380 354 4419 aum
369 4365 397 4419 in
418 4363 537 4431 ,lituae
553 4369 578 4418 ct
593 4361 674 4434 quasi
695 4376 836 4432 cypreum
853 4360 881 4415 in
897 4369 987 4418 ”wele
1040 4366 1131 4424 novit.
1143 4366 1196 4424 Per
1211 4365 1360 4440 myrrham
1370 4365 1458 4423 etiam
1469 4383 1534 4440 que
1549 4374 1716 4440 amareest,
1728 4375 1866 4446 etcorpo-

157 4453 234 4511 Ss'oc.
251 4452 338 4522 Quasi
348 4453 444 4525 palma
459 4451 582 4508 exaltata
602 4466 662 4506 sum
679 4451 710 4505 ιἰι
724 4448 817 4505 eane.
830 4452 885 4505 Per
899 4449 984 4506 Liba·
998 4472 1022 4537 Β
1040 4472 1074 4512 ra
1088 4456 1257 4527 incorrupta
1271 4459 1433 4522 conseruat,
1446 4454 1621 4514 castimonia
1633 4462 1663 4514 et
1676 4459 1869 4520 mortificatio

156 4541 298 4613 numqui
312 4541 469 4598 candidatio
489 4540 708 4612 interpretatur,
720 4538 831 4594 candor
844 4537 984 4595 innocen·
1040 4543 1204 4602 carnalium
1221 4543 1435 4600 desideriorum
1449 4543 1664 4618 significantur,
1678 4564 1746 4621 quas
1760 4565 1867 4624 corpus

154 4630 195 4689 tis
208 4630 273 4688 vite
292 4628 487 4704 significatur.
503 4628 557 4685 Par
578 4627 699 4683 cedrum
721 4641 799 4692 vero,
812 4626 898 4697 cujus
912 4627 985 4684 odor
1038 4636 1067 4689 et
1081 4631 1210 4689 animam
1225 4647 1242 4687 a
1256 4631 1336 4688 vitiis
1349 4636 1524 4691 conservant
1538 4632 1750 4710 incorruptam.
1764 4637 1865 4697 bivias

155 4719 238 4794 lugat
251 4723 415 4793 serpentes,
428 4717 543 4775 dicente
557 4720 643 4789 poeta
659 4731 666 4771 :
1037 4721 1127 4797 igitur
1137 4719 1282 4794 sapientia
1295 4724 1340 4777 est
1349 4720 1495 4779 odorifera
1509 4721 1585 4780 sicut
1600 4722 1825 4786 cinnamomum
1838 4729 1865 4787 st

248 4826 322 4876 Disce
336 4824 472 4875 odoratam
485 4821 594 4873 statuta
607 4821 745 4872 accendere
759 4821 876 4879 aemam,
1037 4809 1203 4867 balsamum
1215 4812 1245 4865 et
1256 4808 1530 4882 myrrbe,quoniam
1544 4815 1661 4869 sanctos
1675 4829 1749 4871 suos
1758 4813 1864 4881 virtuts

475 4887 566 4951 (ΨΜ-ι
583 4885 674 4951 Georq.
689 4884 734 4935 lib.
750 4897 786 4946 ¹¹¹⁹
800 4898 869 4935 iffi·
885 4885 950 4948 iii.)
1036 4897 1225 4964 humilitatis,
1236 4895 1426 4971 benignitatis
1441 4902 1470 4956 et
1484 4898 1628 4959 castilatis
1643 4900 1861 4963 mdolerelscit.

153 4990 183 5042 et
196 4986 283 5057 cujus
298 4986 396 5042 resina
416 4984 508 5042 libros
523 5003 540 5041 e
554 4982 642 5039 tineis
656 4985 685 5039 et
703 4985 848 5039 vetustate
864 4998 982 5040 conser-
1073 4987 1106 5043 iit
1119 4985 1156 5052 si,
1171 4986 1275 5041 iratres
1290 4986 1358 5054 mei,
1373 4985 1519 5058 sapientia
1533 4987 1583 5045 Dei
1599 4987 1704 5058 Patris,
1718 4989 1862 5051 Dominus

152 5079 210 5142 vet,
223 5074 296 5130 fides
306 5073 460 5146 accipitur,
471 5075 558 5146 cnjus
573 5071 767 5145 intelligentia
777 5070 978 5144 iugathercti·
1033 5079 1132 5133 noster
1151 5074 1238 5132 lesus
1252 5073 1397 5144 Christus,
1412 5074 1455 5132 sio
1477 5076 1598 5146 exaltem,
1614 5077 1658 5135 sic
1671 5077 1805 5150 escant,
1820 5080 1862 5140 ais

153 5164 249 5228 oos‚et
259 5176 379 5217 sensum
392 5162 611 5234 Scripturarum
627 5177 645 5216 a
659 5158 845 5233 corruptione
860 5176 979 5218 conser-
1033 5161 1163 5221 redolere
1178 5162 1248 5219 iacit
1270 5166 1389 5220 ceteros
1404 5168 1533 5233 sanctes,
1544 5169 1655 5239 quanto
1679 5166 1777 5242 magis
1791 5166 1863 5228 eila·

151 5252 209 5307 vat.
220 5249 275 5306 Per
284 5248 353 5306 Sion
368 5249 492 5308 altitudo
504 5247 713 5324 speculationis
727 5247 913 5321 intelligitur.
926 5249 979 5307 Per
1032 5251 1195 5310 ctissimsm
1205 5255 1234 5309 et
1244 5249 1423 5324 singularem
1434 5257 1559 5313 matrem
1569 5255 1676 5315 auant?
1691 5256 1728 5315 itt
1741 5257 1864 5316 mand*

152 5352 324 5412 cypressum
338 5354 405 5397 uero
424 5355 489 5412 que
504 5338 650 5396 odorifera
670 5341 724 5406 est,
741 5336 822 5394 nullo
847 5337 977 5412 impulsu
1032 5344 1095 5398 tum
1109 5340 1187 5414 quod
1198 5340 1234 5396 de
1248 5339 1490 5400 honorificatione
1504 5343 1598 5416 patris
1612 5348 1641 5402 et
1657 5345 1863 5407 mariansis

152 5424 292 5484 amittam
302 5427 531 5498 commolitis
543 5432 572 5484 et
586 5426 667 5484 oneri
682 5427 784 5484 cedere
798 5425 908 5494 nescia,
920 5427 976 5485 lor
1031 5431 1240 5504 deditquauto
1256 5428 1351 5503 magis
1373 5429 1437 5503 ipae
1451 5433 1590 5493 custodit.
1603 5433 1749 5493 haltasit
1763 5435 1865 5511 itaque

151 5513 247 5595 titudo
256 5516 320 5594 spei
329 5521 442 5579 aterna
452 5516 603 5585 odorantis
617 5519 648 5574 st
661 5514 794 5591 superori
808 5516 976 5590 nescientis,
1031 5518 1255 5579 dilectissimam
1281 5521 1406 5579 matram
1422 5536 1508 5581 mem
1522 5521 1737 5587 sioutcedrum
1759 5522 1794 5585 in
1815 5523 1866 5597 tiis
