3816 6006
95 222 153 283 1163
346 216 399 278 Ab
421 213 677 278 donaemuthe
699 211 867 274 APPEND.
888 209 981 274 11.-
999 209 1154 275 MONUM.
1176 211 1229 274 DE
1249 211 1376 275 Buteo
1397 207 1539 278 storto:
1738 211 1800 273 961

96 355 209 426 Quique
224 349 280 408 sibi
294 349 419 422 patriam
434 348 551 421 penitus
566 350 662 403 tutore
677 348 835 411 carentem,
930 344 1130 417 Abesperata
1145 344 1227 401 salus
1241 344 1283 401 sic
1297 348 1341 402 est
1351 345 1510 418 pugnando
1524 344 1657 411 reducta,

96 444 172 499 Pena
186 446 214 497 et
228 440 264 496 ab
280 439 363 495 hoste
378 437 455 493 malo
471 437 546 493 ferro
561 437 738 508 flammaque
753 437 898 502 ruentem,
971 433 1008 490 Ut
1023 450 1090 506 spes
1106 432 1242 507 nequitias
1258 432 1288 489 in
1302 433 1427 489 nihilum
1444 437 1617 506 stercusque
1632 433 1762 491 redacta.

96 532 273 587 1111111111
288 527 394 600 pradis
410 525 489 582 omni
504 527 539 582 de
554 528 635 598 parte
651 527 827 598 gementem,
1176 523 1329 579 lietduinus
1343 521 1466 580 recedere
1481 524 1590 594 1111111.

96 619 272 678 Reddiderat
288 631 404 672 summo
420 614 573 671 conamine
589 612 629 668 nil
645 615 833 681 metuentem,
1007 612 1149 686 Egregius
1164 613 1268 668 ductor
1283 612 1372 668 fortes
1387 612 1493 668 affatur
1507 611 1629 680 amicos,

97 708 204 776 0111111
219 724 277 780 quo
292 723 396 780 genere
412 705 566 778 specieque
581 703 726 775 modoque
740 701 784 757 vel
799 705 860 757 arte
972 700 1012 756 De
1027 702 1107 758 fovea
1123 701 1225 758 mortis
1241 701 1360 775 propria
1373 699 1481 756 virtute
1495 716 1636 770 reversos,

96 798 193 855 Possit
207 798 243 852 ad
260 795 396 851 interitus
412 810 513 849 casum
528 793 699 864 foveamque
714 795 818 847 rotare.
834 782 837 785 ’
972 790 1035 847 Ν11
1051 791 1123 847 bene
1138 790 1299 847 barbaricis
1314 806 1443 862 unquam
1460 788 1600 862 permista
1613 790 1738 848 catervis

97 888 127 945 Si
143 887 240 953 faciat,
257 884 363 956 sceptri
379 884 507 938 fructum
523 885 607 955 putat
621 898 684 937 esse
698 879 817 949 retenti;
972 880 1097 953 Agmine
1113 897 1175 953 quaa
1190 880 1259 936 fidei
1275 884 1345 936 sunt
1359 879 1487 935 enutrita
1501 879 1651 953 trophaeis,

97 976 127 1033 si
144 964 212 1043 non,
229 976 363 1047 desperat
377 972 440 1028 1111
454 974 602 1027 momenta
615 969 732 1026 lucrari.
972 970 1044 1026 Esse
1060 970 1116 1026 sibi
1132 973 1230 1026 tutum
1246 969 1420 1026 comitatum
1435 967 1569 1041 linquere
1583 968 1692 1042 gentis,

97 1067 133 1122 et
146 1069 207 1122 tam
224 1079 363 1136 perverse
378 1059 486 1124 mentis
501 1059 556 1115 fuit
570 1059 754 1131 invidiaeque,
973 1060 1040 1124 Ouae
1056 1059 1151 1132 specie
1166 1058 1275 1115 blanda
1290 1057 1425 1131 propinet
1440 1057 1545 1131 pocula
1560 1056 1673 1115 mortis.

98 1155 133 1212 Ut
148 1171 214 1210 cum
230 1149 433 1208 Christicolum
449 1166 480 1206 se
496 1149 553 1205 dici
568 1147 653 1204 vellet
668 1152 784 1216 111111,
974 1147 1129 1205 Monstrari
1145 1152 1243 1205 tamen
1259 1147 1320 1203 hac
1335 1145 1464 1204 collectis
1479 1146 1588 1203 foedera
1600 1147 1710 1204 turmis

99 1241 215 1298 Ouxerit
230 1238 384 1311 indignum
400 1254 431 1293 se
446 1235 634 1292 Christicolas
649 1234 767 1303 adiisse,
974 1236 1011 1294 Ut
1025 1237 1106 1294 nosci
1120 1236 1224 1306 valeat,
1240 1235 1374 1312 placeant
1387 1235 1413 1291 si
1427 1235 1498 1292 11111
1510 1236 1635 1294 cunetis.

98 1333 132 1388 nt
146 1331 313 1387 tristaretur
328 1343 380 1400 per
395 1343 444 1383 eos
460 1341 514 1380 sua
528 1328 591 1380 tuta
605 1323 706 1391 fuisse,
974 1328 1047 1384 Cum
1063 1326 1140 1382 dicto
1155 1327 1265 1382 factum
1281 1325 1425 1382 celeratur
1440 1324 1540 1381 concio
1556 1329 1617 1381 tota

99 1424 209 1494 Optans
223 1415 355 1473 idolatris
370 1414 468 1487 potius
484 1413 547 1470 sine
557 1413 666 1468 honore
682 1413 812 1480 subesse,
975 1416 1104 1490 Cogitur,
1120 1419 1149 1471 et
1164 1415 1196 1470 111
1211 1415 1253 1470 111
1270 1430 1337 1470 mox
1352 1413 1412 1470 hac
1423 1413 1614 1486 querimonia
1629 1417 1710 1472 uota.

99 1514 191 1578 Quam
206 1505 313 1564 Christi
329 1503 447 1559 furnulis
461 1502 556 1557 lindos
571 1500 677 1557 sociale
690 1501 816 1558 dedisse.
975 1505 1018 1561 Oh
1034 1523 1097 1579 que
1112 1505 1170 1561 sint
1185 1504 1268 1560 missi
1285 1520 1316 1560 se
1331 1502 1522 1575 complevisse
1538 1506 1685 1578 perorant,

293 1597 406 1649 Pactum
422 1593 475 1647 init
489 1607 551 1646 cam
567 1591 732 1662 infidelibus.
975 1596 1105 1668 Tempus
1120 1595 1223 1650 adesse
1239 1592 1295 1650 sibi
1309 1597 1344 1651 ut
1359 1597 1455 1649 castra
1466 1591 1647 1650 Antiocheno
1660 1592 1801 1652 revisant.

136 1686 192 1744 Sed
206 1684 276 1758 quia
290 1681 384 1755 plebis
400 1697 482 1737 amor
496 1680 587 1734 nimio
603 1679 699 1736 favore
713 1679 828 1735 favebat
885 1722 888 1728 ,
975 1683 1115 1741 Posthac
1130 1682 1238 1739 auxilia
1252 1682 1278 1739 si
1293 1685 1416 1756 poscant
1431 1698 1484 1738 nec
1499 1685 1677 1752 mereantur,

100 1774 156 1843 Illi,
172 1772 219 1830 oui
232 1770 328 1826 mtltffi
344 1767 392 1824 1111
405 1767 546 1840 Placitum
561 1766 667 1823 18111316
681 1767 814 1840 parebat,
977 1774 1036 1830 Hoc
1051 1771 1107 1829 sibi
1122 1788 1175 1845 pro
1190 1771 1303 1829 meritis
1317 1771 1380 1827 lieri
1396 1788 1454 1828 non
1465 1770 1657 1828 diffiteantur.

100 1864 306 1920 Demonstrare
322 1857 418 1931 palam
435 1856 535 1912 timuit
550 1856 627 1928 quod
645 1861 741 1912 mente
756 1856 885 1929 gerebat.
978 1863 1098 1935 Propter
1113 1878 1197 1934 opem
1213 1877 1283 1917 nece
1298 1864 1424 1917 tractata
1438 1876 1470 1917 11
1484 1876 1558 1934 pene
1572 1859 1704 1934 periisse.

100 1954 174 2026 Ergo
190 1950 302 2024 legulos
317 1945 429 2003 8111ῑί118
444 1945 500 2002 Sibi
517 1951 621 2002 11101118
636 1945 764 2018 1111111108,
977 1952 1028 2008 Η11
1043 1952 1121 2023 quod
1137 1950 1233 2007 adhuc
1248 1950 1345 2006 vivant
1361 1967 1392 2006 se
1412 1948 1525 2006 nullam
1541 1949 1667 2023 gratiam
1683 1949 1802 2023 habere,

101 2043 204 2098 Hostes
218 2039 329 2095 vicinos
343 2035 478 2092 aCbristi
495 2035 589 2091 milite
603 2034 704 2106 pulsos
977 2042 1030 2096 Per
1043 2040 1192 2096 Christum
1208 2044 1237 2095 et
1252 2040 1368 2096 dextras
1384 2043 1495 2096 restare
1505 2039 1663 2112 superstite
1677 2038 1748 2102 vita.

101 2130 208 2187 Invitat
222 2126 355 2200 proprios
366 2124 484 2181 veniant
498 2129 530 2179 ut
546 2140 649 2179 rursus
664 2123 694 2178 in
710 2139 804 2196 agros·
976 2130 1051 2201 Ergo
1067 2128 1199 2185 recedere
1214 2144 1245 2184 se
1261 2128 1440 2201 melioraque
1455 2144 1583 2202 querere
1598 2132 1693 2201 pacta.

102 2219 241 2275 Paeniteat
253 2215 329 2288 qued
346 2230 376 2269 se
392 2213 486 2268 socios
502 2212 624 2284 coepisse
640 2210 761 2268 alienos.
1012 2217 1064 2274 Sed
1076 2218 1191 2290 populos
1206 2234 1269 2286 1111
1278 2217 1417 2297 proditore
1430 2225 1567 2291 perempto
1577 2233 1639 2275 cem
1654 2220 1764 2275 retinet.

102 2310 161 2366 Hos
175 2323 206 2363 se
222 2305 383 2360 missurum
399 2300 526 2357 bellandi
543 2301 660 2356 nomine
675 2301 711 2356 ad
727 2300 804 2369 illos,
1012 2307 1064 2363 His
1079 2306 1165 2362 dietis
1180 2310 1379 2378 onerantque
1395 2306 1576 2379 deportanda
1587 2305 1718 2365 fuerunt.

102 2399 320 2466 ,iussurumque
334 2391 397 2448 auis
412 2394 446 2446 ut
459 2390 554 2463 primo
570 2389 672 2446 limine
687 2388 755 2445 belli
978 2399 1104 2468 Quaeque
1119 2394 1199 2468 gravi
1213 2393 1289 2451 bello
1303 2412 1355 2468 per
1370 2413 1401 2453 se
1416 2412 1471 2452 sua
1486 2396 1563 2452 facta
1577 2395 1706 2454 fuerunt.

103 2485 269 2543 Destituant
282 2480 347 2538 illos
359 2479 506 2553 fugiendo,
523 2479 553 2533 in
567 2483 650 2552 terga
664 2478 799 2552 regressi.
980 2483 1118 2556 Dispositi
1133 2483 1163 2538 in
1180 2487 1294 2540 turmas
1309 2483 1380 2540 dant
1394 2483 1512 2557 agmina
1527 2482 1631 2540 belbas
1646 2488 1736 2553 retro,

103 2580 162 2632 Hos
177 2587 386 2647 permansuros
402 2567 532 2642 fugiendi
548 2568 682 2624 obstante
696 2568 816 2640 pudore,
978 2573 1013 2628 nt
1029 2571 1104 2628 male
1118 2575 1246 2627 mercato
1263 2571 1391 2628 celerant
1405 2572 1560 2629 abscedere
1576 2588 1676 2646 regno.

104 2665 151 2722 Sic
166 2678 267 2720 omnes
282 2675 367 2733 posse
382 2656 471 2713 simul
482 2673 541 2712 una
556 2660 649 2712 morte
663 2657 767 2729 perire.
979 2661 1116 2717 Protinus
1132 2660 1161 2716 in
1178 2664 1240 2717 tote
1255 2661 1288 2715 111
1302 2659 1472 2717 lamentatio
1487 2660 1581 2734 plebe.

104 2752 258 2811 1111111111
272 2747 369 2805 Parthi
386 2745 532 2819 capientes
549 2743 627 2819 quod
643 2746 809 2818 cupiebant,
980 2750 1017 2806 Ut
1031 2754 1097 2822 pote
1112 2766 1175 2822 quae
1191 2749 1286 2806 fueret
1303 2766 1361 2805 non
1377 2750 1468 2822 hujus
1482 2749 1602 2806 conseia
1616 2748 1708 2823 culpe

104 2845 140 2900 Et
153 2841 261 2898 celeres
276 2839 385 2894 adsunt
398 2840 431 2891 ut
444 2839 512 2892 vota
527 2833 657 2909 maligna
671 2838 835 2908 capescant.
980 2840 1017 2896 Se
1031 2839 1156 2895 miseros
1171 2837 1310 2910 clamant,
1328 2838 1441 2912 inopes,
1456 2838 1581 2896 rationis
1596 2854 1705 2912 egenos

104 2932 155 2988 1111
170 2929 249 2986 acuit
262 2932 377 2984 nostros
390 2924 507 2999 penitus
521 2923 562 2979 nil
579 2923 635 2981 tale
650 2928 794 2991 caventes,
981 2927 1092 2985 1111111
1107 2927 1217 2984 erudeli
1229 2927 1292 2983 sine
1306 2927 1457 2984 defensore
1472 2925 1599 2983 relictos.

105 3022 200 3078 Donat
214 3017 256 3074 eis
271 3016 392 3073 comites
407 3012 466 3071 sibi
478 3013 642 3086 proditione
658 3013 783 3071 sodales.
982 3017 1139 3090 Postquam
1156 3015 1234 3072 dicta
1248 3016 1321 3072 satis
1336 3032 1399 3089 quaa
1415 3016 1471 3072 dici
1489 3016 1578 3090 digna
1592 3015 1724 3083 fuerunt,

105 3111 168 3167 Non
184 3113 283 3165 tamen
300 3104 425 3162 assoeiat
440 3101 543 3159 saltem
559 3103 595 3159 de
609 3102 722 3159 civibus
735 3120 838 3170 unum,
943 3083 966 3152 (i
981 3108 1049 3174 Qua
1064 3105 1246 3177 deleretque
1261 3104 1350 3161 timor
1363 3105 1485 3162 comites
1502 3105 1626 3162 dicenda
1649 3105 1806 3172 dederunt,

105 3200 147 3256 Ne
162 3200 260 3271 pateat
275 3198 401 3268 eoeptum
416 3197 500 3266 pacto
517 3208 692 3265 quocunque
702 3190 872 3249 nefandum.
982 3195 1118 3251 Protinus
1133 3193 1163 3249 in
1179 3192 1248 3249 belli
1263 3193 1406 3251 rationem
1420 3193 1544 3268 questio
1558 3192 1661 3268 surgit.

107 3289 193 3345 111111
203 3283 317 3358 quesiti
332 3282 460 3339 subeunt
474 3297 508 3336 11
521 3284 617 3337 castra
628 3280 760 3354 manipli,
982 3286 1049 3350 Qua
1065 3282 1121 3340 sibi
1136 3299 1226 3339 causa
1240 3284 1315 3356 fuga
1330 3283 1444 3340 fervens
1459 3282 1651 3356 quaerimonia
1664 3281 1770 3356 poscit.

107 3374 256 3448 Indigenis
270 3371 395 3428 ducibus
408 3370 565 3426 concedere
580 3369 616 3425 111
631 3370 730 3428 omnia
741 3369 828 3441 jussi.
982 3374 1020 3429 Ac
1035 3372 1130 3446 primo
1146 3371 1242 3428 tacitis
1258 3371 1390 3445 gladium
1405 3376 1588 3445 mortemque
1603 3370 1767 3428 minantur.

108 3464 272 3522 Procedant
286 3461 397 3516 alacres
411 3463 552 3515 consueta
566 3459 601 3513 od
618 3456 731 3515 ludicre
745 3457 847 3526 nostri,
982 3462 1018 3519 Ni
1033 3477 1173 3534 responsa
1189 3460 1245 3517 sihi
1260 3461 1373 3517 veracia
1389 3478 1455 3517 mox
1470 3461 1644 3518 referantur.

108 3553 272 3611 Occurrunt
287 3552 388 3605 contra
406 3546 525 3603 structis
540 3546 705 3619 legionibus
720 3545 773 3602 1111.
982 3555 1074 3608 Nemo
1089 3553 1191 3622 sponte
1206 3549 1262 3605 luit
1276 3548 1499 3622 peccataaliena
1514 3549 1644 3616 silenter.

109 3640 205 3698 Primo
220 3654 380 3711 congressu
393 3639 547 3709 penetrant
562 3635 658 3692 media
673 3635 792 3708 agmina
807 3635 891 3703 Galli,
984 3641 1093 3713 Regem
1108 3639 1149 3696 sie
1165 3639 1257 3695 nostri
1273 3643 1438 3696 memorant
1449 3639 1575 3712 jussisse
1591 3644 1735 3713 11111111.

109 3732 239 3796 Cadunt,
256 3730 456 3800 prosternunt,
472 3725 519 3779 via
534 3724 566 3779 111
580 3723 743 3780 1111111111
759 3730 787 3781 11
801 3725 839 3780 11.
984 3731 1066 3785 Tunc
1081 3744 1262 3801 quecunque
1273 3727 1343 3784 mali
1358 3727 1437 3785 illius
1451 3732 1618 3784 commenta
1633 3728 1762 3796 fuerunt,

110 3820 165 3876 Sed
182 3822 337 3890 postquam
352 3814 466 3870 infestis
482 3813 670 3868 tenebrarunt
685 3812 769 3869 obvia
782 3813 858 3879 telis,
984 3819 1019 3874 Et
1034 3818 1139 3890 quade
1153 3834 1243 3874 causa
1258 3818 1440 3875 concorditer
1454 3818 1646 3875 edocuerunt.

111 3910 201 3980 inque
213 3906 315 3962 eadem
329 3903 420 3959 versis
436 3903 601 3958 referuntur
615 3901 714 3974 prelia
726 3902 816 3958 frenis
833 3919 840 3958 :
984 3906 1042 3963 Nec
1059 3923 1139 3961 mora
1156 3906 1187 3961 fit
1203 3905 1310 3962 celsam
1326 3906 1424 3979 populi
1441 3922 1601 3963 concursus
1617 3907 1654 3963 ad
1671 3905 1781 3970 aulam,

110 3999 182 4054 11111
196 3995 296 4050 vident
310 3993 404 4049 socios
420 3991 576 4047 manifesta
591 3990 754 4064 proditioue
985 3997 1020 4051 nt
1035 4012 1102 4050 cum
1118 4011 1184 4068 rege
1199 3996 1311 4068 agitant
1326 3996 1469 4052 rationem
1482 3994 1665 4067 judicialem.

111 4086 267 4158 Diffugere,
282 4086 310 4138 et
325 4084 401 4137 retro
416 4080 495 4147 dare,
511 4080 628 4136 nemine
643 4082 724 4152 terga
739 4080 868 4153 legante.
986 4085 1049 4140 Non
1065 4084 1139 4140 bene
1153 4085 1290 4157 purganti
1307 4084 1420 4140 fraudis
1433 4084 1603 4156 crimenque
1619 4087 1775 4149 retectum,

112 4176 194 4231 'func
208 4170 357 4227 intellecto
372 4187 422 4242 per
438 4169 522 4242 signa
538 4169 667 4241 patentia
682 4170 793 4236 fraude,
987 4173 1053 4229 Mox
1067 4177 1112 4229 est
1126 4189 1274 4245 purpurea
1288 4177 1376 4246 caput
1391 4191 1408 4230 a
1422 4173 1532 4230 cervice
1547 4172 1699 4230 refectum.

113 4265 214 4320 Mutuo
231 4258 387 4327 adhortati,
404 4258 434 4313 in
451 4257 646 4331 manibusque
670 4257 783 4314 animas
799 4275 931 4331 posuere.
988 4263 1070 4317 Tunc
1085 4265 1215 4319 oratores
1231 4278 1297 4318 mox
1308 4263 1344 4318 ad
1360 4261 1486 4319 tentoria
1501 4261 1631 4330 mittunt,

112 4349 244 4424 Amplexi
258 4349 386 4422 clypeos,
402 4347 551 4420 stringunt
566 4346 728 4403 animosius
743 4364 838 4417 enses,
988 4351 1025 4406 Ut
1039 4351 1095 4407 sibi
1111 4349 1279 4407 consultum
1295 4352 1425 4419 redeant,
1440 4350 1627 4424 lacrymando
1644 4350 1810 4424 reposcunt.

113 4441 186 4496 Dam
202 4436 313 4493 validos
328 4435 404 4491 ictus
419 4433 449 4490 in
460 4434 595 4490 eominus
608 4439 697 4506 etque
712 4436 855 4492 sedentes.
950 4455 973 4520 D
988 4439 1126 4505 Quamvis
1140 4439 1249 4495 invitus
1265 4440 1368 4495 ductor
1382 4439 1477 4495 multa
1491 4456 1576 4513 prece
1591 4439 1696 4507 victus,

114 4529 227 4584 Norunt
241 4525 270 4581 in
287 4524 424 4580 manibus
437 4522 526 4579 vitam
542 4522 701 4579 consistere
714 4528 742 4579 et
757 4523 857 4596 armis,
990 4527 1109 4585 Consilii
1125 4544 1214 4583 cause
1227 4532 1271 4584 eat
1284 4528 1320 4583 nd
1336 4528 1444 4584 moenia
1459 4527 1536 4584 celsa
1550 4528 1701 4584 reductus.

115 4618 146 4674 ln
162 4616 286 4690 pedibus
300 4630 367 4669 vero
382 4611 528 4684 stipendia
540 4612 643 4668 mortis
658 4611 789 4668 inermis.
992 4617 1086 4689 thue
1102 4616 1156 4672 fuit
1168 4616 1298 4687 primum
1313 4617 1406 4687 portis
1422 4616 1574 4688 murisque
1590 4618 1737 4687 receptus,

114 4705 226 4763 Malunt
240 4703 376 4759 nobiliter
390 4701 549 4774 pugnando
563 4701 736 4756 occumbere
751 4699 844 4773 plagis
992 4706 1094 4763 Omnis
1109 4720 1176 4761 eum
1190 4720 1311 4776 propere
1327 4705 1499 4760 circumstat
1513 4709 1612 4760 turma
1627 4708 1761 4759 senatus.

115 4799 208 4863 Quam
224 4812 405 4868 paganorum
418 4795 550 4850 trucibus
563 4794 631 4849 dare
643 4791 716 4848 colla
727 4792 847 4848 eatenis.
992 4796 1100 4850 Omnes
1116 4809 1147 4849 se
1162 4797 1289 4865 purgant
1304 4811 1321 4849 a
1336 4793 1458 4849 crimine
1469 4790 1652 4865 proditionis,

116 4885 178 4943 Non
195 4890 320 4957 parcunt
334 4883 453 4949 dextris,
470 4899 528 4939 non
543 4885 668 4954 parcunt
683 4881 808 4954 deniquo
824 4879 900 4947 telis,
994 4882 1101 4939 Omnes
1117 4881 1270 4954 deplorant
1284 4881 1362 4937 mala
1376 4899 1470 4954 111111
1487 4878 1676 4954 suspicionis,

117 4973 220 5030 Nullus
236 4975 282 5030 hic
297 4978 341 5029 est
352 4972 460 5044 jaculis
476 4971 588 5026 levibus
603 4970 686 5028 locus
701 4974 789 5043 atqua
810 4968 936 5042 sagittis.
992 4973 1060 5038 Qua
1076 4970 1132 5027 sibi
1147 4969 1276 5026 ductoris
1291 4971 1424 5027 animum
1437 4988 1489 5043 per
1503 4972 1610 5025 cuncta
1620 4966 1782 5039 benignum

116 5063 269 5136 Aspieiunt
284 5059 382 5117 Parthi
398 5061 508 5115 circum
520 5058 678 5130 jaculando
693 5063 831 5132 vagantes
992 5059 1170 5126 Abstulerat,
1186 5076 1253 5116 cum
1269 5058 1310 5114 nil
1326 5059 1400 5115 foret
1414 5076 1431 5114 a
1446 5075 1476 5114 se
1492 5074 1613 5131 pergere
1629 5058 1757 5130 gestum.

119 5151 172 5207 Pro
186 5149 278 5206 tutela
292 5149 396 5204 anime
412 5151 528 5205 nostros
538 5149 602 5219 jam
618 5147 673 5205 rite
687 5152 830 5220 gerentes.
994 5148 1103 5204 Omnes
1119 5164 1236 5220 poscere
1249 5164 1281 5204 se
1296 5148 1432 5220 precihus
1448 5145 1645 5219 lacrymisque
1660 5141 1799 5217 profusis,

119 5239 305 5311 Perpendunt
320 5238 397 5309 quod
413 5235 938 5310 1111111111111111111111111111,
994 5237 1035 5294 Ne
1050 5255 1081 5294 se
1095 5237 1247 5294 dedecoret
1261 5241 1327 5310 post
1340 5236 1402 5292 hec
1416 5234 1538 5292 infamia
1551 5234 1658 5307 turpis,

119 5327 149 5384 Si
165 5326 358 5382 morientibus
374 5325 421 5383 his
435 5326 492 5399 ipsi
509 5343 625 5398 quoque
640 5324 881 5394 commoriantur,
995 5327 1037 5383 Ne
1052 5343 1083 5382 se
1098 5325 1238 5382 destituat
1251 5324 1342 5381 tutela
1357 5342 1417 5380 sua
1431 5322 1560 5397 pietatis,

120 5415 240 5473 Vincere
255 5416 332 5488 quod
347 5418 507 5489 nequeunt,
524 5414 678 5470 dimittunt
692 5414 886 5488 aufugientes,
996 5416 1057 5472 Neu
1074 5432 1105 5471 se
1118 5414 1277 5471 mortiferis
1292 5413 1361 5470 velit
1374 5413 1520 5484 objectare
1534 5410 1662 5485 periclis,

120 5503 335 5582 Dimittuntque
350 5505 428 5566 viros
441 5505 583 5568 damnata
597 5501 662 5564 luce
678 5503 798 5564 feroces.
997 5505 1068 5581 1111
1083 5503 1245 5580 primatum
1260 5520 1350 5579 super
1363 5502 1463 5562 omnia
1476 5500 1562 5561 vellet
1576 5515 1686 5571 amare,
