3816 6006
62 255 129 326 aar

748 253 872 317 cesta
893 251 1099 316 TANGREDI.

1712 259 1773 321 550

71 388 118 446 Nil
135 388 222 447 delus
236 387 267 446 in
282 387 441 458 Christum,
458 388 521 446 sine
536 405 593 462 quo
608 387 679 444 nihil
696 391 740 445 cst
759 387 832 444 nibil
847 406 895 444 ac·
910 390 937 457 Α
952 386 1005 453 Qui
1022 386 1097 460 fugit
1111 401 1243 443 emersus
1259 386 1327 459 ruit,
1344 387 1437 460 avius,
1453 393 1481 445 et
1495 389 1687 462 stupetactus.

810 478 894 552 [tarni.

271 568 409 624 LXXXIX.
428 602 460 609 —
480 570 582 642 rtrurps
595 587 699 642 papien.

71 660 200 719 Venerat
213 658 243 715 in
259 658 370 716 bellum
386 659 484 734 regnis
499 659 574 716 citus
590 678 607 715 a
622 659 786 716 Nabathais

72 750 268 824 Condaesque
283 766 354 807 suos
370 750 472 806 Persas
487 749 639 806 sociaverit
655 749 749 805 Eurus
764 765 771 804 :

73 840 140 914 lpse
154 839 273 913 regebat
288 855 390 912 equos,
406 838 469 912 ipse
483 856 578 907 arcus,
593 839 654 912 ipse
669 839 819 912 pharetras
835 855 842 894 :

73 930 133 986 Nec
149 928 249 985 minus
264 927 404 997 adversis,
422 928 542 985 obverso
557 927 685 996 turbine,
701 927 809 984 dextris

73 1017 147 1089 'Pela
161 1017 357 1090 retorquebat,
375 1020 498 1074 tortores
513 1021 590 1073 torta
605 1034 656 1090 per
671 1015 760 1089 ipses.

72 1105 129 1162 Vix
144 1106 242 1163 stabat
256 1105 373 1179 gladius
390 1111 491 1162 contra
505 1104 574 1161 Euri
589 1105 702 1178 spicula
717 1106 857 1162 Francus.

72 1193 247 1268 Languidus
260 1193 352 1249 AEolio
366 1194 513 1267 Zephyrus
530 1195 662 1267 torpebat
674 1194 702 1250 in
719 1200 813 1264 antro,

74 1281 213 1339 Traditor
227 1282 257 1337 in
272 1280 383 1338 bellum
399 1283 525 1338 Francos
539 1300 556 1338 a
570 1281 700 1339 Gadibus
716 1300 818 1356 usqne,

76 1373 172 1444 Atque
189 1370 331 1444 Pyrenaeis
347 1371 475 1439 nivibus
491 1376 585 1444 peret
600 1369 678 1427 invia
689 1377 717 1427 et
732 1372 827 1445 Alpes,

76 1462 130 1516 Per
145 1461 283 1534 treta,per
297 1463 401 1533 syrtes,
417 1477 470 1534 per
483 1459 720 1535 Syllam,perquc
734 1460 900 1535 Carybdim,

78 1550 167 1606 Fidus
183 1549 293 1622 ubique
308 1565 407 1606 comes
422 1549 592 1617 adduxerat,
609 1555 639 1605 at
654 1550 741 1605 modo
757 1550 843 1606 fallax

74 1639 201 1695 Abdicat
215 1638 442 1707 auxilium,dum
458 1638 580 1695 Francia
595 1644 706 1712 pugnat
721 1638 749 1694 in
766 1640 876 1695 Eurum
895 1658 901 1696 :

76 1729 144 1785 llec
156 1727 392 1784 animadvertens
406 1743 479 1801 gens
495 1726 619 1796 Persica,
637 1728 712 1799 qued
737 1729 840 1802 nequit
855 1746 902 1784 ar-

847 1833 903 1872 mis

77 1886 199 1944 Molitur
214 1884 353 1955 hammis,
369 1887 460 1955 lunio,
477 1890 505 1943 et
520 1885 644 1960 caligine
659 1891 736 1944 terra
834 1815 843 1890 [

76 1975 307 2035 Gbrsticolarum
323 1975 423 2032 oculos
438 1991 489 2032 seu
505 1980 589 2032 nocte
603 1975 746 2032 involvere
759 1980 852 2032 tentat

77 2066 186 2122 Subdit
200 2064 395 2121 arundinibus
411 2065 555 2132 incendia,
572 2065 673 2122 subdit
687 2069 715 2121 et
730 2065 813 2130 ulvas,

79 2155 188 2212 Subdit
202 2154 374 2223 viminibus,
390 2159 533 2227 quantum
550 2153 617 2210 licet
632 2155 738 2210 excitat
753 2156 858 2210 Eurus.

79 2244 131 2300 llle
147 2261 218 2300 suas
232 2243 366 2310 nebulas,
383 2244 498 2300 sumum
515 2244 550 2299 dc
563 2244 700 2317 vepribus
715 2244 774 2310 itte,

80 2334 122 2390 Dc
138 2332 259 2406 reliquis
274 2332 383 2401 dumis,
397 2349 448 2389 seu
464 2332 582 2401 hamno,
595 2333 653 2389 sive
668 2333 780 2390 rubetis

81 2422 189 2478 Pcrtlat
200 2423 230 2478 in
246 2422 396 2478 obstantes
410 2420 509 2478 furiali
526 2427 622 2478 mente
636 2422 809 2496 phalanges.

80 2512 158 2585 Ergo
174 2511 237 2567 dies
252 2510 349 2584 piceas
365 2510 482 2586 lulgens
497 2528 654 2568 conversus
669 2512 699 2568 in
715 2515 845 2579 umbras,

82 2602 184 2656 Fortes
198 2599 340 2668 debilitat,
357 2600 501 2657 consortat
515 2600 609 2656 debile
624 2599 739 2674 vulgus.

82 2690 115 2745 ln
129 2687 261 2746 tenebris
275 2705 360 2744 enses
376 2694 518 2763 pugnant,
536 2689 565 2745 in
581 2689 646 2746 luce
661 2691 785 2763 sagittar.

81 2780 140 2835 Seu
156 2782 258 2833 contra
272 2775 346 2833 lines
361 2777 461 2833 ineant
476 2779 637 2834 certamina
650 2779 734 2852 talpa
751 2796 758 2834 ε

81 2867 131 2924 Sic
146 2866 232 2922 furiis
247 2866 315 2922 llari
332 2871 417 2922 nutat
432 2867 578 2923 sententia
595 2867 674 2924 belli.

82 2956 107 3011 0
119 2952 257 3028 quotiens
271 2952 321 3010 illa
334 2954 482 3027 Zephyrus
498 2956 568 3011 dum
585 2955 682 3011 tardat
695 2956 725 3011 in
741 2956 813 3013 bora
827 2975 833 3013 :

82 3044 250 3100 Clamatum
263 3047 319 3109 est,
333 3043 454 3116 Zephyri
470 3044 641 3113 succurrite,
658 3046 769 3119 surgite
789 3046 863 3120 pigri
881 3064 888 3103 :

84 3133 182 3189 Eurus
196 3149 248 3206 pro
267 3131 370 3189 Turris
386 3132 466 3200 lurit,
483 3136 577 3189 etvns
592 3133 702 3209 surgite
717 3135 812 3191 nobis.

273 3239 329 3296 th.
346 3272 380 3281 -
393 3241 545 3297 Proeaetcnt
559 3240 721 3298 Christiani.

84 3329 134 3386 Sic
148 3328 219 3385 dum
236 3327 389 3401 clamatur,
405 3328 483 3385 Deus
498 3329 621 3386 alllictor
638 3330 805 3400 miseratur,

84 3416 311 3491 ‘thesaurosque
326 3434 396 3474 suos
411 3418 513 3491 aperit,
530 3418 665 3490 producit
680 3423 708 3475 et
723 3419 790 3477 inde

85 3506 196 3562 Corum
211 3506 383 3580 propitium,
398 3507 449 3579 qui
464 3507 561 3564 [laudo
576 3509 739 3565 reverberet
758 3514 865 3566 Eurum
883 3528 889 3567 :

84 3595 180 3668 laque
195 3612 265 3652 suas
280 3601 366 3669 cogat
381 3595 489 3653 victum
506 3596 633 3653 revolare
648 3615 796 3669 cavernae,

83 3685 179 3741 Fumo
194 3684 356 3741 'l'ureorum
372 3684 422 3758 qui
438 3685 552 3742 lumina
568 3688 665 3743 turbet
680 3704 793 3760 corum,

83 3773 172 3829 Liber
187 3773 224 3829 ab
239 3773 366 3830 Occiduo
382 3775 544 3847 productus
559 3792 674 3832 carcere
690 3777 791 3833 Corus.

80 3862 139 3918 Nee
155 3878 240 3917 mora
253 3863 402 3919 mandatis
417 3863 618 3938 obtemperat:
636 3864 736 3922 omnia
750 3883 906 3939 quassans,

79 3950 189 4007 Omnia
203 3951 381 4023 convellens,
396 3952 516 4009 obstant
531 3970 712 4027 quacunque
727 3953 837 4011 volanti
854 3974 860 4013 :

76 4039 208 4113 Jamque
223 4039 342 4098 inbelle
356 4042 444 4111 venit,
461 4042 581 4099 veniens
597 4060 654 4100 noa
675 4060 758 4100 arma
771 4044 909 4119 virosque

80 4129 211 4187 Tantum
227 4129 325 4203 pulsat
341 4148 347 4187 :
364 4148 456 4205 equos
471 4136 568 4202 terret,
584 4133 709 4190 tentoria
723 4134 812 4204 vellit,

54 4217 209 4274 ‚Horrent
234 4223 321 4292 atquc
346 4225 479 4276 tremunt
502 4238 597 4291 mons,
621 4222 715 4293 vallis,
741 4241 864 4298 campus
880 4229 909 4282 ct

801 4314 906 4381 [arbor.

80 4398 157 4453 Eure
173 4396 262 4472 sugis,
279 4398 419 4474 fumoque
435 4403 483 4457 tuo
499 4403 530 4457 tu
548 4400 701 4458 involveris
716 4403 790 4476 ipsc,

81 4487 176 4560 laque
191 4490 258 4544 tuos
274 4491 378 4546 Persas
393 4506 447 4545 sua
461 4490 553 4559 Fraus,
568 4489 711 4564 leaeque
728 4493 883 4549 redundat.

80 4577 165 4633 Tunc
180 4575 275 4634 oculis
290 4576 399 4635 clausis
415 4579 539 4648 Turcus,
557 4581 607 4637 sed
624 4582 754 4638 Francus
769 4581 878 4656 apertis

80 4664 220 4729 Dimicat,
235 4669 265 4722 ct
279 4666 377 4723 subito
392 4685 475 4724 versa
489 4669 549 4725 vice
562 4669 696 4741 prevalet
710 4669 758 4727 ille

80 4753 137 4820 eui
152 4769 244 4828 prope
257 4754 352 4812 victus
365 4759 448 4825 erat;
465 4761 621 4829 superatur
635 4758 685 4830 qui
701 4761 859 4833 superabat
875 4777 882 4815 ι

83 4842 135 4898 llic
150 4841 236 4916 tagit,
252 4843 302 4899 ille
317 4844 418 4918 sagat;
433 4844 501 4901 Baal
517 4844 585 4913 ruit,
602 4845 699 4903 obruit
714 4846 811 4921 alpha.

83 4931 240 4988 Persarum
254 4931 336 4989 velox
349 4950 445 5006 equus
459 4938 513 5002 est,
527 4938 555 4991 et
570 4934 689 5009 pinguis
704 4940 732 4992 et
747 4954 814 4993 acer
829 4955 836 4994 :

83 5019 194 5076 Contra
209 5020 388 5077 Francorum
402 5022 515 5092 tardus,
532 5039 640 5093 macer,
657 5023 771 5094 anxius,
786 5042 883 5099 ager:

86 5106 138 5165 Ille
153 5109 229 5182 sugit
244 5108 349 5180 tacile;
366 5111 470 5184 nequit
484 5110 532 5168 bic
546 5111 656 5169 instare
672 5118 804 5186 proterve
821 5132 827 5171 :

85 5196 139 5255 llle
154 5198 238 5271 quasi
253 5198 428 5255 innumerus
446 5216 452 5256 :
468 5199 515 5256 vix
529 5200 577 5257 bic
592 5202 676 5274 quasi
692 5207 885 5261 sexcentenus
902 5221 909 5260 :

84 5287 116 5342 ln
131 5285 281 5363 vigilando
297 5288 371 5362 luge
386 5292 453 5362 post
466 5306 550 5346 versa
565 5289 694 5362 pericula
709 5292 803 5350 Perse

84 5376 138 5444 Qui
152 5374 233 5433 celer
247 5380 298 5434 aut
312 5375 399 5434 celeri
414 5382 548 5452 raptatur
560 5396 636 5454 equo
650 5380 731 5437 velut
747 5381 819 5457 igni,

118 5486 159 5556 (5)
174 5483 276 5559 Lynca
289 5488 334 5542 est
348 5485 456 5568 lluvius
472 5484 503 5543 in
524 5485 703 5571 Macedonia,
720 5487 771 5572 qui
795 5488 825 5572 in
849 5488 911 5547 tari-

82 5571 191 5638 gonem
211 5554 366 5635 excipitur,
391 5558 477 5636 cujus
499 5557 635 5620 meminit
654 5558 775 5622 Ovidius
797 5558 849 5621 lib.
874 5577 913 5624 xv

950 479 985 531 at
998 477 1045 531 cui
1061 476 1159 549 segnis
1174 493 1279 549 equus,
1296 494 1348 533 nec
1361 495 1411 552 pes
1427 477 1502 534 citus
1519 496 1526 533 :
1544 478 1592 535 ille
1604 478 1648 535 vel
1666 480 1756 539 armis

951 565 1071 630 Occidit,
1090 571 1141 620 aut
1156 565 1229 622 servi
1247 567 1372 623 trahitur
1387 567 1540 625 ducendus
1555 568 1585 624 in
1601 587 1688 626 usum
1706 586 1712 623 :

952 654 1010 710 llac
1022 654 1140 726 juvenis
1155 654 1286 728 plantam
1303 661 1467 713 memorant
1482 658 1511 713 in
1526 659 1603 714 cade
1617 662 1773 731 repertam,

952 745 1015 810 Qua
1030 743 1124 816 potuit
1139 743 1207 800 tecti
1222 745 1282 800 vice
1297 745 1340 802 sol
1354 745 1482 802 imberve
1497 747 1596 820 repelli
1615 765 1621 802 ε

952 832 1035 886 Tune
1047 832 1138 887 trahit
1152 848 1284 902 occasus,
1300 833 1426 890 trahitur
1439 852 1526 908 quem
1542 837 1663 893 miserat
1677 842 1774 895 ortus:

953 920 1000 976 Sic
1015 925 1044 976 et
1059 938 1129 993 opos
1143 921 1280 994 reliquas,
1296 922 1444 990 scutellas,
1461 925 1575 997 pocula,
1590 942 1718 997 mensas,

954 1008 1102 1078 UrceoloS,
1116 1010 1254 1084 tripodes,
1272 1009 1399 1078 lecticae,
1416 1012 1508 1082 labra,
1525 1013 1645 1085 lebetes,

954 1097 1043 1165 Ollas,
1060 1100 1212 1167 llasrenes,
1229 1100 1363 1169 tentoria,
1377 1101 1475 1174 pallia,
1491 1107 1586 1159 vestes
1603 1120 1610 1158 :

955 1187 1060 1243 Omnia
1074 1205 1182 1261 purum
1199 1206 1315 1260 aurum,
1331 1189 1373 1246 vel
1388 1207 1461 1263 opus
1473 1192 1620 1264 pretiosus
1635 1210 1706 1250 aure

955 1277 1054 1332 Victor
1069 1276 1165 1334 babet.
1184 1277 1312 1350 Populus
1326 1279 1362 1335 de
1377 1297 1503 1353 paupere
1514 1281 1578 1354 jam
1595 1282 1627 1337 srt
1642 1283 1776 1356 opimus:

955 1365 1021 1421 lam
1037 1367 1126 1434 sedet,
1143 1368 1254 1424 'Furcas
1270 1367 1352 1424 avido
1367 1374 1448 1425 vorat
1464 1387 1513 1426 orc
1527 1370 1676 1444 placentas
1692 1389 1699 1429 :

956 1453 1021 1508 Jam
1037 1454 1162 1527 satrapis
1179 1461 1290 1528 partam
1304 1457 1399 1514 Persis
1414 1457 1545 1530 plerique
1559 1458 1693 1530 ferinam,

956 1542 1021 1598 Janr
1038 1543 1073 1598 de
1089 1543 1201 1616 captivo
1217 1544 1292 1601 inter
1307 1562 1356 1602 eos
1371 1547 1558 1603 contenditur
1572 1552 1662 1605 estro.

957 1650 1023 1705 liCl.
1041 1683 1074 1690 —
1091 1651 1176 1706 Victus
1194 1654 1359 1709 Frunrrcdus
1375 1656 1538 1727 insequitur,
1565 1674 1659 1713 rorem
1678 1675 1781 1716 meram

1259 1733 1379 1795 strepere
1393 1729 1471 1798 fecit.

957 1812 992 1865 At
1007 1810 1097 1882 proba
1113 1812 1255 1867 Taucrcdi
1269 1813 1386 1870 laudem
1398 1815 1531 1873 esuriens
1541 1817 1703 1891 sitiensque

959 1900 1133 1967 Strenuitas,
1150 1905 1254 1973 prater
1268 1901 1385 1958 laudem
1402 1903 1512 1962 nullius
1528 1923 1624 1975 avara,

959 1988 1071 2061 Pauper
1085 2006 1164 2061 opes,
1171 1991 1275 2062 jejuna
1289 1992 1399 2061 cibum,
1416 1993 1446 2048 in
1461 1995 1567 2052 sudore
1581 1997 1710 2069 quietem

959 2076 1087 2149 Spernit,
1103 2095 1218 2152 quaque
1232 2079 1287 2136 iter
1300 2086 1344 2137 est
1357 2081 1432 2138 inter
1446 2085 1503 2140 duo
1518 2084 1638 2142 brachia
1653 2087 1716 2144 fissi

960 2165 990 2220 ln
1007 2167 1117 2223 bivium
1133 2171 1241 2241 Furfnr,
1258 2188 1405 2244 nusquam
1420 2171 1502 2229 locus
1517 2175 1612 2247 aptior
1625 2175 1668 2232 illi
1684 2195 1692 2234 ι

960 2253 1068 2310 Multos
1083 2258 1276 2330 persequitur,
1295 2261 1395 2331 paucis
1410 2263 1622 2321 comitantibus
1638 2267 1738 2324 armis.

961 2342 1032 2415 ldrge
1049 2343 1124 2400 inter
1140 2345 1260 2403 Parthos
1276 2349 1595 2418 etPorsas,1nistuset
1611 2353 1709 2423 Indos,

960 2432 1040 2486 lnter
1054 2433 1243 2508 omnigenum
1259 2437 1334 2493 vires
1351 2438 1635 2511 blabumicolarum;

961 2521 1071 2578 Pardus
1088 2527 1119 2578 ut
1134 2524 1209 2579 inter
1223 2543 1300 2594 oves,
1317 2531 1444 2600 stragem
1459 2529 1643 2589 Wiscardida
1658 2533 1762 2591 miscet

961 2610 1097 2668 Calcibus
1114 2618 1196 2687 urget
1207 2632 1308 2687 equos,
1326 2619 1504 2674 retrosuadis
1520 2625 1605 2694 urget
1619 2621 1743 2680 habenis

961 2700 1111 2757 llorrifieis
1127 2707 1210 2776 urget
1226 2704 1413 2775 clamoribus,
1430 2712 1459 2763 et
1475 2708 1659 2778 stimulandi,

962 2789 1096 2854 Quadibet
1111 2795 1172 2846 arte
1189 2793 1275 2865 l'ugax
1291 2794 1367 2850 acies
1383 2795 1529 2853 incumbit
1545 2800 1573 2854 in
1590 2817 1688 2857 armos
1704 2817 1711 2856 τ

961 2877 1040 2934 Collo
1055 2879 1142 2935 int'crt
1157 2881 1302 2948 stimulos,
1320 2884 1436 2939 mutilat
1451 2904 1627 2960 quacunque
1650 2894 1785 2961 gravatos

963 2968 1057 3036 Parte,
1073 2967 1118 3024 vel
1134 2974 1199 3025 unte
1211 2970 1303 3042 Jubis,
1320 2971 1475 3031 inutilibus
1493 2981 1568 3031 retro
1584 2977 1685 3033 caudis
1701 2994 1709 3034 :

963 3055 999 3111 Ut
1015 3061 1138 3113 mertem
1154 3059 1266 3126 evadat,
1285 3077 1337 3115 nec
1353 3060 1439 3117 sellas
1455 3063 1566 3120 solvere
1582 3067 1678 3122 tardat
1694 3083 1700 3122 :

922 3137 943 3202 C
963 3145 1090 3202 Ensibus
1106 3151 1133 3202 et
1148 3146 1292 3220 pharetris
1306 3149 1394 3205 etiam
1410 3150 1492 3225 lugat
1505 3151 1556 3208 illa
1571 3154 1684 3211 solutis.

964 3236 1132 3291 Tancrodus
1146 3235 1252 3293 virides
1269 3239 1412 3312 respergit
1426 3240 1569 3314 sanguine
1582 3241 1691 3316 glebae,

964 3324 1132 3381 Tancrodus
1148 3325 1241 3383 fossas
1257 3328 1434 3384 morientum
1450 3329 1540 3402 stipat
1552 3332 1672 3399 acervis,

963 3412 1089 3470 Vulnere
1103 3414 1196 3471 multa
1208 3416 1292 3488 perit,
1309 3417 1385 3488 perit
1399 3423 1427 3474 et
1441 3419 1504 3476 sine
1519 3419 1638 3479 vulnere
1653 3421 1757 3490 multa,

963 3502 1169 3560 Vulneradum
1184 3509 1329 3573 metuens,
1341 3507 1469 3564 declinat
1482 3508 1604 3566 vulnera
1617 3512 1714 3579 turba,

964 3593 1088 3658 Quidam
1104 3599 1206 3666 sponte
1222 3598 1322 3663 ruunt,
1339 3597 1420 3653 treuo
1432 3597 1562 3671 sellaque
1578 3599 1707 3670 relictis;

965 3682 997 3736 ut
1012 3683 1261 3769 subeuntdumos
1277 3687 1421 3759 sperando
1436 3686 1526 3744 latere
1541 3689 1596 3745 sub
1611 3689 1716 3747 imbris
1732 3707 1739 3746 :

963 3771 1073 3826 Horum
1090 3771 1254 3845 cornipedis
1266 3773 1407 3831 eviscerat
1422 3777 1532 3851 ungula
1548 3783 1672 3850 partem,

964 3860 1076 3916 Partem
1094 3861 1164 3916 dum
1181 3863 1285 3934 ruitur,
1301 3868 1381 3920 tento
1396 3866 1479 3937 pede,
1496 3882 1575 3922 mors
1597 3872 1787 3928 remoratur:

964 3951 1053 4015 Quem
1070 3967 1121 4023 pes
1135 3967 1192 4006 non
1209 3953 1303 4008 tenuit
1319 3970 1325 4008 :
1342 3970 1392 4010 cor
1406 3953 1475 4010 huic
1491 3956 1613 4029 crepuit,
1618 3957 1703 4030 Jecur
1718 3957 1760 4014 illi
1778 3976 1787 4016 ι

964 4038 1097 4096 Flumine
1112 4040 1217 4096 salvari
1233 4058 1302 4114 pars
1318 4042 1446 4116 plurima
1460 4061 1546 4116 posse
1560 4051 1708 4118 putantes,

964 4126 1135 4184 intromissa
1149 4129 1232 4185 vadis
1247 4131 1322 4203 perit
1337 4131 1529 4189 auxiliaribus
1545 4136 1633 4192 nudis
1651 4153 1657 4191 :

963 4215 1034 4271 Viva
1063 4217 1143 4273 subit
1170 4218 1299 4274 tumulos
1324 4236 1424 4291 eques,
1458 4226 1546 4294 atque
1577 4241 1671 4296 equus
1701 4225 1791 4285 intrat

1638 4313 1797 4395 [apertosj

963 4393 999 4449 Ut
1015 4393 1093 4466 ripas
1109 4395 1222 4463 ineunt,
1239 4396 1333 4468 palam
1350 4388 1428 4454 hu'nc
1445 4400 1581 4457 absorbet
1595 4406 1624 4457 et
1639 4400 1734 4472 illum,

923 4515 947 4578 D
964 4483 1036 4557 Ergo
1053 4482 1222 4556 pharetrati,
1239 4485 1362 4555 loricati,
1380 4487 1534 4560 phalerati.

962 4572 1038 4626 Dum
1055 4572 1144 4645 Styga
1158 4574 1200 4628 sic
1216 4575 1324 4630 adeunt
1339 4593 1452 4646 manes,
1469 4577 1518 4634 alii
1536 4579 1714 4635 tremefiunt.

963 4664 1028 4732 lpse
1045 4660 1127 4717 timet
1142 4662 1225 4718 Pluto
1240 4664 1341 4736 repeti,
1358 4670 1452 4738 pavet,
1470 4683 1503 4723 ae
1519 4668 1595 4741 sugit
1610 4685 1683 4725 uxor
1699 4686 1705 4724 :

962 4749 999 4803 At
1012 4750 1086 4805 vada
1100 4755 1179 4806 certa
1193 4752 1301 4826 quibus
1317 4770 1381 4809 sors
1396 4754 1535 4823 obtulit,ii
1552 4773 1667 4830 queque
1679 4757 1788 4830 partim

964 4839 1123 4912 Emerguut
1138 4839 1174 4895 ab
1189 4839 1283 4913 aquis,
1301 4841 1406 4913 partim
1423 4849 1598 4916 merguntur
1613 4844 1643 4902 in
1658 4845 1752 4919 ipsis:

964 4928 1021 4983 Nec
1037 4928 1079 4984 sie
1095 4930 1231 4998 evadunt,
1245 4931 1295 5003 qui
1312 4931 1354 4987 sic
1370 4933 1491 4988 evadere
1506 4935 1641 4991 tendunt.

964 5018 1132 5074 Tancrodus
1147 5017 1291 5091 sequitur,
1308 5019 1393 5076 valda
1408 5021 1464 5077 scit
1479 5021 1563 5095 quasi
1579 5024 1618 5093 (5)
1634 5025 1731 5098 Lyuca
1744 5041 1792 5081 va·

1139 5101 1142 5105 ’
1664 5111 1766 5186 [datur
1782 5127 1790 5168 ι

966 5196 1062 5268 Usque
1078 5213 1189 5263 recena,
1206 5198 1358 5254 acardum
1375 5205 1481 5257 cuncta
1496 5201 1635 5269 recentia,
1650 5204 1759 5257 cuncta

964 5286 1049 5341 Aeria
1062 5291 1146 5359 parta
1160 5303 1247 5342 suum
1259 5286 1315 5343 sibi
1332 5293 1471 5361 suggerat
1486 5290 1603 5345 obvium
1610 5293 1790 5364 Harengum:

965 5377 1076 5433 Natura
1091 5377 1200 5449 pariter
1215 5377 1333 5433 firmum
1350 5378 1503 5436 munimen
1520 5383 1549 5436 et
1563 5384 1625 5438 arte

966 5485 1096 5553 Metam,
1114 5483 1169 5541 boc
1184 5502 1269 5542 versu
1287 5502 1294 5543 :

964 5559 1042 5616 Hunc
1052 5557 1116 5635 duit
1130 5556 1226 5637 atlete
1239 5557 1334 5634 dapar
1349 5559 1506 5639 hymettias
1520 5561 1622 5624 amna.
