3816 6006
103 234 160 297 tot
358 231 410 296 Aa
432 233 690 300 coaevuluott
710 233 881 297 APPEND.
903 232 943 297 ΙΙ.
958 264 997 279 -
1011 230 1167 299 Mortua.
1189 233 1241 298 DE
1262 233 1392 303 BElrffl
1410 232 1548 300 SAGRO.
1749 234 1823 309 'lm‘

103 387 181 439 rum,
208 368 515 444 appropinquaverunt
539 368 659 441 civitati,
679 374 708 426 et
731 368 929 426 castrametati
943 369 976 437 A,
987 372 1117 426 castrum
1132 367 1162 424 in
1178 385 1244 426 mea
1255 368 1346 425 libera
1359 368 1509 426 voluntate
1523 367 1666 427 tanecellli
1681 387 1817 444 namque.

102 465 173 517 sunt
189 459 336 516 interduo
363 458 495 530 flumina,
517 464 718 531 steteruntque
732 458 773 513 ibi
788 476 840 532 per
855 460 930 516 duos
984 459 1120 515 deorsum
1136 458 1247 515 suntin
1261 458 1562 532 civitatellgoautcm
1577 458 1815 532 babeojamillos

103 548 176 606 dies.
189 549 314 622 Recepto
325 548 423 621 itaque
434 553 611 616 castratum
622 547 929 605 Curbalanconiestim
983 565 1086 604 omncs
1098 548 1127 603 in
1144 565 1209 604 mea
1223 565 1324 619 manu,
1342 553 1393 604 aut
1407 564 1456 604 eos
1472 547 1576 604 inciam
1592 548 1748 622 capitalem
1763 567 1810 609 au·

105 639 351 695 advocavituuum
364 637 604 694 Ammiraliumen
615 639 688 705 suis,
698 655 784 710 quern
796 655 930 697 sermone
983 636 1045 693 bire
1060 638 1247 705 sententiam,
1261 641 1313 694 aut
1323 654 1372 693 eos
1384 638 1528 694 deducam
1543 637 1572 693 iu
1584 642 1765 697 corosanum
1781 641 1811 696 iu

107 728 218 784 sciehat
231 721 372 794 veracem,
397 727 509 795 mitem,
534 732 562 782 et
577 727 740 800 pacificum,
762 733 790 785 et
806 729 846 784 ait
861 728 903 784 illi
920 746 927 785 :
984 727 1149 801 captivitate
1165 727 1266 794 nimia,
1282 728 1405 800 eoquod
1415 727 1566 783 minantur
1580 744 1633 784 nos
1648 729 1711 786 auia
1721 729 1813 786 armis

106 841 121 868 a
135 816 206 873 Volo
217 818 349 872 utintres
360 817 389 872 in
400 815 539 872 fidelitate
550 817 674 873 meahoc
684 821 814 874 castrum
830 824 930 875 custo-
984 816 1155 890 propulsare
1179 822 1207 873 et
1230 815 1334 888 ejicere
1358 816 1434 872 ultra
1453 817 1591 873 Corosani
1608 818 1746 887 continia,
1762 823 1814 876 aut

8 902 16 913 ’
107 906 178 972 diro,
195 905 272 979 quod
287 923 321 962 ex
332 910 462 978 tempore
475 904 646 978 longissimo
656 906 716 963 scio
727 912 755 963 te
767 907 848 964 valde
863 909 931 965 fide·
984 905 1812 977 delereomnianostranominaultraAmasoniefiumina,

107 995 265 1062 lissimum,
281 995 403 1067 ideoque
414 1001 562 1068 procerte,
575 1000 606 1050 ut
621 1013 739 1052 summa
753 996 866 1053 caumlu
875 997 931 1053 hoc
985 1000 1035 1052 aut
1045 996 1149 1067 ejicere
1160 1013 1214 1052 nos
1225 995 1301 1052 ultra
1312 995 1493 1068 superiorem
1502 996 1644 1064 iudaeam,
1657 1013 1708 1053 seu
1721 998 1814 1070 ejece·

106 1084 255 1141 contineas
271 1083 421 1156 oppidum.
434 1083 535 1139 Adhuc
556 1101 683 1157 namque
694 1085 764 1158 quia
780 1085 839 1143 seio
860 1091 888 1143 te
899 1087 929 1141 in
985 1089 1054 1140 runt
1063 1102 1166 1141 omnes
1176 1090 1310 1158 parentes
1322 1090 1436 1142 nostros
1443 1086 1592 1142 deeunote
1600 1086 1744 1144 Romania
1752 1088 1813 1146 sive

106 1191 191 1246 opere
197 1173 470 1246 prudentissimum,
479 1172 652 1248 nullumque
663 1174 757 1249 magis
766 1180 931 1232 veracemet
985 1174 1077 1247 Syria,
1092 1175 1202 1231 Amcdo
1213 1175 1295 1231 vobis
1311 1192 1438 1247 namque
1449 1175 1518 1247 juro
1533 1192 1585 1247 per
1596 1175 1773 1244 Machamet,
1784 1181 1816 1234 et

104 1263 298 1319 Fortissimum
314 1262 360 1318 hio
379 1263 463 1318 modo
487 1263 612 1336 reperire
626 1280 748 1335 nequeo.
765 1264 843 1321 »Cui
860 1271 931 1320 Am-
985 1263 1150 1336 peremnia
1165 1264 1286 1320 deorum
1303 1263 1433 1330 nomina,
1449 1264 1589 1336 quoniam
1603 1269 1671 1323 ante
1683 1271 1816 1324 veetiam

105 1351 238 1408 miralias
254 1351 313 1408 ait:
330 1375 344 1402 κ
360 1352 425 1407 Tibi
439 1370 569 1425 unquam
581 1355 616 1410 de
631 1353 683 1409 tali
696 1353 799 1411 vellem
814 1354 931 1411 obedire
985 1353 1817 1428 noneroreversuruspraeeentiamdonecrcgulemAnlio·

106 1441 211 1509 officio,
229 1443 278 1498 sed
294 1442 467 1515 priusquam
484 1459 529 1498 me
544 1447 594 1498 tuo
610 1459 716 1517 arguas
730 1443 860 1512 stimulo,
877 1443 931 1500 hoc
985 1443 1093 1510 chiam,
1110 1459 1227 1500 omnem
1240 1442 1365 1516 Syriam,
1382 1442 1442 1499 sive
1456 1443 1630 1500 Romaniam
1641 1448 1731 1517 atquo
1747 1445 1815 1503 Bul-

105 1531 210 1586 taciem
226 1549 259 1587 eo
274 1536 373 1587 tenore
397 1532 515 1604 quodsi
539 1532 641 1588 Franci
660 1533 799 1604 eiecerint
819 1550 870 1590 vos
895 1534 932 1590 de
985 1533 1108 1606 goriam,
1124 1533 1257 1605 usquein
1273 1531 1407 1604 Apuliam
1424 1530 1587 1605 acquisiero
1598 1534 1818 1592 meafortidexo

106 1620 222 1676 mortali
238 1620 347 1693 prelio,
364 1620 406 1677 eis
416 1620 554 1678 continuo
569 1621 622 1678 hoc
633 1622 752 1679 reddam
764 1627 902 1680 oestrum.
917 1645 931 1672 a
985 1625 1056 1691 tera,
1073 1622 1109 1677 ad
1120 1622 1241 1678 deorum
1254 1622 1408 1687 honorem,
1425 1625 1605 1693 etvcstrum,
1621 1624 1817 1698 omniumque

106 1709 241 1782 Dixitque
254 1710 399 1766 Curbalan
412 1727 418 1764 ε
437 1733 452 1761 «
462 1711 534 1767 ‘l'arn
546 1711 701 1768 honestum
714 1716 744 1768 et
758 1713 929 1785 prudentem
945 1746 971 1813 B
986 1715 1152 1767 nostrorum
1168 1712 1358 1768 Tuscorum.»
1369 1709 1416 1766 Sic
1426 1710 1525 1783 itaque
1537 1710 1602 1767 iecit
1613 1712 1702 1769 linem
1712 1712 1811 1773 dieta.

105 1802 133 1855 te
149 1815 301 1872 cognosco,
320 1804 352 1855 ut
366 1817 453 1856 omne
468 1800 614 1872 quidquid
629 1801 698 1857 boui
721 1801 765 1858 vis
780 1818 864 1876 agore
879 1791 945 1876 ego¹
989 1801 1082 1856 Mater
1096 1805 1194 1858 autem
1210 1801 1342 1872 ejusdem
1358 1799 1501 1856 Curbalan
1526 1817 1590 1873 quaa
1604 1806 1665 1858 crat
1679 1802 1710 1859 in
1722 1801 1814 1877 Alcph

76 1927 79 1932 -
106 1889 209 1962 utique
225 1890 386 1946 consentio.
405 1913 418 1939 υ
436 1890 580 1947 Reversus
594 1895 639 1947 est
650 1890 749 1963 itaque
763 1892 935 1948 festinanter
989 1889 1114 1956 civitate,
1130 1890 1229 1947 statim
1245 1890 1369 1947 accessit
1384 1889 1408 1946 ei
1425 1888 1663 1962 lacrymabiliter,
1679 1895 1709 1948 et
1722 1892 1814 1949 dixit:
1835 1941 1839 1947 .

107 1976 253 2034 Carbulan
274 1979 309 2034 ad
326 1996 414 2035 suum
436 1979 596 2036 exercitum
612 1980 642 2035 in
657 1980 731 2037 valle
747 1981 858 2039 illaubi
873 1987 935 2039 orat
989 2001 1003 2030 a
1019 1978 1083 2048 Fili,
1100 1984 1207 2036 suntne
1229 1997 1297 2035 vera
1322 1996 1357 2036 ea
1382 1996 1445 2051 qua
1469 1978 1575 2035 audio?
1595 2002 1611 2031 »
1625 1979 1677 2035 Cui
1692 1979 1741 2039 ille
1752 1982 1813 2039 ait:

107 2071 341 2124 castrametatus.
351 2067 935 2128 ProtinusturcideludenteaFraneorum
989 2090 1004 2118 a
1021 2069 1109 2135 Qua?
1126 2092 1140 2119 n
1155 2070 1191 2124 llt
1205 2068 1278 2125 dixit
1298 2067 1368 2124 illa:
1384 2091 1399 2118 «
1414 2069 1480 2124 lam
1497 2067 1593 2123 audivi
1609 2070 1688 2141 quod
1702 2070 1815 2129 bellum

107 2155 276 2229 collegium,
299 2156 467 2213 detulerunt
487 2162 554 2214 ante
576 2157 719 2215 Curbalau
745 2164 935 2233 conspectum
988 2159 1032 2214 vis
1060 2160 1242 2215 committere
1263 2174 1330 2214 oum
1350 2158 1528 2214 Francorum
1547 2162 1642 2230 gente.
1661 2181 1672 2208 ι
1694 2160 1747 2216 (tui
1765 2160 1815 2219 illc

107 2246 267 2316 quamdam
282 2245 455 2302 vilissimam
465 2263 565 2303 ensem
578 2248 712 2321 rubigine
724 2252 843 2318 tectam,
855 2250 937 2306 etde·
989 2248 1043 2306 ait:
1059 2272 1072 2299 «
1085 2247 1293 2305 Verumtamen
1304 2263 1404 2303 verum
1420 2247 1474 2303 hoc
1488 2263 1552 2304 esse
1568 2248 1814 2307 omniaomina.»

39 2400 41 2406 Α
108 2333 273 2401 terrimum‚
288 2334 371 2392 valde
387 2351 487 2392 arcum
504 2335 645 2410 ligneum,
657 2342 686 2393 et
698 2336 829 2394 lanceam
846 2336 935 2394 nimis
989 2336 1066 2393 Dixit
1081 2336 1149 2393 illa:
1168 2359 1183 2388 «
1198 2341 1359 2406 contestor,
1377 2335 1426 2403 fili,
1445 2351 1497 2409 per
1511 2336 1631 2393 deorum
1643 2337 1774 2408 nomina,
1785 2345 1815 2397 et

104 2418 255 2490 inutilem,
265 2424 541 2496 quamabstulerunt
554 2442 648 2498 nuper
661 2427 840 2500 pauperibus
851 2443 933 2500 pere·
989 2443 1040 2498 per
1049 2430 1131 2482 tuam
1143 2443 1279 2499 magnam
1292 2426 1443 2482 audaciam
1455 2423 1691 2499 immensamque
1701 2427 1815 2485 bonita-

106 2511 199 2585 grinis
210 2513 375 2570 dicentes«
393 2515 465 2570 Ecce
482 2532 573 2582 arma,
587 2532 650 2587 quae
661 2515 821 2573 attulerunt
832 2518 934 2574 Franci
989 2521 1058 2583 tem,
1076 2533 1111 2573 ne
1124 2515 1233 2572 bellum
1250 2514 1338 2571 simul
1359 2531 1426 2571 eum
1443 2515 1562 2570 Francis
1576 2516 1759 2574 committere
1777 2517 1812 2573 li-

106 2601 219 2657 obviam
237 2602 321 2659 nobis
336 2603 371 2659 ad
389 2621 526 2676 pugnaui.
548 2628 561 2656 a
574 2605 654 2660 Tunc
672 2605 817 2662 Curbalan
833 2607 934 2666 videns
987 2605 1063 2673 boat,
1081 2606 1220 2678 quoniam
1236 2610 1267 2660 tu
1284 2623 1314 2661 es
1331 2604 1414 2661 miles
1436 2603 1572 2671 invictus,
1588 2609 1616 2660 et
1629 2604 1739 2662 nullam
1756 2607 1813 2664 im-

105 2690 166 2746 haec
182 2708 274 2758 arma,
291 2694 376 2764 eoepit
399 2692 550 2748 subridere
578 2693 606 2749 in
624 2694 789 2767 propatulo,
809 2696 932 2755 dicendo
986 2694 1172 2767 prudentiam
1183 2699 1256 2751 ente
1271 2699 1322 2750 aut
1338 2699 1388 2750 tuo
1404 2694 1531 2749 exercitu
1548 2710 1677 2765 unquam
1693 2695 1812 2767 penitus

106 2778 244 2837 omnibus
260 2781 309 2854 qui
325 2781 354 2836 in
371 2780 419 2836 illo
434 2787 516 2838 eraut
527 2781 648 2856 collegio
660 2800 686 2837 t«
699 2783 840 2841 Haeesunt
851 2803 933 2843 arma
986 2783 1094 2848 audivi,
1108 2789 1176 2840 otte
1191 2801 1206 2840 a
1223 2800 1326 2856 eampo
1343 2784 1378 2839 ab
1403 2781 1501 2854 aliquo
1526 2781 1632 2838 victore
1649 2782 1809 2857 lugientem

108 2868 212 2924 bellica
228 2874 314 2943 atquc
325 2871 418 2925 nitida
428 2888 490 2944 quae
504 2870 666 2927 attulerunt
678 2872 832 2929 Christiani
844 2893 932 2948 super
985 2872 1141 2946 quisquam
1157 2873 1278 2928 minime
1293 2872 1411 2928 invenit.
1425 2872 1579 2927 Diffamata
1589 2877 1634 2927 est
1644 2876 1695 2928 tua
1707 2873 1812 2930 militia

109 2975 163 3015 nos
179 2960 208 3014 in
224 2959 333 3030 Asiam,
350 2961 405 3016 orti
430 2961 460 3015 in
482 2960 652 3017 occidentali
673 2966 760 3030 terra,
777 2964 887 3021 scilicet
900 2965 929 3021 in
984 2962 1021 3018 ab
1036 2964 1249 3036 orientousque
1261 2964 1290 3019 in
1302 2961 1492 3026 occidentem,
1503 2966 1530 3017 et
1541 2978 1643 3018 omnes
1653 2961 1811 3034 prudentes

108 3048 930 3126 Europaquaeestmundiparetertia,quibusputantes
987 3052 1094 3108 milites
1120 3053 1219 3108 audito
1244 3056 1294 3108 tuo
1322 3050 1440 3107 nomine
1463 3049 1702 3106 contremiseunt.
1732 3051 1810 3108 Satis

106 3138 258 3194 confidunt
268 3157 320 3195 nos
332 3137 472 3210 expellere
482 3142 512 3196 et
522 3139 692 3213 propulsare
707 3140 783 3198 ultra
794 3144 931 3202 Corosuni
947 3120 969 3189 (l
987 3158 1112 3215 namquo
1128 3141 1248 3210 scimus,
1266 3141 1316 3209 illi,
1333 3139 1472 3213 quoniam
1487 3143 1519 3196 tu
1535 3154 1566 3194 es
1582 3138 1766 3212 bellipotens,
1780 3147 1812 3197 ct

108 3227 243 3294 confinia,
257 3233 285 3284 et
299 3227 393 3284 delore
408 3227 507 3284 omnia
518 3233 617 3285 nostra
633 3231 751 3286 nomina
763 3230 932 3291 ultraArna-
986 3231 1078 3300 sortis,
1095 3236 1123 3288 et
1137 3230 1280 3288 bellorum
1297 3229 1477 3303 ingeniosus,
1493 3227 1632 3300 nullaque
1648 3243 1720 3301 gens
1730 3229 1810 3285 Chri·

108 3316 192 3372 sonia
206 3317 338 3385 flumina,
356 3317 404 3390 qui
421 3316 630 3389 propulserunt
645 3336 746 3376 omues
757 3326 872 3379 nostroe
884 3341 931 3397 pn·
984 3320 1146 3376 stianorum
1162 3337 1215 3376 nec
1230 3335 1411 3393 paganorum
1428 3322 1494 3373 ente
1517 3320 1602 3372 tuum
1618 3323 1808 3391 conspectum

106 3411 203 3462 rentes
219 3423 236 3461 a
252 3407 394 3462 Romania
407 3412 436 3462 et
451 3405 606 3462 Antiochia
626 3408 741 3466 civitate
756 3409 845 3484 regia,
865 3429 930 3485 quae
983 3409 1112 3483 aliquem
1129 3410 1263 3464 virtutem
1279 3408 1387 3464 habere
1402 3406 1566 3480 potuitsed
1580 3406 1741 3479 fugiebant,
1757 3425 1805 3464 so-

106 3493 277 3550 honorabile
292 3501 336 3551 est
350 3499 437 3566 caput
451 3494 542 3551 totius
552 3496 651 3569 Syria.
664 3519 677 3546 u
693 3499 835 3556 continuo
845 3502 929 3559 advo·
983 3497 1134 3555 lummcdo
1150 3498 1249 3553 audito
1263 3502 1314 3553 tuo
1329 3496 1459 3561 nomine,
1477 3495 1725 3568 quemadmodum
1738 3513 1810 3553 ovas

106 3583 277 3639 cavitsuum
294 3582 408 3639 fidelem
421 3583 566 3640 notarium
582 3584 618 3640 ad
634 3602 675 3654 se,
692 3590 721 3642 et
735 3587 793 3644 ait:
982 3593 1049 3645 anto
1064 3588 1156 3644 leonis
1176 3588 1301 3644 turonem
1326 3586 1452 3659 lugiunt.
1476 3584 1600 3657 Ideoque
1624 3584 1743 3641 obsecro
1766 3589 1807 3652 te,

104 3691 154 3746 [ἧς
167 3692 244 3746 misit
264 3690 402 3746 Carbula„
420 3691 538 3746 Sonam,
560 3693 666 3749 persi&
688 3696 825 3767 epistota&
852 3707 878 3754 e,
892 3699 927 3756 ad
981 3677 1153 3733 charissime
1168 3694 1201 3732 ac
1217 3675 1407 3731 dilectissime
1426 3673 1477 3742 tili,
1494 3677 1526 3728 ut
1545 3673 1619 3728 mois
1634 3673 1808 3746 acquiescas

341 3762 519 3834 apostolicum
534 3762 685 3835 Coliphom.
980 3763 1120 3832 consiliis,
1137 3768 1166 3822 ct
1180 3781 1216 3821 ne
1230 3781 1360 3837 unquam
1385 3762 1414 3818 in
1428 3767 1479 3818 tuo
1494 3761 1608 3818 haesitet
1628 3761 1738 3829 animo,
1754 3768 1808 3818 aut

95 3908 97 3913 ,
138 3850 176 3921 (9)
188 3851 363 3924 Scribeergo
377 3849 541 3922 eitoplures
553 3851 678 3923 chartas,
692 3870 755 3925 que
768 3854 797 3922 in
809 3859 926 3915 Cocosa-
978 3854 1007 3910 in
1022 3859 1071 3910 tuo
1092 3854 1257 3910 inveniatur
1281 3851 1413 3918 oonsilio,
1433 3851 1511 3924 quod
1536 3850 1655 3918 bellum,
1676 3849 1806 3922 incipere

102 3957 172 3995 num
189 3939 394 4012 sintlcgondn,
408 3939 558 3995 hocmodo
571 3957 577 3994 :
592 3940 736 4013 «Caliphre
749 3949 847 4001 nostro
858 3964 925 4020 apo-
977 3944 1049 4000 velie
1064 3942 1152 3999 simul
1179 3958 1246 3999 cum
1270 3941 1503 3998 Christianorum
1528 3937 1659 4012 collegio.
1684 3962 1698 3989 «
1721 3939 1805 3996 Tune

100 4028 214 4097 statice,
230 4032 259 4085 et
277 4032 377 4085 nostro
391 4028 452 4102 regi
476 4028 595 4085 domino
611 4029 747 4100 Soldano,
765 4033 850 4090 militi
865 4036 923 4092 ior
977 4033 1259 4090 Curbalanmaterna
1270 4027 1614 4095 audiensmonita,ieroci
1625 4028 1806 4101 quandoque

100 4117 225 4185 tissime,
251 4122 337 4190 atque
361 4118 498 4174 omnibus
523 4119 762 4191 prudentissimis
786 4126 923 4181 Corosani
977 4122 1125 4195 respondit
1151 4137 1305 4178 sermone:
1323 4143 1337 4171 α
1353 4117 1425 4184 Quid
1442 4122 1487 4173 ost
1508 4117 1573 4185 hcc,
1599 4121 1701 4183 mater,
1723 4117 1803 4189 quod

100 4205 254 4273 militibus,
278 4206 358 4263 salns
369 4211 397 4263 et
408 4207 571 4263 immensus
586 4207 688 4264 honor.
701 4209 778 4267 Satis
794 4212 853 4269 sint
864 4213 921 4271 lati
977 4210 1049 4268 mihi
1065 4210 1177 4266 reters‘l
1192 4210 1263 4266 Puto
1280 4223 1408 4282 namque
1422 4206 1498 4279 quod
1520 4205 1642 4271 insonis,
1659 4210 1711 4261 aut
1726 4205 1804 4262 iuria

101 4300 128 4351 et
144 4295 235 4369 gavisi
242 4296 373 4367 J'oeunda
387 4296 551 4365 concordia,
568 4301 596 4352 ot
616 4297 799 4356 satisfaciant
813 4304 921 4360 ventri·
975 4317 1006 4357 es
1021 4300 1117 4374 plena.
1129 4299 1282 4355 Enimvero
1298 4297 1365 4370 plus
1377 4295 1562 4352 solummodo
1576 4293 1669 4350 habeo
1684 4309 1803 4351 mecum

101 4386 166 4452 bus,
183 4385 362 4441 voluntatem
378 4386 532 4458 imperent,
549 4392 577 4441 et
587 4388 783 4446 sermocinent
793 4408 845 4464 per
860 4394 922 4450 uni·
975 4388 1164 4446 Ammiralios
1179 4403 1268 4460 quarn
1284 4386 1372 4442 iidem
1397 4382 1553 4440 Christiani
1575 4387 1655 4450 sunt,
1672 4383 1809 4454 maiores

100 4491 214 4530 versam
230 4475 377 4548 regionem
402 4474 495 4541 illam,
520 4479 548 4531 et
572 4477 692 4533 omnino
717 4479 787 4534 dent
808 4497 871 4537 sese
886 4484 921 4539 ad
937 4493 960 4558 ῃ
976 4479 1036 4534 aive
1051 4478 1189 4533 minores.
1215 4497 1229 4525 a
1255 4474 1474 4546 Responditque
1488 4472 1514 4528 ei
1530 4475 1625 4527 muter
1646 4471 1710 4541 ejus
1722 4488 1730 4526 :
1743 4493 1757 4521 u
1777 4472 1801 4528 0

100 4562 292 4637 petulantiam
317 4563 448 4635 luxuriae,
474 4569 571 4619 utrum
588 4563 696 4620 multos
721 4566 796 4622 tilios
808 4573 923 4640 patrare
977 4565 1146 4623 dulcissime
1163 4564 1214 4632 tili,
1238 4562 1393 4619 Christiani
1410 4565 1561 4633 nequount
1576 4560 1728 4616 vobiscum
1743 4560 1804 4616 bel-

99 4654 363 4726 congaudeant,qui
380 4658 480 4710 eontra
495 4652 675 4709 Christianos
690 4653 797 4711 bellare
812 4657 924 4715 sortiter
975 4655 1045 4712 lare.
1062 4656 1121 4712 Hoc
1135 4654 1212 4710 euim
1228 4653 1287 4710 scio
1302 4651 1374 4708 satis
1388 4651 1465 4724 quod
1481 4649 1538 4723 ipsi
1553 4666 1611 4705 non
1634 4648 1731 4705 valent
1745 4665 1806 4722 pum

99 4742 282 4816 prevaleant,
307 4747 336 4798 et
355 4742 479 4798 libenter
502 4742 665 4815 suscipiant
682 4742 813 4801 bactria
828 4763 920 4818 arma,
975 4761 1064 4819 guam
1079 4745 1185 4800 interra
1201 4742 1362 4809 vobiscum,
1377 4741 1427 4797 sed
1451 4755 1552 4795 eorum
1569 4741 1645 4795 Deus
1659 4753 1711 4809 pro
1725 4736 1801 4810 ipsis

98 4850 161 4905 qua
176 4832 431 4889 olimabstulimus
442 4849 458 4884 a
468 4832 642 4887 Francorum
652 4835 759 4900 turma,
769 4836 924 4894 etdiseant
975 4833 1106 4906 quotidie
1132 4835 1253 4905 pugnet,
1279 4846 1387 4903 eosque
1409 4829 1458 4884 die
1472 4833 1618 4899 noctuque
1632 4843 1687 4882 aua
1701 4831 1800 4898 prote-

98 4923 184 4977 modo
195 4939 256 4994 que
266 4938 348 4976 arma
358 4920 480 4976 adduxit
491 4937 579 4993 super
589 4936 720 4993 nosgeus
732 4923 920 4998 lhancigena,
975 4923 1071 4979 ctione
1081 4918 1219 4989 defendit,
1231 4918 1464 4993 etvigilatsupcr
1474 4933 1534 4984 eos,
1547 4915 1627 4973 sicut
1637 4915 1800 4988 pastorqui

96 5010 223 5082 qualiter
237 5013 308 5063 sunt
323 5009 434 5081 optima
458 5013 546 5080 atque
561 5009 696 5081 perlecto.
714 5013 791 5068 Heu!
809 5019 919 5070 certare
974 5011 1075 5084 vigilat
1090 5026 1179 5084 super
1200 5024 1317 5082 gregem
1342 5023 1440 5074 suurn,
1468 5010 1497 5063 et
1516 5022 1573 5062 nou
1589 5003 1733 5078 permittit
1747 5020 1799 5060 eos

96 5097 188 5155 voluit
202 5100 516 5166 eontranostraarma,
529 5104 673 5168 quaesunt
685 5098 730 5155 bis
744 5105 794 5155 aut
805 5106 849 5158 ter
859 5103 919 5160 sive
972 5100 1037 5157 hedi
1052 5100 1125 5173 ipse,
1141 5115 1193 5155 nec
1209 5095 1377 5154 conturbari
1390 5096 1426 5151 ab
1443 5094 1502 5151 uila
1514 5098 1611 5168 gente,
1627 5098 1656 5149 et
1671 5091 1798 5165 quicun-

95 5193 199 5261 qunter
213 5189 336 5258 purgata
351 5185 426 5240 sieut
441 5190 604 5256 argentum,
619 5191 669 5242 aut
684 5204 787 5244 aarum
799 5191 919 5262 purissi-
972 5206 1029 5261 que
1044 5188 1183 5246 voluisset
1194 5185 1396 5252 eisobsietere,
1407 5183 1484 5239 idem
1496 5198 1596 5238 corum
1608 5182 1685 5238 Deus
1695 5182 1796 5237 atatim

95 5292 187 5330 muru.
206 5273 303 5329 Adhuc
319 5290 435 5345 quoqne
459 5273 554 5328 sciant
578 5292 677 5332 smoes
702 5278 840 5349 quoniam
864 5296 917 5352 ego
972 5279 1127 5333 conturbat
1141 5277 1216 5342 illos,
1235 5276 1311 5330 siout
1325 5275 1402 5330 idem
1414 5272 1454 5328 ait
1469 5288 1520 5344 per
1534 5288 1567 5326 cs
1582 5269 1730 5344 propheta
1744 5273 1798 5325 Da·

93 5380 196 5420 omnes
212 5361 425 5419 Francosinuua
437 5363 622 5420 Antiochiam
634 5365 726 5422 habeo
740 5365 918 5438 inclusos,et
971 5368 1016 5424 vid
1031 5369 1150 5439 :Diasipu
1174 5373 1264 5437 peotes
1279 5378 1342 5437 quoe
1366 5377 1466 5419 nomon
1479 5369 1567 5430 taam,
1593 5361 1715 5424 Fontine,
1740 5374 1797 5416 aon

128 5542 167 5614 (9)
183 5541 324 5601 bobertus
340 5560 431 5612 mon,
447 5542 498 5601 lib.
515 5560 553 5614 vr,
570 5559 598 5616 p.
614 5543 649 5599 57
664 5546 693 5601 et
707 5561 769 5617 seq.
