3816 6006
94 228 134 285 oo
759 221 852 283 Vl'l'A
875 223 907 283 S.
930 221 1142 286 swtrnUNt.
1489 228 1492 233 ’
1764 229 1804 293 66

96 361 204 416 dantes
227 356 399 414 Dominum.
424 354 482 413 Nec
502 353 594 411 multo
608 357 675 427 post
687 359 874 411 accesserunt
888 354 924 410 ad
940 355 964 422 Α
981 357 1099 429 quando
1115 360 1228 429 quater,
1245 355 1402 430 aliquando
1417 360 1470 413 ter.
1486 361 1515 414 et
1525 359 1805 433 suaderecoeperunt

98 447 239 505 eumdem
256 450 394 503 sanctum
408 442 927 518 exdiversisrlnglorumetSauonum
983 445 1804 522 caterispraverelinquerequodimparatumlueratpic
1840 487 1845 497 ·

98 537 211 596 finibus
226 539 347 593 eentum
364 535 468 608 viginti
483 537 610 606 quatuor
625 533 745 601 infirmi,
761 532 930 606 multiplici·
983 533 1041 589 illis
1057 553 1073 589 a
1088 552 1141 590 suo
1158 536 1290 608 praesule.
1307 537 1388 602 Quod
1404 537 1475 591 dum
1492 536 1807 611 incauteloretpraeter·

98 629 156 683 bns
172 624 338 683 constructi
354 622 567 697 languoribus.
584 622 615 678 bi
630 622 755 679 homnes
769 623 929 696 persancti
983 622 1108 679 missum
1125 641 1176 696 per
1190 624 1376 681 intervallum
1391 625 1558 696 quindecim
1576 625 1699 694 dicrum,
1716 643 1806 700 appa·

98 715 238 790 presulis
251 713 390 772 meritum
401 711 929 785 avariisegritudinibuslleovelonte
984 712 1042 768 ruit
1057 713 1119 786 ipse
1135 718 1254 770 sanctus
1270 714 1447 771 swithunus
1461 715 1578 770 cuidam
1595 714 1672 770 fideli
1686 715 1807 789 viroper

98 804 198 862 curati
218 804 248 860 in
274 804 401 860 ducrum
424 801 602 858 revolutione
622 800 884 868 hebdomadarum,
901 805 930 857 et
984 801 1144 870 somnium,
1161 801 1260 859 dicens
1276 803 1312 858 ad
1329 819 1395 860 eum
1409 820 1416 859 ι
1432 803 1512 859 Vade
1534 803 1570 859 ad
1594 806 1806 863 monasterium

98 895 308 952 benedicentes
323 891 448 948 Domino
462 891 570 948 reversi
579 888 859 947 suntincolumcsad
867 907 931 963 pro-
983 894 1077 960 vetus,
1103 894 1131 946 et
1155 891 1202 947 dic
1227 892 1367 948 fratribus
1392 893 1469 966 quod
1482 892 1674 967 omnipotenti
1689 900 1747 951 Deo
1762 895 1806 951 ni-

99 983 177 1058 pria,
195 983 247 1057 qui
262 982 375 1039 debiles
389 984 594 1038 convenerant.
611 980 741 1037 (locatus
757 983 801 1037 est
813 996 929 1053 quoque
985 979 1078 1035 mium
1094 978 1229 1051 displicet
1243 981 1437 1038 murmuratio
1454 998 1566 1050 eornm,
1582 984 1721 1055 quoniam
1734 1002 1806 1057 quo-

101 1072 227 1146 quinam
242 1069 287 1127 vir
299 1070 331 1126 in
347 1069 460 1126 litania
475 1069 585 1142 Maiore
600 1084 690 1124 causa
704 1067 865 1123 latrocinii:
878 1067 929 1122 sed
985 1067 1055 1124 tidie
1072 1066 1216 1124 miracula
1230 1069 1322 1124 multa
1336 1087 1434 1127 eoram
1447 1069 1506 1127 illis
1522 1069 1601 1139 lacit,
1618 1075 1647 1128 et
1661 1072 1718 1146 ipsi
1745 1078 1806 1130 tam

101 1162 154 1234 qni
171 1163 315 1219 innocens
329 1163 455 1216 cecatus
470 1162 544 1228 erat,
558 1156 682 1215 venitin
696 1155 859 1231 Epiphania
876 1161 930 1212 Do·
985 1157 1094 1229 injuste
1109 1160 1209 1230 agunt,
1226 1159 1304 1230 quod
1321 1158 1347 1214 ei
1362 1175 1419 1215 non
1436 1160 1566 1215 referunt
1581 1159 1694 1227 laudes,
1704 1162 1807 1218 sedea-

102 1250 179 1308 mini
194 1250 232 1307 ad
247 1249 342 1307 sancti
355 1247 505 1306 Soithuni
519 1245 821 1319 mausoleum‚preces
835 1243 932 1302 bumi-
986 1247 1167 1303 ducastudia
1175 1247 1282 1304 divinis
1290 1247 1428 1321 operibus
1436 1254 1620 1322 praeponunt.
1629 1250 1710 1306 Addo
1719 1251 1807 1308 etiam

101 1341 172 1397 liter
197 1339 362 1397 affundens.
387 1338 424 1395 lit
447 1337 523 1394 oculi
540 1337 615 1409 ejus,
631 1335 682 1409 qui
697 1339 781 1392 erant
795 1335 870 1391 forro
882 1351 930 1392 ex·
986 1336 1021 1393 ad
1039 1336 1099 1392 haeo
1115 1339 1191 1410 quod
1201 1336 1397 1395 sialandibus
1406 1338 1594 1404 cessaverint,
1604 1339 1808 1412 protinnsees·

103 1429 218 1495 stinoti,
232 1433 262 1485 et
274 1424 932 1496 omninoevulsi,illuminatisunt.1ttbabobat
986 1426 1094 1481 sabont
1109 1425 1257 1499 magnalia
1272 1426 1342 1495 Dei3
1360 1427 1465 1483 sivero
1481 1444 1539 1483 non
1554 1428 1689 1485 desinent
1699 1428 1808 1502 glorill-

103 1517 317 1592 posteaclsros
332 1515 433 1573 oculos
448 1515 672 1588 omnitempore
685 1515 751 1571 vita
766 1516 930 1588 sumbrgo,
986 1532 1052 1570 cere
1068 1515 1171 1582 Deum,
1187 1519 1230 1572 tot
1245 1515 1391 1572 mirabilia
1405 1517 1514 1574 ibidem
1530 1517 1616 1574 saciet
1631 1522 1733 1590 quota
1759 1535 1808 1576 ns·

104 1609 177 1681 quia
191 1610 299 1663 cuncta
312 1603 465 1673 miracula,
482 1621 546 1677 que
563 1605 706 1661 Dominus
722 1621 774 1677 per
794 1607 931 1661 sanetum
987 1603 1065 1660 mine
1080 1604 1192 1661 vivente
1209 1606 1399 1662 recordantur
1413 1607 1529 1679 uspiam
1544 1611 1670 1680 peracta.
1685 1607 1809 1665 Virvere

104 1696 297 1753 Suithunnm
312 1694 451 1768 dignatus
466 1697 510 1750 est
524 1693 649 1767 operari,
663 1709 849 1765 nequaqnam
862 1710 930 1749 enu-
988 1693 1126 1765 praelatus
1140 1698 1206 1766 post
1221 1694 1315 1750 sancti
1330 1695 1523 1752 recessionem
1539 1695 1691 1769 evigilans,
1704 1698 1740 1753 ad
1749 1697 1810 1770 epl-

103 1801 219 1841 merare
232 1783 375 1852 valemus,
393 1798 530 1855 rogemus
546 1782 644 1855 ipsum
659 1785 796 1838 sanctum
821 1799 930 1854 praesn-
988 1798 1110 1854 scopum
1125 1782 1345 1840 atbelwoldum
1362 1783 1528 1851 festinabat,
1544 1789 1573 1841 et
1587 1785 1642 1858 ipsi
1665 1784 1811 1842 intimavit

102 1875 174 1942 lem,
202 1878 349 1947 quatenus
375 1872 541 1928 animarum
558 1876 725 1927 nostrarum
741 1869 933 1943 languoribus
988 1870 1165 1943 omniaque
1182 1877 1304 1930 sanetus
1319 1873 1370 1929 Dei
1385 1873 1589 1947 imperaverat.
1607 1873 1661 1939 Oui
1678 1891 1810 1930 comme-

104 1963 217 2018 mcderi
231 1962 380 2035 dignetur,
396 1978 449 2034 pro
465 1959 550 2017 nobis
565 1959 934 2033 apudllominuminterce·
988 1962 1037 2014 tes
1052 1959 1161 2028 animo,
1177 1978 1230 2016 cur
1245 1962 1348 2018 lintres
1364 1962 1811 2036 nonegisscntsecundumillius

104 2054 214 2118 dendo,
230 2068 298 2108 cum
314 2067 372 2123 qno
387 2067 441 2123 pro
456 2050 541 2106 bonis
556 2048 694 2122 operibus
708 2048 771 2104 sine
786 2048 844 2104 fine
865 2065 933 2121 per·
989 2052 1177 2120 preceptum,
1195 2067 1298 2106 rursus
1314 2052 1697 2108 mandavitmonnohiscum
1705 2069 1812 2127 magna

104 2159 226 2198 manere
242 2139 413 2214 promeruit.
432 2139 524 2212 lgitur
536 2140 606 2194 dum
623 2137 935 2212 tantasignaSulvator
989 2137 1227 2200 comminatione,
1243 2143 1277 2192 ut
1292 2140 1326 2194 ad
1344 2156 1445 2196 omnes
1461 2141 1613 2212 sanitates,
1630 2143 1813 2215 quaeadsan-

105 2226 935 2287 mundiadvenerabilisPatrisSwithunitumbamosten·
989 2226 1027 2281 cti
1043 2227 1174 2282 tumbam
1192 2227 1304 2294 fierent,
1321 2229 1397 2283 lacto
1405 2229 1499 2302 signo,
1511 2246 1613 2287 omncs
1622 2230 1711 2287 simul
1721 2233 1810 2288 adec-

105 2321 175 2376 dere
189 2318 378 2385 decrevisset,
394 2318 486 2374 beate
502 2316 648 2373 memoriae
664 2305 933 2388 Athel'woldusepi-
989 2315 1108 2371 elesiarii
1125 2322 1289 2389 pergerent,
1305 2322 1334 2372 et
1349 2322 1404 2372 Deo
1414 2317 1607 2390 omnipotenti
1618 2320 1811 2394 laudesbym·

105 2425 215 2482 scopus
231 2407 387 2480 imperavit
402 2406 542 2462 iratribus
557 2405 667 2462 ibidem
682 2404 934 2461 commorantibus
989 2403 1096 2459 nidiois
1110 2406 1232 2461 vocibus
1247 2412 1394 2463 canerent.
1411 2408 1493 2472 Quod
1509 2408 1549 2463 ita
1563 2408 1700 2482 deinceps
1714 2410 1812 2466 hacte-

105 2502 139 2552 nt
151 2493 934 2568 semperqusndoqnispiamegerpermcritumsancti
990 2511 1046 2548 nus
1062 2493 1249 2549 observatum
1266 2495 1443 2551 audivimus.
1460 2495 1511 2551 Cui
1525 2495 1618 2569 gloria
1632 2502 1659 2553 et
1673 2495 1738 2554 laus
1754 2499 1812 2554 Dee

105 2584 321 2641 Vrrimcdelam
330 2582 934 2656 reciperet,protinusomnesadecclesiam
990 2582 1195 2654 omnipotenti,
1211 2583 1261 2655 qui
1277 2583 1320 2638 sic
1336 2588 1471 2639 sanctum
1488 2601 1576 2639 sunm
1591 2583 1753 2658 glorificare
1769 2587 1813 2642 di-

104 2680 264 2749 pergerent
277 2678 306 2729 et
321 2671 933 2746 Deumhymnisetlaudibusglorificarent.
990 2676 1097 2744 gnatus
1122 2676 1175 2739 est,
1203 2671 1252 2746 qui
1277 2672 1347 2728 vivit
1365 2679 1394 2728 et
1409 2677 1510 2748 regnat
1524 2672 1555 2728 in
1571 2674 1677 2730 secula
1693 2673 1813 2732 saculo-

139 2766 187 2821 lO.
204 2763 318 2819 Accidit
332 2765 432 2818 antem
445 2765 481 2818 ut
504 2761 625 2834 quidam
648 2766 715 2835 post
738 2761 851 2834 aliquot
872 2762 935 2817 dies
991 2777 1066 2815 rum.
1083 2762 1186 2817 Amen.

105 2854 236 2927 graviter
249 2853 370 2917 ferrent,
383 2850 462 2924 qued
475 2850 671 2906 excitarentur
686 2867 737 2924 per
751 2854 866 2907 noctem
882 2847 952 2905 ali-'

529 3030 960 3172 artaldum
1013 3031 1412 3174 SWITUNI

448 3278 503 3341 Ea·
515 3278 730 3361 oequr'tisrrinia
743 3277 922 3341 membrano
938 3281 970 3342 in
984 3279 1047 3341 cod.
1064 3281 1175 3361 regalis
1191 3280 1302 3344 Suece’rc
1313 3300 1395 3342 oum.
1410 3281 1482 3342 769.

381 3481 497 3539 CAPUT
517 3480 672 3538 PRIMUM.
954 3485 976 3551 G
996 3482 1099 3552 curati,
1117 3482 1175 3538 Deo
1190 3481 1313 3549 favente,
1330 3482 1442 3539 meritis
1457 3483 1551 3539 saneti
1573 3487 1606 3540 ut
1630 3483 1717 3540 etiarn
1742 3483 1819 3540 inlrn

326 3576 398 3629 Pers
411 3574 504 3645 primo
514 3571 724 3628 miraculorum.
994 3571 1149 3628 basilicam
1165 3570 1211 3627 vix
1226 3565 1357 3644 qdinque
1372 3572 1573 3629 invenirentur
1587 3570 1729 3647 languidi.
1746 3574 1817 3639 Oua·

144 3661 172 3718 l.
190 3659 369 3734 Postquam
385 3646 565 3718 sanctissimi
581 3677 687 3734 corpus
703 3660 851 3733 pontilicis
864 3661 940 3718 infra
995 3666 1114 3734 propter
1128 3660 1217 3717 invidi
1234 3660 1350 3730 sileant,
1360 3661 1819 3735 acreprobi,quigloriosahujus

111 3749 278 3817 ecclesiam,
295 3749 373 3806 sicut
387 3750 572 3823 pradictum,
589 3753 634 3805 est
648 3749 790 3823 positum,
815 3746 942 3822 quatuor
995 3749 1088 3805 saneti
1106 3748 1249 3806 miracula
1263 3754 1314 3805 aut
1329 3755 1447 3823 negant,
1464 3754 1515 3806 aut
1535 3751 1612 3823 quod
1637 3767 1743 3824 negare
1766 3767 1819 3807 ne-

112 3839 192 3911 aegri,
217 3839 280 3895 sive
305 3839 445 3913 quinque,
472 3839 617 3895 medelam
639 3842 812 3911 receperunt
827 3837 862 3893 ad
876 3839 941 3911 ejus
995 3842 1100 3910 quant,
1112 3837 1142 3893 in
1159 3839 1312 3895 sinistram
1327 3843 1438 3912 partem
1454 3844 1580 3897 vertunt.
1596 3839 1819 3912 inereduliquo·

112 3925 265 3983 tumulum
289 3945 341 4001 per
364 3927 552 3984 intervallum
572 3927 664 3983 trium
680 3926 805 3983 dierum.
821 3926 941 4000 Expleto
996 3944 1052 4000 que
1077 3927 1166 3983 etiam
1193 3927 1228 3983 ad
1252 3931 1388 3983 sanctum
1414 3927 1461 3982 Dei
1483 3928 1627 3984 lemulum
1641 3928 1769 3994 veniant,
1787 3931 1821 3984 ut

114 4021 214 4072 autem
226 4016 338 4083 triduo,
349 4016 442 4073 ferme
452 4033 504 4089 per
515 4016 708 4072 interstitium
721 4016 852 4089 quinque
863 4032 942 4071 men·
996 4016 1139 4072 beneficia
1154 4016 1320 4072 Conditoris
1337 4020 1507 4089 agnoscant,
1524 4022 1552 4073 ct
1564 4017 1728 4073 Creatorem
1756 4017 1820 4073 lau·

115 4104 203 4172 sium,
220 4121 288 4160 raro
302 4104 359 4160 fuit
373 4105 472 4178 aliqua
486 4103 559 4173 dica,
576 4121 634 4176 qua
648 4103 677 4158 in
693 4103 825 4173 basilica,
842 4104 943 4178 inqua
997 4106 1076 4161 dent.
1093 4109 1275 4178 cognoscant
1291 4107 1347 4174 (58)
1363 4104 1489 4177 denique
1507 4104 1609 4163 fideles
1630 4105 1699 4178 quia
1722 4105 1820 4162 Domi·

117 4199 184 4248 sunt
199 4193 336 4267 reposita
351 4193 446 4250 sancti
460 4193 515 4248 viri
530 4191 669 4264 reliquiar,
685 4209 744 4249 non
769 4197 944 4249 sanarentur
997 4211 1053 4249 nus
1069 4199 1167 4250 noster
1183 4194 1269 4250 Jesus
1284 4193 1429 4259 Christus,
1447 4193 1497 4248 Dei
1513 4195 1693 4267 unigenitus,
1711 4194 1761 4266 qui
1791 4193 1821 4250 in

115 4281 260 4355 languidi,
276 4279 940 4355 quandoquepluressedecim,veloctodecim,
997 4283 1114 4338 exordio
1138 4282 1228 4353 hujus
1252 4282 1345 4337 aetatis
1368 4281 1480 4338 velatus
1505 4282 1613 4338 amictu
1639 4283 1745 4353 carnis,
1771 4299 1823 4357 per

116 4372 293 4443 quandoque
308 4387 376 4427 vero
391 4371 554 4444 pauciores,
571 4369 711 4443 quinque,
728 4367 856 4438 veltres,
873 4371 944 4427 cele·
998 4375 1091 4428 semet
1106 4387 1196 4427 caeos
1211 4370 1398 4438 illuminavit,
1423 4370 1538 4426 claudis
1563 4371 1692 4427 officium
1717 4373 1821 4428 ambu-

115 4458 242 4516 berrime
251 4459 340 4516 etiam
349 4464 472 4533 septem,
482 4463 556 4526 octo,
566 4458 676 4526 decem,
686 4458 945 4531 duodecim,quin·
997 4460 1077 4516 lendi
1092 4459 1226 4532 praebuit,
1242 4459 1340 4515 surdis
1354 4459 1489 4515 auditum
1501 4459 1638 4527 reddidit,
1648 4459 1822 4534 paralyticos

117 4548 222 4604 decim.
239 4547 376 4605 Vidimus
389 4547 456 4622 plus
472 4564 561 4622 quam
577 4547 719 4604 ducentos
734 4548 763 4602 in
780 4547 945 4604 decemdie·
998 4549 1119 4616 curavit,
1136 4553 1268 4605 mortuos
1284 4548 1449 4614 suscitavit,
1466 4565 1558 4621 supra
1572 4565 1652 4605 mare
1669 4549 1822 4606 siccisves·

117 4635 171 4692 bus
187 4653 240 4709 per
255 4637 395 4693 meritum
411 4636 506 4694 sancti
520 4639 646 4706 curatos,
663 4640 690 4692 et
705 4634 944 4705 ioannicirculo,
998 4638 1078 4711 tigiis
1094 4638 1270 4706 ambulavit;
1287 4638 1375 4705 idom,
1391 4636 1499 4694 nostris
1513 4637 1696 4708 temporibus
1712 4639 1747 4694 ad
1764 4637 1822 4694 cla-

118 4725 165 4796 qui
179 4729 283 4781 carent
293 4741 426 4783 nurnero.
999 4727 1170 4783 rideandam
1196 4744 1255 4782 sure
1280 4725 1444 4798 majestatis
1469 4725 1714 4798 omnipotentiam
1729 4730 1757 4783 et
1772 4726 1822 4781 ad-

150 4817 179 4870 2.
195 4813 334 4870 Vidimus
349 4814 437 4870 etiam
453 4814 532 4870 circa
547 4814 749 4887 prescriptum
763 4815 820 4885 (57)
841 4831 943 4870 mona·
1000 4816 1249 4872 manifestandum
1264 4814 1372 4888 egregii
1384 4815 1544 4871 sacerdotia
1554 4814 1825 4883 meritum,oonfert

119 4901 946 4977 stetimplatessadeorelentasutrobiqueturmisaegro·
1001 4904 1135 4960 sanitatis
1160 4904 1336 4959 beneficium
1362 4909 1537 4977 aegrotorum
1563 4903 1735 4978 corporibus
1766 4920 1824 4976 pra

120 4991 248 5046 tantium
272 4995 306 5047 ut
328 4991 476 5065 quispiam
497 4990 590 5050 viarm
604 4990 724 5049 dilllcile
738 4992 878 5065 reperiret
892 4992 947 5049 iter
1001 4991 1191 5048 multitudine
1206 4991 1483 5063 innumerabilibus,
1501 4998 1534 5050 ut
1546 4993 1636 5051 maris
1646 5011 1749 5061 arene,
1759 4992 1825 5065 qni·

120 5080 274 5153 gradiendi
289 5082 326 5138 cd
342 5082 453 5154 ipsum.
468 5081 523 5148 Oui
538 5085 607 5154 post
621 5080 733 5154 aliquot
748 5081 947 5150 dies,itasunt
1001 5081 1056 5136 bus
1071 5098 1129 5136 nen
1146 5085 1189 5136 est
1205 5097 1356 5137 numerus.

154 5242 213 5312 (57)
238 5243 269 5298 ld
295 5247 352 5313 est,
373 5243 548 5316 praedictcm,
569 5243 720 5314 praesotcm
736 5243 944 5299 monasteriam.
1036 5242 1091 5323 (538)
1107 5240 1276 5298 Consonant
1290 5239 1338 5297 hio
1354 5240 1391 5297 ali
1416 5246 1466 5298 uot
1481 5241 1593 5368 periodi
1610 5257 1677 5298 eum
1692 5256 1749 5296 ms.
1775 5239 1825 5296 lli·

120 5311 160 5368 lle
175 5329 234 5386 quo
248 5319 348 5398 actum
361 5331 426 5373 esse
440 5313 618 5399 supponitur
628 5313 945 5385 abauotorc,cujushio
1000 5317 1128 5440 gebeno,
1145 5312 1180 5394 de
1195 5328 1253 5384 quo
1267 5329 1367 5385 supra.
1409 5313 1456 5369 ide
1471 5314 1479 5369 i
1495 5313 1544 5396 lud
1561 5331 1578 5369 s
1593 5315 1841 5403 numemoctave*

120 5385 226 5441 damus
239 5385 395 5443 bistonum
409 5402 467 5442 non
483 5390 639 5458 integram,
661 5385 712 5441 sed
733 5385 943 5458 liogmentum,
1026 5385 1081 5439 nde
1096 5382 1216 5512 colhgas
1231 5400 1266 5440 ex
1278 5385 1380 5442 eodem
1394 5385 1571 5514 qrossuxrsse
1586 5386 1666 5441 lonte
1681 5387 1742 5441 tarn
1758 5383 1824 5457 hoc,

121 5456 376 5586 {qwnqqgilrlm
399 5457 479 5532 quod
501 5456 598 5532 capite
612 5471 664 5515 sen
679 5454 822 5532 principio
838 5471 871 5514 ac
886 5456 945 5515 dne
1000 5452 1077 5532 quod
1092 5454 1140 5514 bic
1176 5470 1272 5529 amus,
1289 5456 1466 5533 quamrlnd
1481 5455 1695 5534 apographum.
