3816 6006
138 251 199 318 813
397 252 449 314 AD
472 251 728 324 GODDDRlDUM
750 250 919 329 APPEND.
942 250 1208 318 11.-tt0ntttt.
1230 254 1281 316 Dii
1301 254 1426 319 anuto
1449 255 1587 318 steno.
1784 255 1847 319 tu

139 388 221 462 ginta
235 386 312 442 illico
336 386 509 442 invenerunt
531 385 571 441 ibi
587 388 707 454 Turnus,
723 385 812 440 trium
839 384 964 440 turrium
978 386 1008 455 Α
1022 388 1152 443 muudus
1167 387 1268 443 tandiu
1289 387 1368 443 illam
1395 389 1528 457 servavit,
1545 389 1635 444 donec
1658 404 1723 444 eam
1747 389 1846 446 nescio

141 477 288 544 custodes,
301 493 375 548 quos
398 477 576 531 oeciderunt.
589 477 670 531 Tunc
695 475 753 530 alta
772 491 840 530 voce
864 475 967 531 Franci
1022 493 1079 550 quo
1090 481 1192 533 eventu
1208 477 1345 550 perdidit.
1357 478 1441 534 Nunc
1452 483 1551 534 autem
1563 478 1599 533 ad
1610 478 1848 535 cateradimissa

140 583 242 622 omnes
259 565 348 621 simul
364 565 600 621 exclamaverunt
611 582 618 619 ε
631 565 709 620 Dans
723 581 777 619 noc
792 581 874 631 vona,
889 564 967 620 Dscs
1022 570 1158 623 revertar.

140 655 530 711 111111111Η11111111111111
547 653 663 727 signum
680 652 899 709 exclamationIs
916 671 967 709 111-
1082 723 1085 728 ,
1341 656 1455 712 CAPUT
1478 656 1525 713 Xl.

140 749 217 815 stria,
231 762 297 801 cum
314 743 424 817 aliquid
442 745 476 799 de
501 743 615 816 negotio
641 748 740 798 nostro
756 759 841 814 agere
856 742 967 798 voleha·
1057 744 1350 818 Cumqnehntiochia
1360 745 1463 802 civitas
1478 749 1563 818 capta
1573 746 1725 813 fuisset,ul
1735 747 1847 803 dictum

141 851 218 891 mus.
231 837 291 900 Quo
304 834 413 900 andito,
427 832 514 888 'furci
528 849 630 887 omues
641 831 826 887 vehementer
840 830 967 886 exterriti
1021 835 1216 907 est‚sequenti
1227 835 1274 890 die
1283 836 1444 891 'lurcorum
1454 834 1612 892 multitudo
1623 836 1849 893 innumerabilis

142 927 223 981 sunt.
233 926 345 979 Aurora
356 922 465 995 qnippe
476 921 651 987 albescente,
664 921 765 976 urbem
778 920 879 976 Franci
890 937 968 993 pror·
1022 923 1099 978 cirea
1109 925 1242 980 eamdem
1253 925 1355 979 urbem
1364 924 1546 980 obsidionem
1555 930 1765 997 opposuerunt.
1773 926 1847 982 fiam

142 1030 194 1070 sus
218 1012 358 1085 impetere
383 1013 543 1083 ceperunt.
565 1010 697 1081 Cumque
719 1009 805 1065 Ture-i
830 1009 968 1082 primitus
1022 1012 1227 1081 soltanus,rea
1245 1013 1355 1069 scilicet
1380 1014 1545 1080 Persarum,
1558 1015 1635 1070 unde
1654 1015 1718 1086 jam
1742 1032 1847 1087 parum

139 1100 279 1159 vexillum
304 1100 465 1156 Doernundi
488 1099 686 1155 rubicundum
699 1099 761 1170 jam
787 1098 816 1153 in
842 1098 967 1154 sublime
1022 1102 1159 1174 praefatus
1170 1119 1248 1170 suni,
1261 1102 1360 1158 habita
1375 1102 1518 1176 legatione
1534 1103 1613 1176 quod
1628 1103 1730 1159 Franci
1744 1103 1848 1160 Antio·

141 1190 293 1264 displicari
303 1190 477 1263 aspicerent,
489 1194 518 1245 et
527 1187 688 1244 tumultum
699 1192 814 1243 tantum
827 1191 914 1259 atque
927 1192 968 1243 tot
1022 1190 1118 1245 chiam
1134 1191 1317 1259 obsidebant,
1335 1192 1435 1247 statim
1455 1196 1540 1264 gente
1559 1189 1652 1247 multa
1671 1193 1847 1259 coadunata,

142 1281 282 1340 cornibus
293 1280 322 1335 in
335 1279 410 1334 muri
422 1278 503 1351 apice
520 1280 645 1334 Francos
661 1282 811 1345 sonare‚et
826 1295 877 1349 per
891 1276 968 1332 vicos
1022 1284 1123 1334 contra
1139 1281 1263 1337 Francos
1283 1281 1440 1336 exereitum
1465 1298 1552 1336 suum
1569 1280 1660 1336 misit.
1677 1282 1767 1354 Cujus
1792 1282 1848 1338 fuit

141 1376 171 1429 et
182 1388 283 1427 muros
298 1369 385 1425 nudis
400 1367 521 1424 ensibus
536 1385 585 1423 cos
598 1366 655 1422 late
670 1367 842 1434 discurrere,
854 1371 882 1422 11
896 1383 969 1439 gen·
1023 1367 1186 1442 Corbagath
1198 1370 1257 1425 dux
1268 1373 1296 1425 11
1307 1370 1479 1425 admiratus.
1492 1370 1526 1425 111
1537 1371 1655 1443 quidem
1668 1376 1734 1426 ante
1743 1371 1848 1427 urbem

142 1465 202 1524 tem
217 1477 302 1517 suam
316 1458 450 1515 ferociter
463 1457 612 1512 occidere:
628 1456 822 1528 obstupefacti
837 1455 929 1524 valde,
942 1460 970 1511 et
1022 1458 1167 1525 Edissam,
1182 1457 1232 1514 ubi
1247 1463 1317 1514 tunc
1334 1458 1495 1514 Dalduiuus
1510 1462 1581 1527 erat,
1599 1477 1648 1532 per
1663 1465 1722 1516 tres
1737 1458 1849 1516 hebdo-

142 1551 198 1607 hac
213 1556 242 1606 et
257 1549 323 1604 illac
339 1549 437 1622 fugere
453 1550 612 1619 eruperunt.
624 1547 664 1602 De
680 1545 787 1617 quibus
803 1544 886 1600 multi
902 1562 970 1600 mox
1023 1547 1126 1603 modas
1137 1547 1293 1604 stationem
1304 1549 1441 1615 fecerant,
1454 1550 1502 1604 sed
1516 1548 1587 1604 nibil
1601 1549 1639 1604 ibi
1651 1550 1848 1621 proficientes,

143 1639 232 1698 occisi
245 1640 372 1708 fuerunt,
381 1636 538 1711 pluresque
549 1637 562 1691 f
562 1635 686 1708 ugiendo
699 1635 726 1689 in
739 1639 879 1701 castrum,
891 1634 968 1707 qnod
1021 1636 1204 1692 Antiochiam
1221 1643 1458 1709 properaverunt,
1471 1638 1506 1693 nd
1529 1638 1760 1694 succurrendum
1777 1642 1848 1694 Gra·

144 1730 174 1787 in
188 1748 259 1803 rupe
269 1729 347 1785 celsa
355 1733 399 1785 est
410 1727 511 1792 situm,
524 1743 553 1781 se
567 1724 797 1781 intromiserunt.
809 1724 969 1780 Plebsvero
1023 1724 1228 1791 tiano.Quibus
1238 1726 1319 1792 visis,
1332 1743 1389 1782 non
1406 1726 1504 1783 minus
1518 1726 1603 1783 solito
1620 1727 1726 1783 iterum
1744 1727 1847 1785 Franci

145 1824 245 1877 nostra
256 1822 438 1890 cunctaque
450 1816 480 1871 in
494 1815 565 1870 vicis
576 1819 627 1870 aut
637 1814 775 1870 domibus
786 1815 969 1884 invenerunt,
1025 1813 1146 1871 desolati
1160 1820 1239 1871 sunt.
1253 1815 1370 1887 Propter
1393 1820 1511 1888 peccata
1525 1816 1604 1871 eninr
1627 1833 1680 1873 sna
1704 1834 1791 1889 poena
1805 1821 1850 1873 est

145 1911 336 1966 immoderate
345 1909 581 1978 assumpserunt.
592 1906 624 1959 111
635 1903 743 1959 milites
755 1903 908 1976 probitatis
919 1903 971 1958 mi·
1024 1902 1066 1958 eis
1078 1903 1235 1976 duplicata.
1249 1905 1321 1960 Nam
1334 1922 1400 1960 cum
1415 1904 1560 1962 civitatem
1571 1904 1695 1979 ingressi
1711 1906 1848 1973 fuissent,

144 1999 238 2056 littam
251 1999 417 2061 tenuerunt,
429 1996 539 2050 'furcos
551 1993 751 2064 persequendo
762 1997 790 2046 et
800 1993 966 2048 occidendo.
1025 1993 1177 2048 confestim
1187 2011 1254 2048 111111
1266 1994 1381 2050 feminis
1392 1994 1542 2067 exlegibus
1553 1996 1774 2050 concubuerunt
1783 1994 1848 2067 plu·

145 2090 227 2145 Tunc
242 2087 404 2142 admiratus
414 2082 583 2148 Antiochia,
595 2081 704 2137 scilieet
714 2082 880 2145 Gratianus,
892 2099 908 2135 a
921 2099 968 2135 111-
1025 2098 1071 2137 res
1086 2100 1119 2137 ex
1135 2084 1186 2137 eis.
1199 2084 1280 2138 'fune
1297 2083 1416 2156 insuper
1432 2084 1552 2155 ingressi
1566 2090 1636 2139 sunt
1652 2085 1753 2140 urbem
1770 2102 1848 2141 sexa·

146 2179 218 2234 alico
233 2176 360 2248 quodam
384 2172 519 2227 Armenio
545 2172 658 2243 fugiens
674 2170 835 2225 decollatus
850 2176 903 2226 est..
916 2171 969 2236 Qut
1024 2171 1105 2245 ginta
1121 2173 1177 2227 fere
1194 2172 1454 2228 nrillia'fnreorum
1472 2178 1665 2244 porcastrum
1682 2172 1848 2239 sublimen

146 2269 235 2339 caput
249 2263 412 2320 abscissum
431 2260 548 2317 Francis
564 2278 630 2315 mox
646 2258 743 2314 attulit
758 2260 832 2331 ejus.
1024 2266 1106 2334 parte
1122 2263 1203 2335 rupis
1217 2261 1314 2330 celsae;
1327 2263 1376 2334 qui
1391 2263 1847 2319 nostrosvehementissimeere·

474 2348 590 2405 CAPUT
610 2349 642 2405 X.
1025 2351 1085 2406 bris
1096 2350 1296 2408 invasionibus
1309 2355 1529 2407 coarctaverunt
1551 2352 1607 2408 Sed
1619 2368 1676 2408 non
1690 2352 1745 2407 fuit
1755 2369 1847 2415 mora.

182 2441 309 2515 Contigit
321 2443 592 2511 autem,postquam
604 2438 707 2494 civitas
718 2443 802 2511 capta
812 2444 890 2507 est,n
901 2456 972 2512 qno·
1024 2457 1129 2512 pavore
1144 2441 1273 2512 percussi
1288 2457 1404 2513 magno,
1417 2440 1494 2497 foras
1505 2441 1540 2497 ad
1552 2440 1734 2497 obsidionem
1749 2441 1849 2498 relicta

147 2527 485 2589 damhominclancearn
503 2544 590 2583 unum
605 2526 827 2599 inveniriquam
842 2527 970 2584 ineccle-
1024 2528 1096 2585 urhe
1117 2529 1373 2586 exieruntFranci
1401 2535 1501 2586 autem
1529 2529 1736 2599 inclusi,ultra
1759 2546 1848 2603 quam

146 2622 191 2679 sia
204 2619 281 2677 beati
297 2617 419 2692 apostoli
433 2617 507 2673 Petri
524 2617 603 2673 fossa
617 2617 707 2672 humo
724 2622 879 2689 repertam,
894 2634 971 2673 asse·
1024 2619 1102 2675 credi
1112 2625 1206 2692 potest
1215 2619 1740 2676 remanseruntonxii.lntereatamen
1747 2636 1848 2676 eorum

144 2711 263 2767 verabnt
277 2725 340 2764 esse
355 2707 437 2763 illam
453 2708 487 2762 do
503 2724 560 2779 qna
580 2706 729 2780 Longinus
752 2706 830 2762 latus
853 2707 968 2762 Domini
1025 2725 1083 2763 non
1100 2708 1253 2763 immemor
1268 2709 1344 2764 Deus
1360 2708 1494 2780 pluribus
1510 2725 1596 2780 sape,
1612 2708 1688 2782 quod
1704 2708 1791 2765 dietis
1806 2709 1847 2765 af-

145 2798 311 2872 perfornvit.
333 2798 432 2853 1111111
451 2796 529 2852 enim
545 2814 562 2851 a
577 2801 678 2852 sancto
701 2797 816 2852 hndrea
839 2796 969 2868 apostolo
1025 2797 1192 2864 flrmabant,
1205 2797 1349 2869 apparuit,
1362 2798 1411 2870 qui
1428 2798 1618 2854 confortando
1633 2815 1681 2854 eos
1697 2799 1847 2870 promitte·

145 2885 636 2946 revelatumhoccssesibivisioue
647 2891 675 2940 et
686 2885 845 2941 monitione
856 2887 892 2940 ab
906 2885 970 2958 ipso
1024 2887 1075 2943 bat
1090 2886 1231 2960 populum
1247 2888 1283 2942 ad
1299 2903 1428 2960 presens
1443 2887 1563 2944 victoria
1577 2889 1776 2960 gaudendum.

145 2977 276 3059 apostolo
293 2983 336 3032 ter
359 2975 401 3031 illi
430 2975 602 3044 facln,sodit
629 2976 730 3031 subter
757 2975 968 3047 pavimentum,
1339 2976 1453 3032 CAPUT
1472 2977 1532 3031 Xll.

145 3067 197 3124 ubi
212 3084 264 3140 per
278 3066 419 3122 visionem
434 3064 460 3120 ci
484 3068 680 3120 monstratum
697 3064 710 3118 f
711 3068 801 3129 uerat,
811 3067 840 3119 et
862 3064 971 3120 invenit
1061 3067 1142 3121 Tunc
1153 3064 1257 3121 clerico
1268 3065 1384 3121 cuidam
1397 3083 1449 3138 pro
1459 3066 1563 3121 timore
1573 3065 1676 3122 mortis
1686 3066 1849 3140 aufugienti

146 3140 278 3214 lanceam
294 3154 436 3211 fallaciter
455 3153 629 3211 occultatam
645 3153 776 3209 forsitan.
791 3154 868 3208 llanc
882 3153 970 3210 visio·
985 3133 1007 3202 C
1026 3156 1161 3227 apparuit
1172 3155 1322 3223 Dominus,
1337 3153 1473 3226 inquiens
1486 3172 1492 3208 z
1506 3177 1519 3204 a
1532 3155 1603 3221 Quo,
1617 3155 1713 3220 frater,
1730 3160 1848 3227 proten-

147 3262 214 3302 nem
229 3243 390 3318 propalavit
406 3243 542 3316 primitus
557 3243 693 3315 episcopo
707 3243 839 3298 Podiensi
856 3247 885 3298 et
900 3243 972 3316 Ray·
1027 3243 1194 3300 111111111-
1206 3244 1307 3316 Fugio,
1320 3267 1334 3292 11
1347 3244 1505 3316 respondit,
1518 3267 1531 3294 u
1544 3261 1580 3299 ne
1595 3244 1793 3301 infortunatus
1804 3260 1850 3317 pe-

149 3336 259 3393 mundo
275 3333 384 3390 comiti.
398 3334 477 3401 Quod
493 3337 591 3388 tamen
614 3332 768 3403 episcopus
784 3331 891 3386 falsum
907 3348 971 3388 esse
1027 3333 1172 3389 ream.Sic
1184 3332 1300 3405 fugiunt
1311 3332 1531 3405 multi,pereant
1542 3349 1577 3388 ne
1589 3338 1680 3389 morte
1691 3333 1847 3407 maligna.»

107 3468 110 3473 .
146 3425 374 3498 putavit,oomes
385 3438 451 3476 vero
467 3421 659 3493 Raymnndus
674 3437 775 3475 vorum
793 3437 856 3475 esse
872 3437 971 3492 spera·
1026 3421 1079 3476 Cui
1094 3421 1236 3478 Dominus
1251 3421 1291 3476 oit
1303 3439 1326 3476 2«
1341 3423 1381 3477 Ne
1398 3421 1502 3495 fugias,
1515 3422 1565 3477 sed
1580 3422 1652 3478 vade
1667 3428 1753 3492 retro,
1765 3427 1793 3478 et
1805 3424 1849 3479 dic

145 3515 196 3570 vit.
209 3513 265 3569 Sed
280 3528 347 3567 cum
363 3510 404 3566 sio
420 3513 534 3581 reperta
558 3509 669 3574 fuisset,
681 3513 710 3564 et
733 3509 830 3565 omnis
846 3508 972 3580 populus
1026 3511 1225 3584 caterisquod
1240 3511 1268 3565 in
1285 3511 1383 3584 praelio
1394 3528 1461 3566 cum
1477 3510 1535 3567 illis
1550 3512 1646 3567 adero.
1658 3511 1731 3567 Nam
1748 3513 1849 3567 matris

145 3599 395 3661 Deumexsultans
406 3597 641 3671 glorificassetet
653 3601 829 3669 parcentum
838 3599 900 3668 J'am
913 3597 971 3654 fere
1027 3616 1097 3656 mem
1112 3599 1243 3673 placatus
1269 3601 1414 3673 precibus,
1427 3601 1607 3672 propitiabor
1630 3601 1681 3656 eis.
1698 3601 1754 3657 Sed
1781 3601 1850 3674 quia

144 3693 208 3749 dies
223 3692 258 3747 ab
275 3689 412 3745 omnibus
432 3686 461 3741 in
483 3686 665 3742 veneratione
680 3703 788 3757 magna
803 3687 968 3755 haberetur,
1026 3694 1228 3762 peccaverunt,
1245 3691 1303 3746 fere
1320 3690 1478 3762 perierunt.
1493 3689 1537 3745 Sit
1552 3693 1649 3746 autem
1665 3707 1733 3761 spes
1748 3707 1849 3747 eorum

144 3779 323 3839 etacomite
353 3775 526 3849 Ravmnndo
555 3774 680 3847 gloriose
710 3776 969 3849 tractaretur3qui
1025 3779 1387 3845 inmefrrma,etfaciam
1408 3779 1505 3836 cosin
1526 3781 1636 3835 'furcos
1656 3779 1849 3852 triumphare.

143 3870 233 3927 etiam
256 3866 432 3924 oblationem
449 3862 587 3936 apopnlo
604 3865 640 3918 ad
656 3863 787 3919 lanceam
812 3865 912 3920 devote
929 3864 970 3920 fa·
1026 3868 1195 3933 Poeniteant,
1208 3871 1236 3922 et
1256 3867 1326 3923 salvi
1343 3868 1422 3923 fient.
1440 3867 1582 3924 Dominus
1597 3868 1731 3940 snm‚qui
1747 3867 1851 3941 loquor

143 3964 222 4015 ctam
237 3954 336 4029 egenis
352 3970 428 4025 sape
444 3953 642 4020 distribuerat,
655 3953 724 4025 quia
740 3952 870 4008 lanceam
887 3952 969 4009 illam
1025 3961 1132 4013 tecum.
1146 3979 1159 4005 11
1172 3957 1237 4012 Mox
1252 3956 1300 4012 ille
1315 3973 1458 4023 reversus,
1471 3958 1548 4027 quod
1564 3956 1648 4014 scivit
1663 3958 1802 4015 narravit.

143 4046 336 4115 custodiebat,
349 4044 422 4099 forte
438 4043 560 4115 contigit
574 4038 743 4116 episcopum
756 4045 843 4111 Darae,
855 4047 883 4098 et
896 4043 968 4099 alios
1332 4045 1449 4101 CAPUT
1468 4046 1541 4102 Xlll.

144 4134 387 4210 quamplurimos,
402 4136 461 4187 tani
478 4131 597 4187 clericos
613 4150 701 4204 qnam
718 4127 969 4199 laicoahasttare
1059 4135 1171 4191 Interea
1186 4135 1256 4189 dum
1273 4133 1371 4207 plures
1386 4139 1474 4190 noctu
1500 4152 1552 4208 per
1576 4134 1700 4192 chordas
1715 4136 1750 4191 de
1766 4153 1849 4192 muro

143 4225 220 4299 quod
236 4241 293 4280 non
309 4227 386 4279 esset
408 4221 458 4276 illa
474 4219 622 4276 Dominiea
637 4220 738 4276 lancea
752 4238 815 4292 qiua
830 4221 967 4292 speraba·
1022 4224 1197 4280 descendere
1220 4222 1366 4295 volebant,
1378 4230 1406 4279 et
1430 4225 1540 4298 sugere,
1562 4224 1700 4297 quoniam
1728 4224 1850 4299 contigit

142 4321 201 4384 tur,
214 4315 265 4372 sed
280 4313 372 4369 altera
387 4315 448 4368 erat
470 4312 505 4366 ab
521 4310 638 4367 bomine
664 4311 712 4366 illo
729 4310 834 4366 stolido
850 4309 968 4365 fraudu·
1023 4312 1124 4368 multis
1139 4313 1194 4368 boc
1209 4313 1282 4379 fieri,
1294 4313 1344 4384 qui
1362 4313 1559 4369 formidabant
1567 4313 1610 4369 vel
1624 4314 1722 4369 inedia
1732 4313 1775 4369 vol
1788 4312 1849 4387 gla-

143 4405 236 4464 leuter
250 4407 373 4476 reperta.
386 4404 566 4474 Quapropter
577 4399 697 4456 consilio
716 4400 798 4469 inito,
811 4405 876 4471 post
894 4417 965 4471 sup·
1022 4401 1070 4457 dio
1081 4402 1185 4474 perire,
1198 4402 1304 4457 iterum
1321 4401 1414 4457 astitit
1424 4402 1541 4458 cuidam
1556 4402 1745 4459 descendenti
1761 4402 1852 4459 frater

142 4494 329 4567 plicationem
342 4490 448 4564 jejunii
465 4490 604 4555 triduani,
616 4506 683 4545 curn
696 4493 807 4544 struem
819 4487 965 4560 lignorum
983 4507 1005 4570 Ι)
1020 4492 1152 4560 ejusdem
1160 4492 1224 4561 jam
1237 4494 1382 4558 mortuus,
1396 4490 1476 4547 aiens
1488 4491 1513 4546 ei
1527 4509 1552 4546 :a
1564 4494 1635 4559 Quo,
1646 4492 1744 4552 frater.
1754 4491 1852 4563 fugis?

141 4583 173 4645 in
188 4583 283 4638 medio
300 4581 394 4653 campi
419 4580 479 4653 igni
505 4579 708 4636 accendissent
728 4579 814 4649 juxta
837 4581 966 4632 castrum
1022 4580 1118 4645 flesto,
1132 4597 1167 4635 ne
1183 4580 1300 4647 timeas,
1319 4580 1457 4652 quoniam
1475 4580 1615 4636 Dominus
1630 4581 1685 4635 erit
1699 4580 1851 4636 vobiscum

140 4672 312 4736 archarum,
325 4671 402 4743 quod
422 4675 491 4724 111111
506 4668 658 4725 obsidione
674 4666 855 4732 coercebant,
868 4669 968 4721 octavo
1025 4667 1056 4723 111
1068 4667 1165 4740 praelio
1175 4673 1317 4739 vestro,at
1329 4667 1455 4724 consocii
1465 4669 1553 4724 vestri
1568 4669 1618 4741 qui
1633 4669 1663 4723 in
1680 4668 1734 4724 hoc
1749 4668 1853 4725 itinere

140 4778 241 4818 mense
256 4763 322 4834 post
335 4757 518 4815 Antiochiam
535 4761 661 4829 captam,
676 4755 878 4812 benedictione
890 4756 969 4826 jndi-
1020 4756 1085 4827 jam
1101 4773 1152 4812 vos
1168 4762 1261 4812 morte
1286 4761 1518 4828 antecesserunt,
1530 4763 1630 4813 contra
1650 4758 1761 4814 Turcos
1775 4759 1854 4813 vobi-

139 4851 205 4908 ciali
217 4868 305 4922 snper
316 4850 412 4922 ignem
425 4845 708 4918 abepiscopisfacta,
719 4846 851 4900 inventor
861 4842 967 4900 lanceae
1023 4862 1105 4901 scum
1122 4845 1363 4918 praeliabuntur.»
1377 4847 1500 4902 Miratus
1520 4852 1618 4902 autem
1634 4845 1682 4901 ille
1697 4848 1786 4902 verba
1802 4848 1853 4902 de·

139 4957 191 5014 per
206 4940 335 4995 medinm
352 4937 411 5008 rogi
431 4934 610 4990 flammantis
626 4934 702 4989 ultro
719 4933 850 4989 celeriter
869 4938 967 4989 trans·
1024 4934 1129 5005 functi,
1142 4935 1183 4990 ire
1200 4935 1286 4990 desiit
1298 4951 1304 4989 :
1316 4942 1344 4991 et
1360 4936 1437 5007 quod
1452 4934 1563 4991 audivit
1582 4935 1692 4991 caeteris
1712 4935 1853 4990 recitavit.

140 5029 256 5085 meavit.
268 5030 329 5093 Quo
346 5030 505 5087 transacto,
519 5023 601 5078 illuni
618 5023 766 5078 hominem
785 5021 867 5094 quasi
883 5039 966 5077 rcum
1332 5025 1449 5080 CAPUT
1473 5024 1546 5081 XIV.

138 5118 168 5174 111
184 5122 250 5173 cute
265 5114 392 5171 flaminis
408 5117 569 5167 crematum
587 5113 730 5179 1111111111,
746 5111 816 5167 etin
834 5110 965 5167 interiori
1057 5114 1112 5169 Sed
1129 5130 1197 5168 111111
1214 5112 1323 5184 placuit
1336 5113 1460 5169 Domino
1476 5112 1569 5168 labori
1586 5112 1766 5168 famulorum
1784 5129 1854 5169 suo-

138 5211 221 5281 parte
236 5204 364 5276 corporis
380 5202 483 5257 lasum
504 5202 577 5256 mori
599 5200 813 5257 intellexerunt.
826 5201 905 5267 Quod
922 5199 963 5255 rei
1020 5218 1085 5256 rum
1102 5201 1190 5256 tinem
1208 5200 1286 5267 dare,
1299 5200 1349 5274 qni
1374 5202 1461 5258 etiam
1486 5218 1627 5275 angorem
1650 5202 1851 5257 tantimodum

138 5295 233 5353 exitus
249 5291 504 5356 monstrariteum
528 5290 573 5346 die
589 5291 761 5346 duodecimo
777 5289 839 5361 ipso
856 5306 963 5362 angore
1019 5289 1147 5362 amplius
1162 5289 1285 5345 tolerare
1300 5307 1356 5344 non
1375 5295 1518 5362 poterant,
1536 5306 1588 5345 nec
1607 5289 1671 5360 jam
1688 5290 1853 5363 quidquam

137 5383 221 5440 obiit.
232 5383 267 5438 111
280 5381 350 5454 quia
374 5381 410 5436 ob
435 5380 574 5436 honorem
598 5380 837 5435 Doietnmorem
859 5395 961 5434 omnes
1017 5377 1159 5434 habentes
1177 5379 1254 5450 quod
1276 5381 1469 5448 comederent,
1482 5381 1560 5436 unde
1583 5383 1644 5435 tam
1674 5379 1734 5452 ipsi
1762 5396 1851 5453 qnam

136 5472 268 5530 lanceam
278 5469 406 5527 venerati
418 5470 542 5539 fuerant,
560 5469 614 5524 hoe
624 5467 737 5541 judicio
753 5473 878 5540 peracto,
892 5468 959 5524 facti
1015 5466 1083 5540 equi
1094 5483 1195 5522 eorum
1209 5467 1320 5524 debiles
1331 5468 1420 5524 nimia
1434 5473 1529 5538 crant,
1539 5469 1757 5525 constituerunt
1774 5468 1852 5525 invi·

134 5561 289 5635 increduli,
303 5560 466 5620 contristati
477 5557 650 5620 suntvalde.
661 5557 764 5617 Comes
776 5561 874 5618 tamen
891 5556 958 5617 Bai·
1014 5555 1150 5617 cemsseri
1161 5556 1492 5634 triduanumjejuuium
1503 5574 1570 5619 eum
1587 5556 1724 5635 precibus
1743 5557 1859 5620 etelee:
