3816 6006
79 253 158 320 teat
407 248 590 317 attrahit
612 248 871 315 aaaauacaatt
893 245 1021 313 BELLA
1040 246 1224 312 Arriaca.
1240 282 1280 295 -
1294 247 1393 312 PARS
1413 247 1454 313 11.
1702 253 1782 319 1022

74 387 167 447 tionis
182 385 288 462 regalis
302 384 371 443 belli
386 384 546 441 edisseram
557 402 564 453 ;
576 387 605 441 et
616 388 661 441 est
675 382 758 440 ratio.
774 381 903 454 Contigit
916 381 944 450 Α·
957 383 1116 440 admodum
1131 398 1251 457 gravare
1266 380 1420 456 potuisset.
1432 381 1676 442 Patriarchavero
1691 403 1784 460 super

77 480 158 537 euim
174 495 209 535 ex
224 474 371 550 regalibus
387 474 497 548 plures,
510 472 767 530 sortemiserrima
777 489 845 528 cum
855 472 904 528 his
959 472 1005 529 his
1020 476 1049 528 et
1063 471 1129 528 aliis
1153 471 1271 545 provide
1295 488 1394 544 ageas,
1409 471 1519 528 vocatis
1543 474 1577 529 ad
1603 491 1634 531 se
1649 474 1779 547 Francis,

78 565 246 632 admisceri,
257 566 293 621 de
308 564 417 637 quibas
433 563 552 636 provisa
567 568 595 618 et
610 562 708 620 auditu
725 578 791 618 rara
806 561 903 617 discu-
958 562 1007 618 Dei
1032 562 1139 618 virtute
1160 560 1374 629 corroboratur,
1395 562 1500 634 suique
1523 561 1592 618 cleri
1617 564 1781 624 munimiae

77 657 160 714 tiam.
177 655 233 712 Sed
250 672 286 711 ue
301 654 422 726 incepta
438 652 615 709 narrationis
636 652 768 708 ordinem
785 655 902 724 prater·
958 651 1034 725 frugi
1046 656 1157 724 septus,
1171 668 1239 707 cum
1250 650 1292 705 eis
1304 650 1457 723 superhoc
1468 651 1599 708 decernit
1609 656 1642 709 ut
1656 670 1738 728 geas,
1755 655 1782 712 si

77 763 158 815 eam„
172 745 209 803 ad
223 744 253 800 id
270 743 347 817 quad
365 741 500 806 vicinius,
515 740 614 815 Algazi
629 746 695 815 post
709 740 819 797 bellum
833 739 901 814 egit,
957 740 1035 804 volit,
1048 740 1211 813 proditione
1221 757 1307 814 agere
1316 745 1451 813 nequeat,
1461 745 1489 796 et
1499 745 1531 796 ut
1543 740 1605 813 ipse
1616 744 1780 801 custodiam

77 839 250 894 narraturus
265 831 359 907 ipsius
374 831 559 905 tyrannidem
574 831 818 888 condescendam.
958 831 1084 886 civitatis
1100 830 1190 886 totius
1199 829 1254 886 sihi
1266 834 1293 886 et
1305 829 1380 886 clero
1391 846 1458 886 cum
1470 830 1589 887 Francis
1599 835 1781 890 tantummo-

399 929 516 986 CAPUT
536 929 581 985 lx,
958 920 994 975 do
1010 924 1162 987 assumat;
1178 920 1339 993 statuitque
1354 924 1387 975 ut
1402 919 1570 992 ubicunque
1585 924 1614 976 et
1630 922 1782 979 undecua·
1808 927 1810 930 ’

112 1013 182 1069 Viso
198 1028 262 1068 esse
277 1010 377 1083 Csrepi
393 1026 460 1065 cum
476 1009 604 1066 exercitu
620 1008 787 1065 Artensiam
806 1009 902 1080 profe·
958 1025 1014 1081 que
1038 1008 1098 1064 sint
1119 1007 1149 1063 in
1164 1008 1282 1065 civitate
1297 1009 1477 1064 diversarum
1501 1008 1652 1066 nationum
1668 1012 1779 1084 populi,

78 1107 143 1159 ctus
154 1104 208 1157 est.
221 1099 275 1156 Ubi
291 1103 401 1155 turrem
417 1098 611 1171 episcopalem
627 1099 702 1153 facto
718 1097 831 1170 placido
847 1097 903 1155 sibi
957 1097 1084 1171 exceptis
1105 1097 1233 1165 Francis,
1246 1114 1348 1155 omnes
1370 1097 1497 1153 inermos
1512 1098 1647 1168 existant,
1662 1105 1691 1156 et
1704 1119 1781 1158 nua-

78 1189 257 1263 subjugavit,
268 1188 323 1245 hoc
338 1188 434 1253 modo,
446 1187 523 1259 qaod
539 1186 710 1260 episcopam
725 1203 792 1243 cum
808 1187 903 1243 omni·
958 1204 1047 1260 qaam
1057 1206 1074 1244 a
1085 1186 1222 1242 domibus
1236 1185 1298 1242 sais
1308 1189 1392 1242 nocto
1402 1185 1465 1242 siaa
1476 1184 1587 1242 lumine
1598 1190 1695 1262 egredi
1708 1207 1780 1262 pra-

78 1283 134 1339 bus
146 1279 221 1347 suis,
233 1281 293 1334 tam
308 1275 422 1332 clericis
438 1293 525 1348 quam
538 1281 565 1331 et
575 1275 651 1342 aliis,
664 1275 800 1346 liberum,
817 1277 902 1332 abso·
957 1281 1086 1333 sumant.
1104 1277 1195 1349 ldque
1210 1279 1308 1331 actam
1322 1279 1377 1341 est,
1395 1278 1426 1330 ut
1442 1275 1521 1331 nullo
1537 1277 1624 1332 modo
1640 1280 1781 1350 proditio-

78 1370 185 1434 latara,
202 1372 230 1424 et
245 1366 378 1439 quietam
399 1364 582 1421 Antiochiam
606 1363 687 1420 adire
711 1364 901 1437 permitteret.
958 1365 1130 1439 aisiagenio
1141 1364 1457 1431 iniectividereatar,et
1468 1364 1681 1422 utnullateaas
1693 1367 1781 1425 etiam

77 1459 160 1527 Quod
171 1458 202 1513 ia
217 1459 298 1530 parte
314 1453 479 1527 complevit,
491 1458 520 1509 et
534 1453 564 1509 ia
581 1457 662 1526 parte
674 1454 818 1526 promisso
834 1470 903 1512 coa·
957 1455 1085 1528 suspecti
1101 1453 1203 1511 haberi
1218 1453 1392 1527 potuissent.
1404 1453 1513 1511 Statuit
1524 1459 1557 1511 ut
1571 1455 1622 1512 abi
1635 1457 1725 1514 totius
1741 1459 1782 1515 ci·

77 1547 187 1606 trariua
202 1544 320 1603 exstitit.
339 1542 487 1615 Quidquid
500 1542 578 1599 enim
594 1542 658 1599 auri
673 1547 702 1599 at
717 1544 839 1617 argenti,
857 1561 902 1600 or·
957 1544 1054 1600 vitatis
1079 1543 1199 1600 inferior
1222 1542 1341 1616 patebat
1365 1542 1511 1612 debilitas,
1528 1544 1570 1600 ihi
1588 1547 1714 1602 tentoria
1728 1565 1783 1605 sua

76 1639 341 1706 armentorumque
352 1630 473 1689 clericos
483 1632 595 1688 deferre
605 1633 904 1705 comperiit,vicecoa-
957 1633 1130 1707 protectioni
1144 1631 1373 1688 Christianitatis
1384 1633 1547 1689 necessaria
1557 1639 1744 1707 ponerentur,
1754 1640 1783 1693 et

75 1728 233 1785 ductorum
249 1722 349 1780 missis
366 1721 533 1796 raptoribus
548 1727 643 1779 totum
660 1721 797 1780 abstulit:
810 1740 903 1780 sacer·
917 1754 942 1820 B
958 1727 990 1778 ut
1000 1722 1122 1795 singular
1137 1727 1232 1778 turres
1247 1726 1391 1794 quotquot
1400 1726 1508 1790 essent,
1521 1723 1673 1812 monachis
1685 1741 1717 1781 ac
1729 1723 1784 1782 cle·

76 1815 185 1874 dotalia
210 1831 278 1872 varo
307 1813 490 1878 indumenta,
508 1816 540 1867 ut
560 1811 607 1869 his
631 1813 793 1884 nequitiam
818 1829 903 1868 suam
959 1813 1027 1868 ricis
1051 1810 1162 1868 mistim
1187 1827 1254 1867 cum
1283 1809 1376 1879 laicis,
1393 1827 1446 1884 pro
1470 1816 1600 1884 posseet
1621 1814 1784 1886 quantitate

75 1912 174 1981 tegere
184 1903 339 1979 potuisset,
351 1900 449 1975 palam
461 1901 586 1957 reddidit
598 1906 703 1974 etpost
715 1902 780 1959 illos
790 1889 902 1959 abeun-
957 1899 1197 1958 Christicolarum
1213 1900 1330 1956 ominus
1346 1899 1541 1957 munirentur.
1550 1902 1642 1974 HuJus
1652 1903 1745 1975 patris
1755 1908 1784 1960 et

76 2002 121 2053 tes
132 1994 229 2052 ablata
244 1992 370 2060 remisit,
382 1991 481 2063 ibique
493 1996 559 2047 ante
570 1991 718 2048 Artesium
729 1991 794 2048 fixis
809 1997 903 2049 tento·
958 1990 1085 2048 doctoris
1096 1989 1320 2062 prudentissimi
1330 2005 1434 2046 omncs
1446 2007 1504 2045 una
1515 1990 1671 2064 diligenter
1681 1997 1784 2065 pareat
1853 1979 1856 1983 ⁸
1874 2023 1876 2028 ·

78 2085 131 2142 riis
147 2081 360 2158 perhendinare
375 2081 531 2154 disposuit,
544 2086 577 2137 ut
587 2081 669 2153 prius
680 2086 763 2153 capto
778 2081 902 2149 Artesio,
958 2081 1090 2152 imperio.
1108 2078 1230 2135 Munitis
1246 2079 1344 2151 itaque
1364 2078 1505 2148 turribus,
1522 2080 1674 2138 intrinseci
1690 2085 1719 2137 et
1732 2099 1783 2138 cx-

79 2176 148 2231 iade
162 2173 309 2247 profectus
322 2169 508 2227 Antiochiam
524 2175 712 2243 expugnaret.
730 2169 840 2226 Placuit
852 2189 904 2228 au·
959 2169 1077 2226 trinseci
1089 2168 1268 2225 adhiheatur
1278 2168 1491 2224 custodescum
1504 2170 1784 2226 custodibusldem-

78 2269 139 2320 tem
149 2262 252 2318 divina
265 2258 502 2333 dispositioni,ut
512 2259 551 2314 ibi
563 2258 903 2316 detineretarverbiscu-
959 2276 1015 2331 que
1028 2257 1206 2331 patriarcha,
1219 2256 1313 2330 magis
1323 2257 1458 2329 precihus
1470 2274 1558 2329 qaam
1571 2257 1661 2315 armis
1673 2275 1785 2332 pugna·

73 2353 196 2426 jusdam
209 2348 347 2416 hominis,
356 2350 474 2405 nomiae
484 2346 659 2420 Joseph,viri
671 2348 903 2422 prudentissimi,
958 2352 1053 2417 turus,
1065 2364 1116 2419 pro
1132 2345 1226 2402 salute
1236 2363 1270 2402 ac
1280 2346 1448 2402 defensione
1459 2345 1615 2402 Christiani
1629 2347 1728 2421 populi
1742 2348 1785 2404 in·
1856 2382 1859 2391 ν

79 2441 141 2515 qui,
157 2458 224 2498 cum
240 2439 303 2513 ipse
319 2437 417 2511 Algazi
439 2441 580 2510 quareret
594 2441 723 2493 castrum
740 2437 796 2494 sihi
811 2437 903 2507 reddi,
959 2441 1107 2493 cessaatsr
1129 2441 1183 2492 Deo
1206 2430 1390 2508 supplicabat
1414 2433 1594 2491 medullitus.
1611 2437 1669 2492 Nec
1684 2442 1784 2495 tamen

77 2530 187 2603 loseph
211 2528 322 2585 astutia
344 2527 548 2602 premunitus,
565 2544 624 2583 non
638 2528 838 2600 repugnando,
852 2528 904 2584 sed
959 2526 1056 2595 desiit,
1073 2525 1153 2583 horis
1177 2525 1420 2596 competentibus,
1439 2529 1522 2580 nocte
1538 2541 1571 2580 ac
1591 2524 1639 2582 die
1654 2542 1721 2582 cum
1737 2544 1784 2583 ar-

77 2619 163 2694 quasi
175 2618 373 2684 assentiendo,
385 2617 439 2673 hoc
448 2617 535 2672 modo
551 2615 701 2689 respondit
714 2635 720 2672 :
738 2638 751 2666 «
764 2616 905 2674 Novimus
960 2621 1038 2673 mato
1054 2631 1107 2672 suo
1119 2614 1195 2671 clero
1206 2620 1234 2669 et
1244 2612 1401 2682 militibus,
1412 2630 1492 2669 more
1503 2618 1710 2687 pugnatorum,
1722 2632 1785 2689 por·

76 2710 148 2783 quia
164 2707 223 2765 tuis
238 2707 457 2764 ensibusettuo
469 2705 599 2762 dominio
614 2706 747 2778 suhjacet
761 2706 905 2779 quidquid
958 2709 1014 2774 tas,
1033 2704 1150 2771 moenia,
1167 2707 1195 2759 et
1216 2707 1323 2769 turres,
1352 2718 1512 2775 murosque
1540 2703 1740 2772 circumcirca,
1757 2709 1786 2762 et

76 2795 904 2871 iahocprincipatuextraAntiochiamcoatinetur.lpsam
959 2795 1091 2867 ipsorum
1121 2793 1257 2848 custodes
1284 2791 1413 2847 vicissim
1439 2790 1567 2863 visitare,
1588 2793 1741 2862 consolari,
1757 2799 1786 2852 et

77 2888 178 2960 itaque
189 2887 214 2943 si
225 2886 409 2958 acquisieris.
420 2901 488 2942 cnm
499 2902 533 2941 ea
543 2889 570 2941 et
581 2884 647 2950 hoc,
659 2888 688 2940 ot
697 2889 800 2941 caetera
810 2889 906 2941 eastra
959 2883 1081 2939 incitare
1096 2887 1129 2938 at
1144 2880 1276 2954 vigilanti
1292 2879 1389 2935 animo
1410 2878 1581 2936 Christianae
1598 2883 1786 2954 protectionis

81 2979 113 3033 ia
130 2979 280 3033 momento
291 2979 377 3031 eruat
388 2974 440 3031 tihi
451 2973 578 3044 subdita,
591 2978 619 3030 et
634 2991 670 3029 no
685 2974 787 3030 credas
802 2978 830 3030 te
842 2991 905 3029 ver·
960 2989 1060 3028 curam
1075 2969 1256 3037 adhiberent,
1269 2974 1297 3025 et
1307 2968 1422 3040 incepto
1433 2969 1511 3024 hono
1522 2968 1603 3025 nulla
1613 2969 1712 3026 hostili
1723 2987 1785 3045 per·

77 3066 127 3122 his
142 3063 216 3121 meis
232 3063 453 3120 illudi.laterim
466 3063 625 3134 quemdam
641 3066 758 3118 tuorum
774 3061 905 3118 Saheaas
960 3060 1129 3116 turbatione
1152 3058 1336 3114 desisterent.
1353 3056 1426 3123 Quid
1449 3057 1701 3131 singula‘fClerus
1717 3076 1785 3117 cum

79 3153 154 3210 mihi
170 3153 323 3220 attribuas,
336 3151 385 3224 qui
400 3151 461 3207 viee
476 3150 519 3206 tui
534 3166 650 3205 mecam
666 3167 712 3206 res
726 3155 792 3207 tuas
808 3154 905 3208 casto-
920 3122 942 3191 c
961 3149 1073 3207 caeteris
1088 3147 1224 3205 fidelihus
1240 3147 1357 3219 provide
1373 3151 1400 3202 et
1415 3149 1542 3214 strenue,
1555 3148 1635 3203 intus
1651 3153 1679 3204 et
1693 3153 1783 3220 extra,

79 3245 153 3312 diat,
169 3241 310 3299 stlocum
324 3240 396 3296 tanti
413 3241 523 3296 domini
539 3238 742 3312 possideat;te
758 3239 907 3313 ipsamet·
961 3239 1096 3295 militaris
1113 3237 1201 3294 officii
1216 3236 1407 3304 vicefunctus,
1425 3253 1491 3291 cum
1516 3236 1567 3293 Dei
1583 3237 1698 3303 virtute,
1715 3238 1784 3293 civi·

79 3332 160 3390 enim
172 3330 197 3387 si
208 3331 290 3387 intus
307 3328 475 3401 receperim,
488 3328 587 3400 procul
599 3328 688 3384 dubio
700 3328 755 3384 hoc
765 3330 865 3386 audito
876 3330 907 3384 fr·
960 3334 1049 3386 tatem
1064 3328 1099 3384 ah
1109 3325 1245 3383 hostibus
1255 3325 1395 3381 intactam
1407 3324 1547 3381 Balduiao
1557 3325 1617 3399 regi
1625 3325 1676 3382 diu
1686 3329 1784 3400 optato

81 3422 142 3478 lius
166 3436 249 3476 meus
275 3417 431 3473 Antiochia
455 3417 582 3472 existens
612 3422 705 3473 morte
735 3417 907 3490 turpissima
961 3417 1168 3492 protegendam
1185 3413 1350 3471 reservavit.

81 3509 261 3584 perimetur;
278 3513 306 3563 et
321 3523 374 3580 ego
389 3522 476 3561 senex
491 3509 519 3561 et
543 3505 647 3578 plenus
670 3507 794 3575 dierum,
811 3507 835 3564 si
852 3507 906 3564 hoc
1288 3512 1404 3568 CAPUT
1424 3513 1456 3568 X.
1851 3572 1854 3577 ,

81 3615 177 3672 egero,
190 3614 241 3669 pro
256 3595 437 3667 nequissimo
452 3595 609 3667 proditore,
621 3596 698 3667 qaod
714 3595 792 3651 absit
803 3595 810 3650 l
823 3613 907 3669 repa·
997 3599 1075 3653 later
1090 3595 1151 3651 hac
1165 3592 1338 3650 discrimina
1348 3592 1424 3648 sicut
1434 3592 1521 3648 certis
1537 3592 1727 3650 internuntiis
1738 3593 1785 3650 di·

80 3687 180 3754 tabor;
192 3684 380 3741 etdaceatius
391 3688 444 3751 est,
458 3689 490 3738 ut
499 3700 546 3738 rae
560 3683 710 3739 innoxiam
723 3701 811 3756 quam
823 3702 905 3741 reum
961 3680 1334 3755 dicimus,auribusAlgazi
1345 3679 1476 3737 insonuit
1487 3697 1584 3755 regem
1596 3680 1784 3755 balduinum,

80 3775 217 3830 haheat.»
227 3771 279 3828 His
291 3771 388 3827 verbis
399 3772 538 3843 deceptas
554 3775 685 3827 castrum
700 3771 844 3829 intactum
860 3775 906 3830 di·
961 3773 1153 3845 Pontiamque
1169 3769 1305 3827 comitem
1322 3767 1536 3841 Tripolitanum
1552 3786 1619 3825 cum
1635 3787 1668 3827 eo
1683 3772 1720 3827 ad
1730 3772 1786 3828 An·

80 3860 172 3930 misit,
180 3865 209 3918 et
219 3860 327 3916 ibidem
338 3860 467 3916 Saheaas
478 3860 636 3932 quemdam
648 3861 830 3936 posuit3ipse
838 3879 906 3921 vero
960 3861 1099 3918 tiochiam
1122 3858 1188 3916 citis
1203 3857 1353 3932 gressibus
1369 3858 1516 3915 festinare.
1535 3858 1616 3915 Unde
1631 3859 1709 3917 illico
1724 3865 1785 3919 sta·

79 3948 547 4026 potationibusinteatus,etnuta
557 3949 608 4005 Dei
618 3949 904 4024 oblitusAatiochia,
960 3950 1018 4005 tuit
1033 3954 1192 4005 contraeas
1207 3949 1307 4004 darem
1324 3946 1415 4004 millia
1430 3946 1559 4004 militum
1575 3949 1783 4021 transmittere,

77 4057 133 4115 per
142 4041 240 4114 partes
249 4043 361 4094 exteras
371 4041 400 4093 et
411 4038 592 4112 propinquas
602 4039 710 4112 sapius
725 4041 818 4098 millia
828 4041 905 4098 mili·
961 4042 1069 4111 etpost
1084 4036 1150 4093 illos
1164 4036 1285 4092 totidem
1299 4037 1343 4092 vel
1359 4035 1457 4109 plures
1473 4041 1524 4093 aut
1548 4036 1624 4094 lento
1644 4038 1785 4112 subsequi

78 4134 145 4186 tum
159 4125 388 4184 transmittebat.
401 4125 454 4193 Qui
470 4126 506 4182 de
520 4127 568 4182 die
583 4127 613 4182 ia
630 4127 716 4196 diem,
728 4131 834 4201 pradis
845 4135 905 4187 tam
960 4125 1124 4199 imperavit.
1140 4125 1285 4197 Factaque
1301 4124 1440 4180 electione
1459 4142 1533 4198 quos
1549 4127 1740 4195 transmittat,
1756 4130 1786 4185 et

79 4216 239 4274 Dominum
255 4231 343 4287 quam
360 4213 486 4270 aliorum
502 4215 612 4282 refecti,
625 4217 660 4271 ad
672 4217 768 4288 ipsum
780 4223 905 4275 reverte·
961 4232 1034 4289 quos
1045 4230 1145 4270 secum
1157 4213 1290 4279 retineat,
1301 4213 1440 4269 euntibus
1453 4213 1579 4287 injunxit
1590 4215 1666 4288 regis
1677 4217 1784 4274 adven·

79 4308 192 4363 bantur
215 4302 336 4361 onerati.
355 4303 475 4359 laterim
491 4321 578 4377 super
593 4303 679 4360 malis
695 4309 723 4360 et
736 4305 905 4365 infortuniis
960 4304 1003 4360 tui
1019 4301 1141 4360 sollicite
1157 4301 1300 4367 insidiari,
1317 4304 1345 4358 et
1360 4301 1585 4376 quibuscunque
1606 4305 1701 4360 modis
1716 4322 1783 4378 pos·

80 4409 187 4468 quaex
197 4391 330 4464 proximo
341 4392 427 4459 facta,
439 4396 467 4448 et
478 4409 493 4447 e
503 4393 633 4464 proximo
645 4393 796 4450 amissioni
808 4395 906 4453 civita·
961 4396 1027 4450 sant
1037 4389 1263 4449 Christianitatis
1279 4388 1430 4463 invigilare
1445 4391 1636 4449 exterminiis.
1649 4393 1718 4448 Moti
1728 4393 1783 4450 lta-

80 4482 121 4538 tis
131 4479 290 4536 Antiochia
300 4478 810 4555 imminereceraehaatnr‚quidquid
818 4502 904 4555 curre,
920 4495 944 4560 Ι)
961 4499 1018 4555 que
1029 4480 1124 4554 impii,
1130 4481 1220 4552 jussu
1231 4477 1277 4534 sui
1288 4479 1399 4534 domiai
1408 4479 1444 4535 de
1453 4496 1533 4535 more
1542 4479 1628 4536 solito
1640 4482 1784 4540 ordinatis

79 4568 501 4641 laboris,timoris,metas‚vel
512 4568 903 4629 damaiChristiaaitaticoa-
959 4570 1087 4637 aciebus,
1103 4585 1205 4624 versus
1229 4568 1395 4625 Laodiciam
1411 4569 1491 4625 etad
1511 4572 1651 4626 montana
1674 4571 1784 4629 montis

78 4659 194 4733 tingere
205 4660 399 4731 poterat,jam
411 4657 550 4714 destituto
562 4657 682 4715 militari
693 4661 905 4734 officio,etjam
962 4659 1075 4725 Palerii,
1091 4674 1149 4730 quo
1164 4662 1192 4713 ot
1207 4657 1340 4730 predari,
1356 4663 1385 4713 et
1400 4658 1477 4733 regis
1491 4659 1633 4732 equitatui
1649 4659 1782 4717 insidiari

79 4747 904 4821 penetotaamissol'raacorumciviumauxilio,ravicein
959 4748 1085 4814 valeant,
1103 4751 1187 4801 nocte
1213 4746 1332 4818 profecti
1357 4747 1493 4803 suntid
1513 4764 1586 4820 quas
1604 4752 1782 4821 partescum

78 4835 192 4894 clerum
209 4835 374 4891 necessario
389 4839 482 4890 totum
498 4836 648 4893 redactum
659 4837 779 4904 exstitit,
791 4838 841 4904 ita,
858 4839 906 4894 ia·
960 4833 1706 4909 devenissent,divisisunt,factistrihaspartihus,ut
1716 4839 1784 4911 qui·

78 4939 182 4998 quam,
193 4927 225 4978 at
234 4922 327 4978 multo
338 4921 436 4978 acrius
446 4922 764 4982 timereatinteriorum
775 4926 904 4983 hostium
961 4925 1028 4981 dam
1051 4924 1174 4980 tendant
1202 4924 1263 4996 regi
1288 4924 1415 4995 obviam,
1432 4931 1460 4982 et
1480 4925 1598 4998 quidam
1614 4927 1721 4999 pradis
1736 4944 1782 4984 ca-

77 5011 244 5087 proditioae
266 5010 339 5079 falli,
356 5027 445 5083 quam
465 5011 491 5066 vi
507 5017 670 5070 exterorum
683 5014 743 5072 ullo
758 5016 845 5072 modo
860 5016 905 5073 ia·
960 5012 1073 5087 piendis
1088 5013 1236 5080 insistant,
1253 5013 1348 5070 caleri
1363 5032 1428 5071 vero
1444 5015 1480 5071 ad
1494 5019 1610 5088 portum
1628 5017 1726 5073 Sancti
1742 5018 1784 5074 Si·

77 5101 226 5158 trinsecus
242 5117 328 5174 posse
344 5100 507 5172 comprimi.
524 5102 581 5158 Nec
595 5102 624 5158 id
641 5104 763 5173 mirum;
780 5123 852 5179 geas
863 5108 905 5161 et·
961 5102 1074 5159 meoais
1089 5119 1180 5174 supra
1199 5119 1279 5159 mare
1294 5103 1351 5159 iter
1365 5103 1501 5179 dirigant.
1519 5104 1658 5162 Proiectis
1682 5110 1784 5165 contra

76 5189 159 5247 caim
170 5188 771 5266 Antiocheae,vietpravoiageniogentis
787 5199 905 5262 nostra,
960 5209 1058 5265 regem
1073 5192 1136 5265 ipse
1150 5191 1228 5247 idem
1243 5193 1279 5248 ad
1301 5197 1430 5250 montem
1452 5195 1609 5269 Hingronis
1623 5213 1658 5252 ex
1674 5196 1784 5270 impro-

76 5279 195 5352 privata
214 5279 277 5334 sais
301 5277 386 5334 bonis
402 5283 431 5334 et
446 5279 562 5336 addicta
577 5298 671 5352 prava
687 5281 905 5349 consuetudini,
959 5280 1020 5337 viso
1031 5281 1137 5338 obviat.
1155 5281 1212 5337 Hos
1229 5281 1328 5354 itaque
1344 5286 1461 5340 strenue
1477 5285 1639 5342 invadendo
1654 5291 1782 5360 proster-

77 5366 188 5441 saepiua
204 5383 327 5424 moerore
347 5384 500 5439 concussa,
514 5368 549 5437 si,
566 5370 643 5442 qaod
668 5375 712 5425 est
735 5370 905 5429 vicissitudo
960 5370 1391 5442 nit,otperahruptamoatium
1402 5371 1783 5447 itadissipatutnecsociaa

73 5456 212 5529 justitia,
225 5457 337 5513 malum
348 5472 400 5530 pro
412 5456 488 5512 malo
500 5458 620 5514 reddere
629 5457 780 5528 voluisset,
792 5477 825 5516 eo
836 5465 904 5517 tem·
960 5459 1084 5527 socium,
1102 5477 1154 5516 nec
1167 5476 1220 5532 par
1234 5476 1336 5533 parem
1356 5460 1410 5518 sibi
1434 5463 1620 5536 profuturam
1645 5465 1781 5523 inveniat.

77 5543 160 5619 poris
176 5545 329 5603 intervallo
344 5550 460 5604 nostros
475 5545 648 5619 proditione,
669 5546 711 5603 vel
734 5547 791 5606 alio
807 5550 903 5618 modo,
960 5552 1021 5620 Quo
1032 5553 1159 5625 peracto,
1172 5566 1221 5608 rex
1231 5552 1299 5609 ante
1312 5549 1440 5609 latorum
1455 5552 1783 5625 castrametarijuhet,e
