3816 6006
162 242 241 304 teca
658 241 858 303 tubanus.
877 273 915 288 —
931 240 1132 305 RADULPHI
1154 239 1365 308 ARDllN'l'lS.
1802 241 1858 305 tttt

162 377 310 450 generent,
324 373 488 430 ostenditur
502 373 532 429 in
547 377 681 446 utroque,
692 373 761 446 quia
777 372 888 430 scilicet
902 379 986 430 etsu-
1000 377 1028 444 Α
1042 392 1094 448 per
1117 377 1224 432 durum
1250 376 1446 434 ministerium
1467 377 1634 435 crudelium
1652 377 1831 443 daemonum,
1843 358 1859 432 ,t

163 465 273 539 perflue
297 463 475 520 vestiebatur
493 466 521 519 et
536 464 682 535 superssue
705 462 888 536 epulabatur.
905 463 986 530 Quod
1043 466 1257 522 transferturin
1268 466 1468 538 internum,de
1475 472 1647 541 purpuraet
1655 467 1752 541 bysso
1762 467 1790 521 in
1801 483 1861 539 aspe

162 553 331 626 superbiam
342 557 371 608 et
379 556 580 625 contemptum
590 557 738 625 generent,
751 552 884 608 innuitur
892 569 926 608 ex
934 552 988 608 hoc
1041 553 1144 611 ritates
1155 555 1560 629 tenebrarum,desplendidis
1571 555 1861 623 conviviis,inlamen

164 643 242 718 quod
252 643 332 700 dives
344 642 373 697 in
382 640 492 698 divitiis
507 658 538 697 se
553 641 698 707 efferebat,
706 642 909 698 etmendicum
921 646 987 698 anto
1042 647 1070 699 et
1080 644 1160 699 sitim
1170 649 1352 716 perpetuam,
1363 645 1432 701 etde
1443 644 1517 701 inter
1527 644 1661 702 blandas
1673 643 1861 716 manuslacn·

158 734 283 806 ianuam
299 748 384 789 suam
400 733 568 804 pereuntem
584 730 769 803 despiciebat.
1044 731 1187 787 manlium
1200 731 1679 802 amicorum,interdurasmanus
1690 730 1861 787 stridentium

200 821 338 895 Sequitur
352 836 421 893 pars
436 820 576 889 secunda,
592 819 621 875 in
637 837 696 893 qua
710 820 885 877 describitur
900 818 986 875 meri·
1042 819 1262 877 demoniorum.
1279 822 1311 876 ut
1328 821 1441 894 quare?
1457 822 1520 878 Non
1536 822 1609 895 quia
1623 821 1751 894 legatur
1769 820 1861 892 aliquid

164 916 228 970 tum
253 908 399 984 pauperis,
425 925 493 965 cum
521 908 712 982 subJungitur
727 926 733 964 :
750 910 783 964 Et
795 917 854 965 erat
875 908 988 980 paidom
1042 910 1175 981 rapuisse
1189 910 1233 967 vel
1248 910 1584 984 defraudasse,sedquia
1599 928 1659 966 sua
1677 910 1861 982 superducen-
1897 894 1899 937 t

162 1000 443 1069 meritasmeritas
467 999 600 1064 Lazarus,
617 1000 666 1070 qai
683 999 792 1070 jacebat
815 998 987 1070 adjectam
1041 999 1196 1070 pendebat,
1214 1003 1243 1055 et
1271 999 1391 1072 pauperi
1420 999 1494 1055 nibil
1520 1000 1622 1056 dabat.
1640 999 1674 1056 Si
1690 998 1746 1065 sic,
1764 999 1858 1065 iratres,

161 1092 231 1165 σιω,
246 1090 384 1147 alacritas
396 1089 504 1160 plenus,
521 1089 631 1160 capiens
649 1087 817 1144 cataractae
831 1088 910 1143 rabis
925 1101 988 1159 quae
1041 1087 1220 1143 damnantur
1230 1088 1280 1160 qui
1296 1105 1354 1144 non
1366 1090 1436 1145 dant
1447 1106 1510 1158 sua,
1523 1089 1595 1162 quid
1608 1088 1860 1162 patienterquirs

163 1180 295 1237 cadebant
308 1178 446 1234 riomense
460 1177 681 1245 dieitis,etnemo
697 1178 742 1232 itti
755 1177 846 1231 dat-liet.
858 1178 988 1242 Ouatuor
1041 1175 1127 1248 piunt
1137 1176 1378 1234 alienatlitevans
1392 1186 1484 1234 aetem
1497 1179 1589 1234 oculos
1602 1194 1674 1234 auos
1688 1194 1755 1233 cam
1768 1187 1829 1234 esset
1839 1180 1860 1232 ic

164 1269 361 1328 ostenduntur
376 1265 475 1323 Lazari
492 1266 626 1334 nriseriae,
644 1267 714 1338 quia
737 1270 800 1321 erat
824 1264 985 1332 mendicus,
1040 1267 1859 1339 teramnanaeAtratamatonpeaum1000quamauea

165 1357 390 1433 quiainlirmus,
398 1355 468 1428 quia
479 1371 564 1411 nemo
574 1355 604 1410 in
615 1352 739 1427 utroque
749 1358 774 1410 oi
786 1353 984 1422 subveniebat,
1040 1355 1123 1427 (quia
1133 1354 1190 1411 Deo
1201 1356 1385 1428 conjunctus,
1393 1355 1473 1413 aliud
1483 1373 1572 1429 quam
1584 1356 1669 1413 Deus
1677 1355 1753 1412 velle
1761 1373 1816 1413 non
1825 1373 1860 1429 po

164 1442 986 1522 quiaantejanuamdivitisjaccns,multamtentationem
1040 1445 1565 1518 test)etLocoruminsiaacjas.Porro
1581 1462 1654 1501 cum
1667 1446 1746 1518 justi
1762 1463 1860 1518 sempe

164 1553 199 1594 ex
207 1534 395 1610 presentium
410 1532 521 1589 visione
536 1530 707 1588 deliciarum
722 1531 895 1588 sustinebat.
905 1529 988 1585 Sicut
1041 1533 1159 1589 videant
1173 1534 1311 1606 reprobos
1319 1533 1347 1588 in
1358 1534 1496 1607 poenisad
1511 1539 1715 1609 augmentum
1730 1535 1860 1609 gaudiia

145 1625 242 1685 ,enim
258 1623 411 1698 presentia
433 1621 560 1678 mendici
584 1621 692 1676 infirmi
709 1621 764 1675 luit
776 1620 889 1676 occasio
905 1618 985 1674 diviti
1041 1621 1078 1676 ad
1093 1621 1334 1694 glorificationem
1349 1622 1395 1679 sui
1411 1622 1530 1690 laboris,
1543 1623 1666 1696 reprobi
1682 1627 1800 1679 tantum
1809 1630 1859 1679 aue

147 1713 285 1789 majoris
300 1711 509 1778 damnationis,
517 1711 557 1766 ita
568 1710 723 1782 prasentia
738 1708 908 1765 deliciarum
917 1706 986 1762 divi·
1002 1756 1026 1822 Β
1040 1709 1138 1766 videre
1146 1709 1394 1782 possuntelectos,
1407 1713 1457 1767 sed
1467 1715 1543 1784 post,
1556 1729 1632 1781 uon;
1647 1712 1723 1785 quia
1735 1712 1859 1786 scriptun

162 1805 202 1862 tis
217 1803 272 1860 suit
282 1801 396 1859 occasio
407 1799 541 1856 mendico
551 1816 662 1855 corona
678 1799 852 1872 grandioris.
868 1797 895 1851 Si
908 1796 986 1852 enim
1042 1803 1086 1853 est
1102 1815 1108 1852 :
1126 1822 1140 1850 α
1157 1799 1289 1855 Tollatur
1305 1801 1424 1873 impius,
1439 1817 1474 1857 ne
1487 1800 1586 1856 videat
1600 1800 1734 1874 gloriam
1750 1803 1808 1858 Dei.
1824 1826 1836 1850 s

162 1894 243 1951 dives
254 1891 442 1949 nonhaberet
454 1893 626 1963 presentem
638 1885 986 1956 mendicum,divitiarum
1076 1887 1215 1960 Sequitur
1238 1906 1306 1962 pars
1335 1890 1448 1962 quinta,
1465 1890 1494 1944 in
1510 1907 1569 1962 qua
1584 1890 1670 1947 dives
1687 1897 1753 1947 orat
1768 1908 1858 1965 prose

163 1998 284 2041 suarum
298 1981 446 2036 videretur
461 1977 569 2035 habere
584 1976 853 2033 excusationemldt
864 1974 888 2030 si
904 1990 985 2028 men·
1040 1993 1095 2033 nec
1109 1978 1273 2034 exauditur.
1288 1978 1369 2035 Unde
1385 1982 1414 2034 et
1429 1978 1566 2035 subditur
1582 1994 1590 2036 :
1607 1982 1648 2035 Et
1665 1982 1727 2053 ipsc
1741 1982 1858 2053 camna,

162 2072 247 2129 dicus
260 2070 398 2127 infirmus
413 2084 430 2124 a
444 2066 555 2122 visione
569 2066 741 2123 deliciarum
758 2067 887 2120 remotus
897 2067 984 2130 esset,
1040 2065 1135 2139 magis
1150 2066 1253 2123 affectu
1270 2083 1359 2140 quam
1373 2084 1452 2136 voce,
1465 2069 1518 2124 eit:
1531 2069 1615 2125 Pater
1631 2069 1784 2135 Atratum,
1796 2073 1859 2127 maie·

162 2164 277 2218 butam
291 2155 461 2214 tentationis
472 2172 602 2229 pugnam
613 2172 671 2210 non
682 2153 986 2218 sustineranouantas
1039 2171 1099 2211 rere
1113 2157 1177 2211 occi.
1193 2156 1308 2212 Patrem
1323 2160 1416 2226 vocat,
1432 2173 1520 2229 quem
1544 2156 1683 2214 filialiter
1697 2159 1806 2215 imitari
1819 2177 1860 2215 no

162 2265 301 2322 namque,
317 2247 422 2302 iratres
440 2245 509 2316 mei,
525 2244 637 2317 putatis
652 2248 791 2299 Lazarum
808 2240 985 2298 sustinuisse
1040 2242 1104 2310 luit,
1115 2248 1142 2300 et
1153 2245 1202 2317 qui
1212 2244 1311 2301 vivens
1322 2245 1351 2302 in
1363 2244 1474 2302 deliciis
1488 2250 1518 2302 et
1531 2245 1690 2303 miseriam
1708 2247 1858 2322 ignorabat,

161 2338 347 2404 tentationes,
364 2351 431 2391 cum
458 2334 611 2389 mendicus
636 2332 745 2389 videret
769 2330 899 2404 quotidie
919 2332 987 2385 ante
1040 2350 1117 2389 nunc
1133 2333 1163 2389 iu
1178 2334 1332 2391 tormentis
1347 2335 1460 2408 positus
1475 2333 1579 2408 incipit
1595 2334 1859 2410 scirequidhabczt

162 2427 264 2484 oculos
279 2441 349 2483 suos
363 2423 482 2480 divitem
496 2426 524 2478 et
538 2438 608 2478 suos
621 2422 651 2476 in
667 2420 777 2476 divitiis
801 2419 984 2493 superabun·
1039 2421 1109 2478 mali
1125 2419 1297 2492 miseriaci
1312 2424 1384 2497 quid
1400 2423 1466 2479 boni
1483 2423 1704 2482 misericordia.
1723 2430 1782 2482 Vos
1803 2444 1858 2500 crgo

163 2516 351 2584 dantes,cum
365 2512 503 2567 infirmus
519 2511 628 2567 videret
643 2509 760 2565 divitem
772 2507 920 2564 etsuosin
931 2525 985 2564 sua
1039 2510 1152 2578 divites,
1175 2528 1211 2567 ne
1236 2512 1374 2569 similitor
1396 2512 1477 2568 vobis
1502 2513 1670 2587 contingat,
1688 2515 1803 2584 discite,
1818 2534 1859 2590 per

160 2604 287 2664 sanitate
301 2600 490 2669 exsultantes,
506 2617 574 2655 cum
589 2597 722 2656 esuriens
740 2597 851 2654 videret
865 2598 984 2653 divitem
1038 2600 1283 2673 compassionem,
1294 2601 1371 2658 inter
1379 2601 1493 2657 divitias
1501 2601 1657 2658 miseriam
1670 2608 1703 2659 et
1714 2604 1859 2661 misericor

159 2700 189 2754 et
207 2711 288 2761 suos,
303 2709 338 2749 ex
362 2690 455 2746 nimia
477 2688 628 2745 saturitate
657 2691 832 2754 eructantes,
849 2704 916 2744 cum
941 2690 984 2743 tot
1038 2689 1273 2762 diam,quianon
1288 2690 1415 2747 inveniet
1429 2690 1459 2746 in
1475 2690 1531 2746 alia
1543 2690 1607 2747 vita
1621 2691 1857 2761 misericordiam,

160 2782 288 2842 miseriis
303 2796 423 2855 pressus
437 2777 546 2835 videret
573 2779 703 2851 quotidie
728 2777 846 2833 divitem
870 2781 899 2831 ct
914 2793 984 2832 suos
1038 2779 1134 2851 quiin
1150 2779 1208 2835 ista
1223 2796 1281 2835 non
1297 2779 1432 2836 habuerit
1446 2796 1521 2836 eam.
1537 2779 1622 2837 Unde
1636 2781 1786 2840 Jacobus:
1796 2784 1858 2841 ludi·

158 2878 203 2931 tot
213 2869 456 2947 prosperitatibus
471 2867 685 2939 praellorentos‘?
696 2867 819 2940 Magnus
835 2870 912 2921 certe
924 2868 985 2922 erat
1037 2869 1111 2923 cium
1125 2870 1185 2923 sinc
1200 2868 1391 2925 inisericordie
1404 2869 1450 2940 fiet
1463 2870 1490 2926 ci
1503 2871 1550 2941 qai
1571 2886 1626 2926 noa
1649 2874 1754 2943 lecerit
1765 2875 1857 2929 meoi-

159 2963 216 3022 isto
231 2963 368 3027 Lazarus,
380 2957 429 3031 qui
444 2961 488 3013 tot
502 2956 719 3012 calamitatibus
734 2955 921 3028 premebatur
931 2971 984 3011 nee
1038 2957 1159 3014 cordiam
1174 2960 1241 3027 (tce.
1259 2961 1300 3026 u).
1316 2959 1349 3014 Et
1362 2960 1448 3025 mitte,
1464 2957 1570 3032 inquit,
1596 2963 1754 3031 Laconem,
1779 2971 1808 3018 at
1824 2966 1857 3017 ia·

160 3049 391 3125 opprimebatur,
402 3045 452 3119 qui
463 3049 505 3102 tot
515 3045 628 3117 patiens
639 3045 694 3100 luit
704 3043 917 3116 patiens,quem
929 3044 983 3100 etsi
1038 3048 1127 3116 tinqot
1151 3056 1304 3104 oxbemam
1327 3047 1411 3118 digiti
1432 3050 1477 3104 sai
1500 3049 1530 3103 ia
1547 3064 1667 3121 aquom,
1686 3060 1719 3108 at
1734 3054 1859 3124 refrigeret

159 3136 329 3212 totllogclla
342 3138 500 3201 torserunt,
516 3138 615 3190 tamen
630 3133 799 3205 patientiam
814 3149 873 3187 non
888 3136 982 3187 extor-
997 3127 1019 3195 C
1039 3138 1165 3206 tirapeom
1175 3153 1274 3205 meam,
1286 3139 1354 3210 qaia
1364 3139 1510 3194 cruciaria
1523 3137 1575 3193 tac
1587 3141 1723 3210 flamma,
1733 3142 1803 3198 3000
1813 3142 1857 3196 fn.

159 3223 508 3297 seruntllxemplohujus
518 3222 632 3279 discant
643 3238 785 3294 pauperes
796 3226 823 3278 et
834 3222 982 3278 infirmiin
1036 3231 1096 3283 tres
1111 3243 1201 3299 quam
1217 3225 1357 3282 terribilis
1372 3229 1417 3283 est
1427 3231 1502 3283 Deus
1511 3224 1539 3282 in
1548 3226 1689 3285 consiliis
1700 3230 1857 3303 superfilios

158 3316 221 3376 suis
232 3312 783 3376 adversitatibusnonmurmurare,non
795 3310 983 3367 divitesdam·
1037 3315 1190 3372 hominum
1207 3316 1291 3387 (Psoi.
1308 3317 1383 3387 nav).
1401 3315 1492 3384 Dives,
1509 3316 1558 3387 qui
1585 3316 1686 3374 micas
1711 3320 1749 3375 de
1772 3335 1858 3376 mensa

158 3422 239 3475 nare,
251 3404 303 3461 sed
313 3403 406 3459 Deum
421 3399 600 3467 benedicere,
612 3404 641 3454 et
655 3398 768 3471 flagella
784 3399 909 3472 peccatis
919 3400 982 3456 suis
1036 3422 1091 3463 sua
1104 3404 1241 3461 cadentes
1254 3404 1393 3460 esurienti
1409 3405 1479 3461 dare
1494 3403 1614 3461 nolebat
1629 3410 1755 3477 Lazaro,
1767 3409 1802 3464 ad
1815 3409 1857 3464 hoc

156 3494 312 3554 ascribere.
320 3492 436 3547 Elaeae
447 3489 492 3545 itti
501 3488 593 3555 aaut,
601 3488 670 3561 quia
681 3487 757 3545 sicut
767 3488 982 3546 divesimmise·
1032 3495 1114 3566 Justo
1121 3492 1233 3565 judicio
1244 3493 1389 3550 adductus
1399 3498 1445 3550 est
1454 3496 1486 3549 ut
1494 3493 1602 3550 ardeus
1612 3500 1737 3567 guttam
1748 3498 1856 3571 aquede

157 3579 414 3647 ricorserat‚itaet
426 3576 980 3646 immisericordesministroshabebat,
1036 3582 1127 3657 digito
1142 3583 1242 3638 Lazari
1257 3586 1378 3654 peteret,
1394 3587 1423 3639 et
1446 3599 1503 3639 non
1527 3583 1689 3655 acciperet.
1709 3587 1764 3652 Qui
1787 3587 1811 3643 si
1822 3585 1855 3641 rel

153 3665 981 3744 juxtailludSalomonis:Impiasprincepsomncsministros
1035 3670 1127 3728 micas
1142 3671 1166 3727 ci
1184 3688 1235 3743 per
1250 3671 1481 3729 misericordiam
1495 3671 1638 3741 dedisset,
1658 3673 1782 3748 aliquod
1791 3675 1855 3732 relri
1881 3670 1886 3679 “

158 3758 346 3830 bobetimpios
357 3757 538 3828 (Proaxxna).
550 3755 645 3810 -Sed
659 3762 685 3811 et
698 3771 778 3810 canes
789 3757 939 3826 ueniebant,
956 3765 982 3814 et
1035 3761 1148 3833 gerium
1164 3759 1193 3815 in
1209 3760 1302 3833 poenis
1319 3762 1472 3818 inveniret.
1490 3762 1769 3834 ltaque,sratres,si
1784 3766 1854 3821 culus

157 3849 298 3921 lingebant
312 3846 404 3902 abero
418 3846 486 3918 ejas.
499 3843 552 3900 Ubi
564 3843 651 3900 homo
662 3861 742 3900 servo
754 3844 803 3900 Dei
815 3843 982 3903 ministrare
1034 3849 1412 3919 miscricordiaminvenire,
1421 3849 1656 3906 misericordiam
1671 3853 1855 3922 faciterooatc

157 3935 371 4004 contemnebat,
388 3934 492 4001 bestia,
508 3936 595 4005 prout
609 3936 731 4006 poterat,
748 3934 901 3990 serviebat.
1034 3955 1177 4011 pauperes
1192 3938 1227 3993 ad
1244 3936 1376 3994 convivia
1389 3937 1546 4008 vestra,vel
1558 3937 1671 3997 saltem
1683 3943 1754 4000 date
1764 3958 1855 4000 mense

193 4027 333 4100 Sequitur
347 4041 415 4098 pars
429 4022 525 4091 tertia,
541 4022 570 4078 in
587 4039 646 4095 qua
668 4022 805 4095 pauperis
826 4024 979 4096 premium
1032 4031 1134 4084 vestrae
1164 4026 1314 4099 reliquias,
1337 4026 1404 4082 dato
1427 4026 1470 4083 vel
1497 4026 1636 4084 cadentes
1669 4032 1778 4100 micas,
1794 4029 1854 4087 nesi
1878 4036 1884 4045 “

156 4115 343 4183 describitur,
363 4130 430 4169 cum
458 4111 595 4169 subditur
611 4128 617 4167 :
633 4114 744 4167 Factam
769 4119 808 4167 cst
832 4121 923 4170 autem
950 4122 981 4172 at
1034 4115 1087 4173 has
1117 4117 1190 4172 sorte
1218 4115 1288 4171 dare
1315 4114 1505 4189 negligeritis,
1522 4115 1717 4190 refrigerium
1747 4121 1777 4177 in
1802 4121 1854 4193 igne

154 4212 307 4264 moreretur
324 4202 474 4269 mendicas,
490 4209 517 4256 et
529 4207 683 4272 portaretur
698 4200 735 4255 ot
750 4201 856 4270 irrigetis
871 4203 901 4256 in
915 4203 980 4258 siaa
1033 4223 1091 4261 non
1107 4204 1271 4261 inveniatis.
1289 4205 1344 4261 Sed
1361 4221 1414 4262 our
1431 4204 1512 4262 dives
1535 4206 1638 4278 potius
1653 4206 1688 4264 in
1706 4209 1808 4284 lingua
1819 4226 1854 4265 ar

154 4292 283 4350 Atreias.
312 4291 428 4347 Fratres
457 4287 633 4356 charissimi,
662 4289 723 4360 quia
748 4290 821 4344 sicet
847 4289 979 4346 Deraiaat
1032 4294 1107 4350 sisse
1122 4297 1312 4362 memoratur,
1331 4292 1388 4350 nisi
1410 4293 1480 4366 quia
1507 4295 1726 4352 comessationi
1741 4297 1854 4354 eisociz

151 4387 330 4443 carnosas
345 4379 437 4452 quiin
458 4377 523 4433 attis
547 4376 661 4445 lectitat,
677 4385 704 4432 et
723 4377 841 4432 itamitio
867 4381 978 4450 respicit
1031 4382 1096 4453 ejus
1110 4381 1279 4454 loquacitati
1295 4382 1608 4439 servieratilitoititti
1624 4385 1853 4449 Abrotomffiiti,

151 4473 184 4529 io
196 4473 262 4527 coeto
276 4477 301 4527 et
316 4470 345 4524 in
361 4476 444 4533 terra,
460 4467 596 4522 suscitans
621 4482 638 4520 o
662 4473 734 4521 terro
762 4467 879 4538 inopem,
900 4475 926 4523 et
944 4467 977 4523 de
991 4501 1015 4566 D
1030 4467 1181 4538 recordere,
1197 4469 1264 4540 qaia
1290 4471 1419 4541 recepisti
1447 4473 1516 4525 tono
1538 4470 1569 4524 in
1584 4471 1643 4525 trito
1658 4479 1723 4544 tao,
1738 4481 1766 4530 et
1780 4475 1854 4529 Last-

149 4565 269 4618 ttercore
290 4560 398 4628 eriperis
419 4558 590 4628 pauperem?
605 4555 691 4623 (Patri.
707 4558 785 4623 cxii.)
799 4555 872 4610 Ecce
887 4571 975 4628 quem
1029 4573 1077 4612 ras
1091 4557 1222 4612 similiter
1244 4557 1330 4613 anolo.
1360 4557 1439 4613 lianc
1465 4574 1527 4614 aero
1555 4559 1732 4626 consolatur,
1749 4571 1779 4619 ta
1805 4576 1854 4620 cert

149 4648 239 4707 homo
261 4648 408 4714 abhorret,
424 4644 601 4716 dedignatur
614 4647 642 4699 et
658 4643 782 4716 refugit3
800 4644 867 4715 pius
887 4661 976 4717 super
1028 4647 1172 4702 cruciatis.
1186 4643 1301 4711 Nullus,
1317 4644 1422 4702 iratres
1450 4645 1628 4717 charissimi,
1661 4650 1741 4707 adeo
1770 4651 1854 4708 malus

149 4732 792 4807 omnioDominusperministeriumsuorum
806 4737 974 4790 sanctorum
1028 4739 1073 4792 est
1096 4735 1168 4807 quin
1192 4733 1303 4807 aliquid
1328 4734 1397 4790 boni
1422 4733 1579 4807 aliquando
1607 4735 1715 4796 iaciat.
1732 4740 1790 4797 Nec
1811 4739 1853 4795 ali·

71 4858 77 4868 ι
149 4827 332 4901 angelorum,
346 4823 445 4882 visitat
460 4825 487 4878 ct
502 4821 635 4895 suscipit,
653 4821 832 4878 transferens
851 4822 886 4878 de
904 4827 974 4879 ster·
1028 4824 1095 4896 quis
1111 4824 1181 4879 adeo
1196 4821 1226 4877 in
1243 4822 1297 4878 hac
1320 4823 1380 4878 vita
1407 4827 1529 4879 sanctus
1556 4827 1602 4880 est
1625 4826 1706 4897 quin
1732 4830 1855 4903 aliquau-

148 4915 273 4986 quiliuio
293 4914 481 4990 margaritam
504 4912 672 4985 pretiosam,
686 4916 715 4967 et
729 4911 758 4965 in
774 4912 859 4967 beata
873 4913 973 4984 requie
1027 4913 1064 4969 do
1080 4915 1230 4985 peccatum
1246 4910 1343 4967 faciat.
1359 4911 1437 4969 Deus
1452 4916 1549 4969 aulem
1569 4913 1679 4983 justus
1690 4917 1787 4989 judex
1799 4917 1854 4974 uul-

146 4999 972 5060 suorumcollocanselectorumllstalitemsinusAbrahae
1026 5001 1089 5057 lum
1104 5001 1214 5057 bonum
1230 4998 1369 5072 relinquit
1388 5000 1651 5069 irremuneratum,
1671 5022 1730 5062 nec
1746 5006 1854 5081 aliquod

142 5088 227 5148 locus
242 5091 272 5147 in
287 5091 430 5164 superiori
446 5090 561 5146 interno
578 5088 801 5161 tranquillus,in
814 5106 871 5162 quo
882 5088 971 5161 quiin
1026 5093 1178 5163 peccatum
1189 5088 1377 5162 impunitum.
1386 5088 1607 5162 ltaquedivessi
1617 5092 1695 5164 quid
1708 5096 1780 5152 boni
1791 5097 1856 5152 inter

140 5177 199 5234 ilde
207 5178 331 5235 Abrahe
338 5178 547 5244 moriebantur,
559 5178 971 5251 cumrequiescebant,cxspe·
1025 5177 1119 5235 multa
1128 5177 1207 5234 mala
1218 5179 1332 5246 lecerat,
1341 5182 1529 5234 remunerata
1539 5184 1611 5235 sunt
1621 5180 1648 5235 ei
1659 5181 1695 5238 in
1706 5184 1856 5242 collatione

137 5266 415 5325 stabantchristum
428 5266 478 5338 qui
490 5266 532 5323 eis
545 5284 668 5339 regnum
682 5267 820 5322 coelorum
832 5267 968 5339 aperiret.
1024 5267 1195 5340 temporalis
1221 5264 1420 5338 prosperitatis
1436 5282 1528 5337 quam
1543 5269 1678 5326 amabat.
1697 5272 1737 5329 Et
1752 5274 1778 5331 si
1794 5273 1856 5348 qnid

172 5356 314 5431 Sequitur
338 5371 408 5426 pars
439 5358 556 5424 quarta,
571 5355 600 5410 in
616 5372 675 5428 qua
690 5355 865 5411 describitur
885 5371 971 5427 pena
1024 5356 1094 5414 mali
1111 5358 1236 5411 Lazarus
1251 5354 1325 5409 inter
1338 5352 1858 5437 fidem,spem,constantiam,etps

139 5442 239 5505 divitis
254 5460 323 5501 cum
339 5440 480 5498 subditur
496 5457 503 5494 z
520 5443 640 5500 Mortuos
655 5454 694 5500 est
708 5453 799 5500 autem
813 5453 839 5500 ct
853 5444 970 5512 ‹liuraet
1024 5444 1155 5501 tientiam
1181 5448 1353 5512 craterasque
1377 5439 1502 5497 virtutes
1527 5443 1648 5514 lecerat,
1666 5453 1773 5507 totum
1788 5452 1858 5527 ignis

138 5535 260 5605 sepulte
275 5537 318 5589 est
330 5531 362 5584 in
375 5529 528 5597 infernum.
540 5530 612 5586 Ecce
622 5548 711 5603 quem
722 5533 807 5588 turba
818 5532 968 5589 ministro·
1023 5531 1193 5604 temporalis
1209 5525 1403 5584 tribulationis
1418 5527 1556 5600 expiavit.
1575 5531 1615 5587 Et
1628 5542 1772 5610 econtra,
1788 5539 1860 5597 mala

140 5627 244 5707 caragi
253 5615 421 5719 &mlfflium
432 5611 658 5675 circumfovebat
668 5623 696 5675 et
705 5618 969 5696 palpabat,rapitur
1022 5619 1122 5678 divitis
1135 5617 1237 5696 punita
1250 5619 1319 5674 sunt
1331 5613 1362 5673 iu
1374 5618 1486 5674 eterna
1497 5633 1601 5695 poena,
1618 5624 1651 5680 st
1660 5622 1752 5686 Mna
1764 5627 1858 5688 LGri
1894 5654 1899 5797 ¹

20 5914 110 5946 ..
1337 5902 1346 5917 ,
1884 5800 1899 5945 l
