3816 6006
19 258 35 345 i
81 283 160 355 iffi!
412 287 589 352 boulara
608 288 649 350 itt
671 287 798 350 amsa.
821 287 873 349 Bi*
893 285 1038 353 HANG.
1061 286 1289 351 boulaio.»
1303 287 1404 350 PARS
1425 288 1451 349 1.
1682 320 1685 325 ’
1708 291 1787 355 tait

10 406 30 477 !
78 424 195 488 ritatem
206 421 297 496 gerlt3
310 434 368 479 non
378 419 504 488 sibi,scd
514 419 639 478 Domino
649 419 811 492 hospitium
823 422 906 492 parat
918 418 947 489 Α
961 434 1013 492 per
1039 418 1128 476 valles
1156 419 1377 493 desperationis.
1402 419 1522 493 Propter
1550 419 1605 478 hoc
1633 421 1787 498 subjungit

12 496 28 555 3
79 518 108 571 st
122 513 263 573 honorem
279 510 392 585 quierit.
409 510 458 567 Sic
480 509 607 568 loannes
624 510 781 566 adventum
797 507 905 565 Christi
959 508 1101 582 propheta
1118 527 1124 564 :
1142 509 1235 566 Omnia
1255 511 1336 566 voilia
1360 507 1531 582 implebitur,
1548 517 1576 566 et
1598 512 1686 567 manis
1708 527 1786 568 meaa

10 588 26 639 ³
77 607 219 677 tanquam
235 615 399 675 precursor
416 599 575 672 praecessit,
589 599 674 671 juxta
688 598 766 670 quod
782 595 906 670 angelus
958 606 984 655 et
998 599 1075 656 cellia
1090 598 1282 656 humiliabitur
1296 599 1361 670 (lca.
1377 598 1434 672 xa),
1452 602 1484 655 ut
1499 597 1612 656 seilicet
1632 599 1785 673 aequalitas

76 691 250 766 praedixerat
264 690 299 748 de
313 706 347 747 eo
364 706 371 745 ι
387 693 448 762 ipse
457 688 592 762 procedet
605 695 668 744 orris
689 688 771 744 ittam
793 689 822 743 in
845 689 905 759 api·
958 686 1035 746 inter
1049 688 1307 762 praesumptionem
1329 693 1358 745 et
1379 688 1612 760 desperationem
1637 691 1783 749 teneatur.

10 768 24 809 ¹
76 782 285 841 naciones
298 779 376 837 Elia!
389 782 466 848 (tae.
481 777 513 851 ι).
530 776 593 836 Non
616 792 714 844 suam,
729 776 781 834 sed
796 775 903 833 Christi
957 776 1232 844 Rectitudinom,ut
1255 776 1445 846 sollicetum
1469 778 1505 834 ad
1521 777 1669 834 dexteram
1692 777 1781 835 deeli-

10 860 21 899 '
76 870 281 927 auctoritatam
310 867 488 943 predicavit.
513 867 576 923 Non
605 880 683 934 sum,
712 864 819 938 iuquit,
848 881 903 939 ego
957 868 1147 935 nent‚neead
1163 865 1386 935 sinistram‚sed
1403 859 1587 922 mediocriter
1601 869 1782 925 teneantlta

75 960 285 1027 Christasmm
298 973 365 1015 aum
380 973 518 1030 sponsus,
528 955 579 1012 sed
594 956 709 1012 amicus
723 954 901 1027 sponsiNon
955 955 1068 1012 scilieet
1080 960 1200 1014 teneant
1211 955 1415 1013 rectitudinem
1426 955 1560 1028 justitie,
1572 956 1649 1028 quod
1664 973 1721 1013 noa
1733 958 1780 1015 de·

75 1049 143 1115 sibi,
157 1049 210 1106 sed
233 1047 357 1104 Domino
379 1046 457 1103 viam
480 1049 511 1102 at
532 1042 693 1116 hospitium
717 1042 899 1117 preparavit.
955 1044 1205 1104 clinentadextris
1216 1046 1252 1102 ad
1263 1045 1386 1101 nimiam
1396 1044 1554 1114 laxitatem,
1562 1045 1779 1104 neeasinistris

74 1137 157 1195 Unde
171 1141 200 1194 et
214 1135 349 1210 sequitur
364 1152 371 1192 :
388 1137 445 1209 Qvi
455 1135 628 1209 preparavit
648 1135 722 1190 viam
744 1140 820 1190 taam
837 1140 901 1190 aab
954 1135 990 1191 ad
1006 1133 1218 1192 crudelitatem.
1235 1135 1278 1191 lta
1291 1138 1408 1192 teneant
1418 1134 1619 1191 fortitudinem
1630 1135 1708 1207 quod
1719 1152 1777 1193 noa

73 1236 109 1284 te.
125 1225 299 1300 Praparavlt
312 1225 393 1282 anim
415 1224 542 1281 ioannes
566 1223 682 1280 Christo
700 1222 778 1279 viam
793 1221 899 1296 pradi-
953 1223 1778 1293 dedinentadaudaciam,necadtimiditatemdtateneani

72 1311 898 1389 cando,baptizando,dem0nstrando.Nonsolumautem
952 1313 1223 1387 sapientiam‚quod
1233 1332 1292 1370 noa
1302 1313 1449 1371 declinent
1463 1314 1498 1370 ad
1513 1309 1715 1384 calliditatem,
1724 1330 1776 1371 nec
1855 1366 1858 1373 ι

71 1405 211 1474 ioannes,
227 1403 382 1461 sedetiam
399 1401 520 1476 quilibet
533 1400 714 1474 predicator,
730 1404 760 1457 ot
774 1398 899 1472 quilibet
952 1403 988 1459 ad
1003 1402 1233 1476 simplieitatem.
1251 1405 1293 1460 lta
1306 1407 1425 1460 teneant
1445 1401 1680 1474 temperantiam,
1697 1403 1776 1476 quad

72 1495 176 1564 tidelis,
193 1493 243 1569 qui
270 1492 392 1550 verbum
415 1491 481 1548 rita
504 1490 707 1565 peccatoribus
730 1488 896 1556 annuntiat,
952 1509 1010 1549 non
1024 1491 1171 1550 declinent
1185 1493 1221 1548 ad
1238 1490 1430 1559 nimietatem,
1444 1508 1496 1547 nec
1511 1492 1548 1548 ad
1564 1491 1773 1559 minoritatem.

70 1583 194 1658 angelus
208 1577 259 1640 ba
275 1583 333 1640 dlcl
348 1585 454 1656 potest,
470 1581 542 1637 dum
558 1580 583 1638 oi
598 1580 677 1636 viam
692 1583 721 1636 et
734 1576 896 1651 hospitium
951 1581 1388 1656 ltateneantlargitatem,quod
1399 1598 1456 1638 non
1468 1579 1614 1637 declinent
1627 1581 1664 1638 ad
1679 1580 1775 1654 prodi·

71 1674 101 1730 ih
115 1673 254 1731 cordibus
277 1671 431 1730 hominum
447 1673 600 1744 preparat.
616 1668 699 1726 Unde
712 1666 871 1725 Malachiae
887 1682 893 1722 :
950 1669 1109 1743 galitatem,
1126 1688 1178 1730 aee
1194 1672 1230 1729 ad
1246 1670 1408 1728 avaritiam.
1424 1671 1467 1727 lta
1490 1669 1633 1743 castigent
1655 1687 1772 1744 corpus,

71 1763 166 1832 bobio,
192 1761 297 1835 lnquit,
312 1759 460 1818 scandetis
483 1759 639 1816 maledi-eat
660 1758 803 1815 scientiam
816 1763 843 1813 et
856 1756 895 1814 ie·
950 1759 1027 1832 quod
1043 1777 1102 1817 non
1117 1759 1253 1828 luxuriet,
1265 1776 1318 1816 nce
1333 1760 1458 1828 deficiat,
1470 1758 1543 1826 Quid
1559 1758 1666 1832 plural
1680 1759 1775 1817 ltate-

68 1868 131 1923 pem
156 1853 297 1924 requirent
321 1846 354 1908 rie
373 1865 420 1907 ore
441 1849 523 1921 cjaa,·
547 1849 660 1920 angelos
683 1847 758 1903 enim
784 1846 896 1903 bomini
948 1847 1774 1923 neaatvirtutes,quodvitiaevitentcollateralia.Propter

67 1942 240 1998 exercitatam
253 1948 292 1997 sat
305 1938 387 2014 (Mal.
403 1937 446 2011 ιι).
462 1938 572 2010 ltaque,
584 1938 697 2004 iratres,
709 1952 763 1993 nos
778 1934 829 2008 qui
845 1951 896 1992 no·
948 1937 1003 1994 hoc
1016 1955 1085 2011 ergo
1099 1939 1254 2012 subjungit
1266 1938 1357 1995 isaias
1369 1956 1376 1995 :
1387 1940 1421 1995 Et
1433 1946 1513 1996 erant
1524 1954 1613 2011 prora
1626 1937 1656 1994 io
1670 1937 1774 1997 directa

66 2030 165 2087 marus
178 2029 273 2104 legam
288 2027 423 2097 liei,aliis
437 2027 614 2084 annuntiare
629 2043 686 2084 aon
702 2028 894 2094 cessemus,at
947 2026 1087 2100 (micant
1101 2028 1213 2085 seilicet
1227 2028 1349 2085 torturis
1364 2027 1480 2096 ablatis,
1496 2027 1559 2084 sola
1572 2027 1715 2084 rectitudo
1730 2032 1773 2085 te-

67 2120 94 2175 ei
109 2118 186 2176 viam
201 2120 236 2175 sd
253 2117 341 2175 corda
360 2117 514 2174 hominurn
540 2130 748 2189 preparemus,
765 2130 824 2173 non
840 2130 893 2171 no·
947 2120 1060 2173 neatur.
1076 2116 1242 2184 Planitiem,
1259 2120 1291 2173 ut
1306 2116 1418 2173 scilieet
1441 2134 1498 2173 non
1520 2117 1626 2174 habeat
1647 2115 1771 2190 paludes

67 2213 174 2276 atham,
188 2209 239 2265 sed
255 2208 321 2281 ejus
341 2206 481 2263 honorem
497 2207 527 2261 in
550 2205 690 2261 omnibus
713 2213 891 2276 queramus,
945 2205 1127 2277 voluptatum
1140 2210 1169 2262 et
1180 2204 1571 2278 libidinum,necscrupulos
1585 2205 1771 2264 secularium

65 2292 705 2368 utoiliaioetaominaangelorumdigniesse
715 2308 890 2350 mereamur.
946 2295 1189 2353 sollicitudinum.
1206 2295 1281 2359 Ouid
1296 2297 1387 2365 enim,
1410 2296 1516 2352 iratres
1530 2296 1599 2363 mei,
1615 2295 1685 2369 quid
1700 2301 1772 2353 sunt

64 2387 107 2443 Ad
123 2386 200 2460 quod
216 2402 270 2444 aas
284 2385 418 2442 hortatur
432 2383 590 2440 Psalmista
603 2383 704 2439 dicans
720 2397 727 2437 :
744 2382 893 2455 iterfacite
946 2385 1109 2458 voluptates
1123 2390 1153 2443 et
1168 2384 1317 2454 libidines,
1331 2386 1388 2442 nisi
1410 2385 1544 2458 quedam
1559 2385 1682 2458 paludes
1705 2403 1770 2459 qua

62 2479 91 2534 ei
103 2479 155 2550 qai
166 2476 289 2535 samaa
304 2490 387 2549 saper
407 2489 530 2530 semaam
544 2491 554 2529 .·
568 2474 700 2529 Dominus
723 2487 821 2527 mesca
846 2471 893 2527 ilii
946 2474 1074 2532 animam
1090 2474 1240 2532 maculant
1254 2480 1283 2531 et
1298 2475 1592 2547 retardant‘llltquid
1609 2480 1679 2532 sunt
1693 2474 1771 2533 solli·

63 2560 149 2640 (Ptol.
174 2565 269 2638 mvn).
293 2564 390 2637 Super
415 2579 551 2620 oceasum
580 2561 724 2618 Dominus
747 2559 890 2629 ascandit,
944 2563 1089 2621 citudines
1112 2563 1202 2636 hujus
1224 2563 1339 2635 mundi,
1354 2564 1412 2620 nisi
1428 2564 1560 2636 quadam
1583 2563 1770 2636 ollendicula,

63 2668 132 2713 cam
148 2659 272 2713 mertem
287 2652 467 2725 resurgendo
489 2650 646 2724 superavit.
661 2647 736 2707 Huic
749 2647 804 2705 iter
820 2648 890 2705 laci·
944 2669 1008 2725 que
1018 2652 1150 2710 animam
1160 2651 1394 2726 precipitantvel
1404 2651 1575 2709 retardanti
1585 2653 1705 2726 Propter
1715 2652 1769 2711 hcc

63 2758 142 2815 mus,
168 2745 242 2800 dam
261 2742 384 2801 verbam
405 2739 551 2814 ejusaliis
576 2737 890 2796 annuntiamus.Nam
944 2740 1068 2814 ergoait
1090 2740 1767 2816 propheta:Etaapcrciooioaptaoao(lbid.).
1842 2755 1849 2770 ·

64 2830 272 2906 predicatione
283 2834 458 2906 personante
472 2829 509 2886 ad
524 2844 637 2896 aurem,
652 2827 796 2885 Dominus
810 2826 890 2884 venit
944 2830 1083 2902 Sequitur
1096 2846 1166 2904 pars
1179 2828 1274 2896 tertia,
1300 2830 1331 2885 in
1352 2847 1413 2903 qua
1433 2829 1561 2888 ostendit
1584 2827 1769 2904 avangelista

62 2920 355 2979 remoramina
379 2924 408 2976 et
431 2917 565 2992 sequitur
582 2933 589 2974 ι
607 2921 669 2974 Vox
690 2917 835 2974 alcmonia
858 2918 890 2972 in
944 2919 1090 2991 quomodo
1113 2919 1276 2978 secundum
1290 2919 1443 2991 prelatum
1459 2917 1539 2976 isaia
1553 2918 1766 2992 testimonium,

63 3010 175 3068 macria
200 3011 289 3068 Porro
310 3025 365 3066 vos
388 3009 477 3066 habet
499 3007 579 3064 tria:
596 3005 734 3079 precedit
754 3005 887 3073 verbum,
942 3007 1069 3065 ioannes
1092 3006 1207 3064 Christo
1231 3007 1435 3081 properaverit
1461 3006 1539 3064 viam
1564 3007 1665 3064 dicens
1681 3023 1688 3062 ι
1706 3008 1768 3065 Fuit

64 3100 212 3175 signifieat
225 3100 357 3167 verbum,
373 3098 430 3154 aito
445 3096 562 3163 transit,
577 3095 664 3152 verbo
679 3092 709 3151 in
725 3094 811 3152 eorde
824 3110 889 3167 per·
942 3101 1061 3155 Jooooes
1077 3099 1108 3153 io
1120 3097 1224 3154 deserto
1233 3097 1389 3169 predicans
1398 3106 1424 3154 ct
1435 3098 1576 3170 baptisans
1587 3097 1720 3169 baptismo
1727 3095 1765 3170 (1)

61 3194 209 3246 manente.
225 3189 278 3260 ita,
294 3188 408 3255 iratres,
423 3185 552 3243 loannes
576 3183 698 3240 luitvox
719 3182 885 3240 clamantis.
902 3169 923 3237 C
939 3188 1108 3259 penitentiae
1141 3188 1172 3242 io
1203 3188 1392 3243 roniasieaem
1421 3194 1603 3258 peccatoram.
1638 3185 1766 3244 ioannes

59 3278 217 3335 Praecurrit
230 3277 351 3334 verbam
365 3275 427 3343 Dei,
441 3273 514 3330 illud
530 3271 713 3346 predicando
727 3275 757 3328 at
771 3272 889 3330 demon·
941 3275 1050 3349 quippe
1064 3292 1144 3332 more
1165 3275 1233 3333 boni
1249 3274 1455 3348 predicatoris.
1472 3292 1530 3333 non
1554 3273 1651 3332 solum
1665 3275 1763 3344 verbo,

59 3366 183 3426 strando
197 3364 382 3440 significavit.
398 3364 459 3420 Cito
473 3363 539 3435 ejus
553 3360 720 3434 pradicatio
734 3365 763 3419 et
788 3360 887 3435 opinio
941 3364 1104 3421 sedetiam
1129 3363 1260 3438 exemplo
1283 3364 1361 3420 viam
1387 3364 1501 3421 Christo
1525 3363 1706 3438 preparavit.
1732 3364 1769 3420 Et

57 3456 187 3525 transiit,
202 3454 290 3511 verbo
306 3450 357 3510 Dei
382 3468 500 3526 semper
520 3453 719 3524 permanente.
735 3449 887 3507 Clamabat
940 3455 1023 3528 prius
1034 3454 1065 3511 in
1080 3470 1122 3523 se,
1138 3457 1205 3527 post
1217 3453 1247 3509 in
1263 3452 1349 3510 aliis:
1367 3453 1399 3509 ln
1414 3470 1456 3526 se,
1471 3453 1549 3510 viam
1564 3451 1678 3510 Christo
1693 3469 1767 3527 pra-

58 3549 157 3603 antem
173 3544 204 3599 in
219 3543 334 3599 deserto
345 3539 572 3610 iudae,seilioet
586 3539 623 3596 ab
638 3538 719 3596 omni
733 3539 810 3596 bono
821 3540 885 3612 jam
939 3543 1147 3617 parasitando
1162 3543 1348 3600 sanctitatem
1362 3543 1427 3612 eius
1441 3542 1560 3615 exponit
1569 3540 1766 3616 avangelista:

57 3631 229 3701 desertas,in
245 3646 376 3705 quanon
392 3628 886 3701 amavirtutummedspinevitio·
937 3634 1013 3702 Fuit,
1038 3632 1145 3704 inquit,
1174 3634 1292 3690 ioannes
1320 3634 1350 3689 ia
1377 3633 1490 3689 deserto.
1519 3631 1550 3688 ln
1580 3630 1656 3703 aliis,
1688 3630 1768 3689 viam

56 3736 124 3779 rum
139 3721 318 3788 crescebant,
335 3725 364 3778 et
386 3721 519 3777 monstra
541 3717 696 3784 scelerum,
713 3734 771 3774 noa
786 3716 885 3791 imago
939 3720 1052 3778 Christo
1067 3721 1251 3794 preparavit,
1267 3722 1344 3778 unde
1366 3725 1395 3777 et
1419 3720 1517 3794 plures
1541 3722 1577 3778 ad
1603 3737 1671 3778 eum
1697 3738 1768 3778 eon·

56 3811 108 3869 Dei
123 3811 286 3868 habitabat.
308 3809 372 3866 Non
395 3808 493 3867 solum
513 3812 613 3865 autem
634 3807 772 3876 loannes,
789 3807 840 3864 sed
855 3812 885 3864 et
938 3810 1059 3868 fluxisse
1074 3811 1253 3878 reseruntur,
1269 3827 1337 3867 cum
1348 3809 1456 3867 dicitur
1467 3828 1474 3866 ι
1485 3811 1518 3866 m
1531 3810 1720 3883 coredicbctor
1731 3810 1767 3867 ad

57 3916 122 3970 nos,
152 3900 268 3971 iratres,
283 3914 338 3956 vox
358 3896 514 3955 clamantis
537 3908 652 3964 sumas,
667 3895 693 3953 si
716 3895 746 3952 in
771 3895 886 3953 deserto
940 3916 1003 3957 com
1017 3899 1224 3958 omniaiadoeoe
1238 3902 1327 3974 rapio,
1343 3903 1397 3956 ete.
1413 3899 1606 3956 Preouourrit
1620 3897 1768 3972 igiturlu·

57 3990 148 4062 hujus
164 3989 266 4045 mundi
282 3993 449 4062 peccatores
459 3983 692 4060 increpandam
702 4001 752 4042 eos
768 3984 888 4042 commi·
941 4005 1028 4045 cerna
1042 3988 1145 4045 lucens
1160 3988 1344 4059 predicando
1359 4003 1393 4045 ea
1407 4004 1471 4059 qus
1482 3986 1616 4044 Christus
1627 3990 1689 4043 erat
1698 4003 1768 4059 pra·

58 4077 330 4151 natioaageheanas
349 4082 505 4146 terremus,
522 4076 547 4132 si
561 4074 683 4131 verbnm
699 4072 761 4141 Dei,
777 4072 808 4130 ia
822 4091 887 4131 cor·
940 4077 1102 4134 dicaturus.
1133 4076 1267 4134 Christus
1290 4076 1438 4148 siquidem
1467 4079 1529 4132 erat
1555 4074 1768 4148 predicaturus

58 4167 147 4225 dihrrs
161 4183 274 4234 eoram,
290 4166 378 4223 verbo
393 4169 423 4222 et
446 4163 577 4237 exemplo
602 4162 794 4220 seminamus.
811 4163 887 4231 Quid
941 4167 1052 4223 mundo
1064 4165 1276 4239 paenitentiam,
1286 4164 1477 4238 baptismum,
1487 4169 1644 4238 utramque
1656 4163 1703 4225 sui
1716 4181 1768 4222 na-

58 4255 228 4313 clamabat:
245 4258 346 4312 Parate
356 4256 431 4311 aiam
445 4253 564 4322 bomini,
580 4253 887 4324 redolentissimae
940 4259 1049 4322 taram,
1064 4253 1206 4313 moralem
1220 4254 1393 4322 doctrinam,
1410 4255 1574 4311 secundum
1596 4255 1765 4324 adventum,

57 4347 126 4419 eiua
143 4344 208 4402 Una
221 4349 267 4402 est
280 4344 328 4401 via
342 4358 460 4417 magna,
475 4357 527 4415 por
549 4357 639 4413 quarn
662 4339 748 4396 multi
763 4341 886 4398 vadunt.
940 4344 1063 4417 gloriam
1075 4344 1225 4415 justorum
1249 4347 1279 4400 et
1302 4360 1418 4415 pernam
1440 4344 1641 4416 reproborum.
1663 4343 1768 4400 Omnia

57 4435 175 4491 Semita
190 4439 262 4493 suat
277 4432 387 4507 ploras,
403 4433 578 4506 angustast
593 4429 818 4505 compendiosa.
834 4430 887 4488 Via
940 4434 1001 4491 hac
1011 4448 1175 4508 precursor
1187 4433 1404 4506 praenuntiavit.
1417 4432 1623 4491 Paenitentiam
1638 4446 1766 4504 namque

57 4524 149 4598 igitur
163 4527 209 4580 est
223 4522 390 4580 Christiana
411 4519 524 4593 religio,
538 4536 591 4593 per
613 4535 703 4593 quarn
727 4518 826 4593 plures
849 4520 885 4576 ed
899 4542 926 4611 D
940 4539 998 4579 non
1015 4520 1111 4579 solum
1127 4520 1295 4594 predicavit
1309 4521 1430 4578 dicens:
1447 4522 1538 4577 Facite
1551 4523 1657 4594 [nectos
1671 4520 1767 4593 ἀέριοι

57 4613 150 4669 Deum
165 4612 323 4678 vadunt‚et
334 4611 412 4668 Dens
427 4609 462 4665 ad
476 4608 575 4682 plures
589 4607 677 4665 vonit.
685 4608 801 4665 Semitas
816 4612 887 4667 sunt
939 4612 1119 4684 pacientia,
1133 4611 1183 4668 sed
1203 4609 1292 4668 etiam
1308 4610 1338 4665 iu
1354 4627 1384 4667 se
1400 4608 1531 4683 exemplo
1547 4608 1767 4681 demonstravit,

57 4700 258 4774 compendiosi
272 4703 303 4757 et
317 4699 389 4756 arcti
404 4697 484 4755 arodi
505 4696 630 4764 vivendi,
646 4701 681 4753 ot
702 4697 762 4754 vita
782 4697 887 4755 eremi·
941 4700 970 4755 in
996 4699 1153 4773 asperitate
1179 4699 1245 4769 loci,
1269 4699 1448 4766 restituam
1471 4698 1577 4755 victua
1603 4697 1680 4766 Loci,
1698 4696 1768 4770 quia

56 4790 125 4856 tica,
141 4788 309 4848 claustralis
334 4791 363 4846 et
385 4787 510 4845 reclusa.
536 4787 681 4859 Utraque,
706 4786 821 4856 iratres,
836 4787 886 4843 de·
940 4788 1083 4846 habitavit
1098 4788 1127 4844 in
1142 4789 1257 4846 deserto
1275 4788 1433 4856 solitarius,
1449 4788 1499 4860 qui
1517 4786 1653 4845 loeusest
1667 4802 1768 4845 coava-
1790 4845 1791 4848 ,

56 4879 129 4934 beat
143 4877 290 4950 pararint
304 4880 431 4950 quatuor
440 4874 888 4947 habeant,direetionem,aqua·
941 4876 1025 4933 niens
1041 4877 1331 4949 poenitentibus,tum
1342 4894 1379 4935 ne
1391 4875 1636 4935 cohabitationem
1652 4875 1769 4934 secula

57 4968 182 5032 litatem,
204 4965 421 5033 rectitudinem,
446 4969 476 5021 et
503 4963 665 5037 planitiem.
690 4963 886 5021 Direotionem
942 4966 1018 5022 rium
1034 4967 1071 5024 ad
1082 4966 1206 5038 pristina
1216 4970 1334 5039 peccata
1345 4966 1522 5023 relabantur.
1535 4966 1616 5023 Unde
1626 4969 1655 5024 et
1665 4967 1766 5035 David,

59 5054 128 5112 finis
145 5054 226 5110 atad
242 5053 391 5111 Christum
407 5055 506 5121 ducat,
522 5051 634 5125 quiesi
650 5052 717 5108 linis
740 5053 777 5109 ad
796 5053 886 5125 justi·
940 5056 1016 5124 Eece,
1033 5055 1139 5128 inquit,
1154 5057 1280 5126 elonpaui
1293 5057 1413 5128 papiens,
1429 5059 1458 5111 et
1470 5056 1564 5112 roaosi
1575 5057 1605 5111 io
1618 5055 1768 5113 solitudine

58 5145 132 5200 tiam
148 5143 228 5200 omni
243 5143 384 5200 eredenti.
398 5141 462 5199 Nisi
476 5141 556 5198 enim
569 5141 605 5197 ad
625 5140 773 5198 Christum
788 5143 886 5213 ducat,
941 5146 1027 5215 (Psoi.
1044 5148 1110 5216 arv),
1125 5148 1190 5200 tum
1206 5145 1275 5217 quia
1290 5145 1420 5200 lecerunt
1438 5161 1470 5201 se
1485 5144 1701 5202 cohabitatione
1714 5145 1767 5202 ho·

59 5249 119 5291 nou
133 5237 180 5290 est
194 5232 251 5302 via,
263 5233 314 5289 sed
328 5231 452 5288 inviam.
465 5231 585 5304 Propter
599 5229 655 5286 hoo
669 5230 712 5286 ait
724 5231 885 5303 propbeta:
942 5235 1057 5291 minum
1072 5233 1220 5308 indignos,
1232 5234 1301 5307 qaia
1316 5233 1392 5289 malo
1407 5233 1539 5307 exemplo
1564 5238 1766 5308 corruperunt,

58 5324 155 5379 liceras
176 5324 260 5395 facite
279 5323 391 5378 cernitar
403 5322 472 5395 ejas.
499 5318 715 5392 Bqaalitatem,
729 5323 763 5376 ut
777 5319 889 5377 scilieet
938 5325 1021 5397 justa
1036 5323 1113 5395 quod
1128 5323 1198 5380 Cain
1213 5327 1279 5397 post
1301 5322 1496 5380 fratricidium
1521 5324 1663 5400 prologus
1677 5323 1769 5380 luisse

58 5426 119 5471 aaa
133 5409 262 5469 aleretur
275 5426 327 5484 por
341 5413 456 5469 montes
466 5408 681 5483 soperbia,nsc
691 5407 889 5483 precipitatur
943 5415 1082 5471 nanatur
1096 5411 1175 5490 (Ceo.
1191 5415 1240 5484 ιι).
1256 5410 1398 5482 Vestitus,
1414 5412 1485 5489 quia
1504 5420 1564 5472 erat
1581 5415 1692 5473 coraus
1705 5412 1770 5472 oilie

95 5580 249 5668 troada
263 5587 362 5649 man
375 5584 636 5664 amaracum
649 5586 825 5665 armon

222 5717 360 5783 ramea.
381 5713 466 5783 CLV.
1566 5715 1607 5785 tt
