3816 6006
58 284 138 357 itte
620 295 808 357 aonnms.
827 326 865 339 -
884 294 908 356 1.
932 294 982 354 aa
1005 293 1203 356 rnuroaa.
1686 274 1764 357 ried

58 429 228 502 patientiam
240 428 401 484 veniturad
413 446 547 502 regnum,
560 429 635 484 sicut
651 445 702 499 per
717 426 884 501 superbiam
902 432 925 496 Α
943 431 970 482 et
984 426 1191 493 damnationis
1208 444 1252 484 ces
1267 428 1501 500 comprehendant,
1522 426 1591 483 illan
1607 429 1656 500 qai
1668 428 1766 483 amba«

57 518 215 573 veniturad
225 517 383 573 internum.
393 517 571 590 Deditigitur
583 535 683 573 rursus
695 518 779 574 nobis
790 535 884 573 exem-
938 517 976 570 lat
990 519 1019 570 iu
1031 517 1156 580 tcaelm's,
1174 520 1257 571 crescit
1272 533 1323 588 qao
1338 517 1427 572 eradat.
1446 516 1585 589 Quisquis
1601 514 1679 571 enim
1699 516 1767 571 sina¹

57 605 151 679 plum,
169 611 201 661 ut
216 623 268 678 pro
283 622 316 662 eo
332 609 360 661 et
371 607 406 661 ad
416 606 633 662 similitudieem
647 607 710 678 ejus
726 625 777 678 per
791 608 883 662 ebari-
936 621 1002 660 vera
1019 606 1073 659 tide
1088 611 1142 674 est,
1159 622 1255 660 errare
1273 611 1376 677 potest,
1393 605 1544 662 ambulare
1569 623 1626 661 non
1654 609 1761 677 petest.

55 698 253 751 tatemomnes
264 694 398 751 hemines
409 695 662 768 amplecteremur,
675 700 703 751 et
714 698 749 752 ad
762 697 883 769 diligen·
936 693 971 748 Et
986 693 1010 748 si
1025 694 1102 748 enirn
1119 695 1238 766 quidam
1250 694 1382 750 infideles
1398 692 1551 751 videantur
1566 696 1680 751 inbono
1697 710 1764 768 pro·

55 786 126 840 dum
142 784 235 839 Deum
250 789 278 839 et
293 801 356 850 nos,
373 784 523 840 beneficiis
537 784 750 841 attraheremus
766 803 823 841 non
840 803 882 842 sc·
937 782 1032 849 ficere,
1050 783 1134 838 bonis
1150 784 1287 855 operibus
1311 785 1386 839 bona
1403 802 1490 856 opera
1505 784 1648 852 addendo,
1665 787 1771 853 tamen,

54 872 116 929 lum
132 876 227 939 notos,
241 872 290 928 sed
302 873 391 928 ctiam
403 890 597 945 quoscunque
609 875 643 929 de
656 874 882 946 quibuscunque

55 962 189 1034 partibus
201 961 316 1029 mundi,
334 965 361 1016 et
375 962 411 1017 ad
424 962 588 1035 exemplum
601 964 664 1033 ejus
675 963 824 1019 diabolum
836 965 882 1020 de·

51 1050 153 1122 J'icere,
165 1054 193 1106 et
207 1067 277 1106 vasa
288 1050 465 1124 captivitatis
476 1053 501 1108 ci
514 1052 637 1120 auterre,
650 1054 723 1109 etad
737 1054 828 1109 Deum
841 1071 882 1109 re-

55 1141 161 1196 ducere
177 1140 369 1196 dccertcmus.
837 1129 848 1141 ⁸

91 1229 308 1302 Sequiturpars
323 1228 420 1297 tertia,
436 1230 464 1285 in
481 1248 540 1302 qua
550 1231 636 1286 turba
650 1231 818 1288 Judaerum
829 1232 882 1287 Do·

56 1317 137 1374 mino
154 1318 343 1391 respondem,
360 1320 584 1376 demonstratae
601 1320 774 1393 mysterium
786 1319 881 1376 erucis

55 1406 218 1480 ignorasse,
231 1423 298 1462 cum
316 1407 434 1464 subdit:
448 1408 499 1463 Nos
522 1409 681 1464 callicrates
695 1426 730 1464 aa
745 1410 801 1479 lepe
816 1411 882 1481 quio

936 875 1054 943 propter
1064 872 1118 927 hoc
1129 890 1186 926 non
1201 873 1373 944 perveniunt
1384 873 1562 940 adsalutem,
1575 872 1644 945 quia
1653 873 1770 946 impos·⁴

936 959 1020 1014 sibile
1031 960 1193 1033 estaliquid
1203 962 1265 1016 sinc
1273 963 1328 1018 lide
1336 962 1450 1035 placere
1462 963 1529 1018 Dee.
1540 961 1709 1018 Fidesenim
1719 967 1764 1018 est

934 1049 980 1103 uia
995 1049 1180 1105 adsalutem.
1195 1051 1273 1106 Dona
1287 1069 1353 1107 vcro
1366 1069 1416 1124 per
1431 1051 1604 1107 charitatem
1619 1051 1760 1124 operatio,

935 1141 979 1192 est
994 1138 1164 1194 ambulatio.
1182 1139 1264 1195 Sicut
1280 1139 1431 1213 igiturnec
1448 1139 1608 1196 ambulatio
1624 1139 1687 1196 sine
1701 1138 1758 1210 ria,

936 1243 988 1282 nec
1003 1227 1049 1282 ria
1066 1227 1129 1283 sine
1144 1228 1344 1284 ambulatione
1368 1233 1465 1300 potest
1481 1246 1534 1284 nos
1550 1229 1709 1302 perducere
1723 1228 1759 1284 :td

935 1317 1115 1388 propositam
1133 1321 1251 1385 metam,
1265 1318 1307 1373 ita
1321 1335 1374 1373 nee
1390 1319 1466 1374 bona
1481 1317 1609 1390 operatio
1620 1317 1682 1373 sine
1694 1317 1761 1389 ilde,

935 1422 987 1460 nce
999 1406 1144 1462 fidessine
1153 1407 1319 1479 operatione
1330 1407 1485 1462 habentem
1496 1413 1613 1480 tempus
1625 1412 1654 1462 et
1664 1405 1761 1462 locum

56 1496 179 1552 Christus
193 1505 285 1552 maaet
301 1499 331 1551 ia
356 1504 498 1553 eternam.
524 1499 556 1553 Et
579 1498 709 1569 qrrcraodo
733 1507 762 1554 ta
787 1498 880 1554 dicis:
936 1497 1031 1567 potest
1047 1495 1152 1550 ducere
1167 1497 1203 1551 ad
1219 1496 1354 1553 salutem.
1369 1496 1450 1551 Sicut
1465 1496 1542 1552 enim
1559 1495 1762 1569 scriptumest

56 1587 165 1658 dportet
177 1586 297 1641 canituri
313 1587 419 1641 Filium
433 1588 574 1642 ltorar'nr's?
588 1589 659 1643 Cum
676 1587 817 1644 Dominus
833 1588 881 1643 cb·
936 1584 1013 1654 quod
1025 1584 1168 1657 quidquid
1182 1585 1214 1640 tit
1227 1585 1290 1642 sine
1301 1586 1358 1641 fide
1369 1590 1519 1658 peceatum
1532 1589 1585 1655 est,
1597 1584 1638 1641 ita
1648 1589 1677 1641 et
1687 1584 1761 1640 seri-

55 1680 278 1732 scuremortem
304 1693 388 1751 suam
412 1676 441 1730 in
456 1694 542 1732 eruce
558 1677 764 1749 significasset,
781 1681 880 1732 tarnen
936 1676 1018 1744 ptum
1035 1679 1090 1739 est,
1108 1675 1214 1747 quod«
1233 1675 1305 1730 fides
1333 1674 1395 1730 sinc
1420 1675 1557 1746 operibus
1586 1677 1761 1731 mortuaest

54 1762 148 1819 Judaei
164 1763 221 1820 cito
245 1761 451 1819 intellexerunt
474 1781 550 1832 eam,
574 1769 661 1837 utopc
684 1766 734 1838 qui
751 1767 786 1821 de
802 1783 835 1821 ea
849 1765 879 1820 in
933 1763 990 1816 tae.
1003 1763 1045 1833 ιι).
1064 1762 1164 1818 »Unde
1189 1768 1217 1817 ct
1240 1763 1353 1818 subdit:
1368 1765 1439 1819 Dum
1453 1765 1539 1819 liccem
1559 1763 1674 1830 tratetis,
1690 1762 1761 1819 sub·

55 1856 153 1907 mente
167 1868 221 1907 sua
239 1853 303 1923 jam
319 1853 494 1908 tractabant.
511 1854 577 1921 Qrtis
591 1863 631 1910 est
650 1857 710 1922 iste,
728 1855 878 1927 inquiunt,
934 1850 1020 1906 audis
1036 1855 1209 1922 praesentem
1223 1855 1251 1906 et
1266 1869 1296 1906 se
1311 1851 1393 1908 vobis
1408 1852 1588 1919 offerentem,
1605 1851 1705 1908 credite
1717 1853 1761 1907 io·

53 1941 146 1996 Filiae
161 1941 296 1996 hominis?
306 1941 390 2007 quasi
403 1942 502 1996 dicant
514 1959 520 1996 ε
534 1942 595 1997 Non
607 1947 650 1998 est
665 1943 882 2016 Christus,quia
937 1938 1036 2005 lrteera,
1052 1944 1080 1994 et
1093 1958 1150 1996 nen
1167 1958 1342 2013 quoeunque
1354 1941 1449 2010 mode,
1467 1940 1601 1997 diabolus
1613 1941 1691 1996 anim
1703 1957 1762 1997 cre·

54 2033 98 2085 est
113 2029 338 2102 crucifigendus.
355 2031 586 2096 Caeterum,sicut
602 2032 783 2104 perpetuitas
800 2032 880 2105 regni

54 2118 161 2174 Christi
174 2119 202 2174 in
215 2118 276 2191 lege
288 2119 452 2191 significata
467 2125 521 2187 est,
533 2119 574 2174 ita
587 2125 615 2176 et
630 2122 693 2193 ejus
705 2122 812 2194 passio.
822 2121 881 2178 sic

55 2212 88 2263 ut
112 2208 191 2263 enim
207 2208 242 2264 de
268 2208 349 2280 regni
375 2207 440 2278 ejus
459 2210 653 2281 perpetuitate
677 2210 788 2266 dietum
815 2217 877 2266 est.

55 2321 68 2347 a
86 2296 329 2369 Multiplicabitur
349 2297 412 2367 ejus
428 2295 597 2369 imperium,
613 2303 641 2353 et
656 2298 736 2370 pacis
752 2317 808 2355 non
826 2302 880 2356 erit

55 2387 204 2458 [laistim.
230 2387 286 2453 rx);
314 2387 354 2440 ita
381 2390 409 2440 et
441 2387 476 2441 dc
501 2387 637 2459 passione
664 2389 728 2459 ejus
752 2389 876 2446 dicitur:

55 2498 69 2525 α
86 2477 167 2532 Sicut
183 2476 244 2531 osis
260 2477 296 2530 ad
319 2474 492 2530 occisionem
520 2477 653 2545 ducetur,
675 2484 703 2533 et
727 2479 803 2532 sicat
818 2479 878 2534 ovis

53 2582 152 2620 eoram
169 2565 304 2620 tondente
320 2582 350 2619 se
375 2565 567 2634 obmutescet,
584 2568 626 2621 sic
649 2585 705 2623 non
721 2569 831 2640 aperiet
846 2587 878 2625 os

53 2672 141 2711 snum
168 2656 229 2727 (lac.
255 2658 324 2724 cnr).
350 2654 406 2709 Sed
422 2655 513 2710 Judai
531 2656 758 2728 perpetuitatem
784 2658 877 2731 regni,

53 2749 195 2816 tanquam
211 2743 325 2799 Christo
338 2744 411 2799 bene
423 2745 653 2809 convenientem,
665 2746 877 2815 intellexerant,

53 2833 220 2906 passionem
234 2849 300 2888 vero
316 2850 405 2906 quam
421 2833 589 2889 nullatcnus
606 2835 749 2906 putabant
764 2835 877 2892 Christo

53 2922 217 2990 convenire,
233 2921 394 2995 intelligere
414 2940 472 2978 non
487 2926 632 2994 poterant.
654 2923 712 2978 Hoc
729 2927 772 2979 est
787 2925 876 2991 enim,

53 3016 86 3067 ut
102 3012 142 3067 ait
153 3010 320 3084 Apostolus,
333 3012 505 3084 mysterium
515 3011 748 3067 abscondituma
763 3013 878 3068 saeculis

935 2029 1020 2083 ditet
1037 2030 1245 2096 contremiscit,
1261 2030 1307 2086 scd
1318 2039 1348 2086 at
1361 2032 1416 2102 filii
1431 2032 1499 2086 lacis
1514 2030 1759 2098 sitisimitatione,

935 2116 1101 2188 adoptione,
1117 2117 1294 2174 hereditate.
1311 2120 1391 2185 Quod
1404 2123 1472 2174 tune
1489 2118 1603 2175 dicebat
1618 2119 1760 2175 Dominus

934 2205 1126 2278 ludais,ego,
1136 2207 1238 2263 tratres
1252 2208 1307 2263 mci
1320 2226 1397 2264 nunc
1409 2209 1473 2265 dice
1487 2209 1583 2265 robis:
1600 2210 1758 2278 Ambulate,
1796 2251 1799 2256 -

933 2295 999 2350 detra
1015 2297 1101 2351 lucem
1122 2296 1236 2367 trahetis,
1261 2306 1291 2353 at
1305 2315 1358 2353 rica
1381 2300 1502 2355 tenebra?
1516 2315 1561 2355 eoa
1582 2299 1759 2371 comprehen-

934 2385 1011 2440 dent.
1029 2409 1043 2434 «
1059 2386 1235 2458 Operamini,
1252 2388 1321 2441 dura
1339 2388 1401 2441 dies
1416 2393 1470 2454 est,
1488 2388 1557 2460 qnia
1571 2389 1649 2444 venit
1664 2387 1758 2444 nonin

934 2493 992 2547 qua
1008 2493 1092 2531 neruo
1117 2480 1213 2547 protest
1227 2477 1338 2549 operari
1360 2479 1515 2548 (taratara.)
1537 2501 1551 2527 »
1578 2477 1759 2534 Poenitemini

933 2570 961 2619 ct
976 2565 1178 2620 ttorrvertimini
1194 2566 1228 2619 ad
1247 2566 1403 2620 Dominum
1418 2567 1488 2621 dum
1499 2573 1615 2639 tempus
1631 2566 1758 2639 hebetia,

934 2654 1072 2724 quoniam
1084 2654 1147 2725 jam
1173 2654 1263 2709 instat
1287 2659 1403 2727 tempus
1417 2656 1448 2710 in
1465 2673 1522 2727 quc
1538 2673 1596 2712 non
1612 2656 1757 2729 poteritis.

933 2743 967 2797 Et
977 2744 1026 2814 qui
1040 2743 1126 2797 modo
1137 2744 1207 2797 duni
1220 2747 1323 2814 potest,
1334 2744 1446 2816 operari
1458 2762 1516 2800 non
1529 2743 1602 2813 vult,
1611 2750 1681 2800 tunc
1691 2760 1759 2801 cum

932 2831 1008 2886 volet
1023 2832 1146 2903 operari,
1162 2848 1220 2887 non
1236 2832 1350 2903 poterit.
1369 2832 1537 2902 Penscmus,
1566 2833 1670 2890 fratres
1690 2834 1757 2904 mei,

934 2920 1072 2991 quoniam
1090 2920 1231 2975 Dominus
1248 2921 1296 2991 qui
1313 2938 1391 2975 nunc
1409 2938 1461 2976 nes
1478 2922 1703 2978 misericorditer
1721 2924 1758 2979 ad

933 3008 1133 3080 penitentiam
1145 3012 1292 3080 exspectat
1303 3014 1331 3065 et
1342 3009 1449 3065 elamat
1460 3027 1467 3066 ε
1480 3033 1498 3061 a
1507 3010 1714 3067 convertimini
1722 3011 1758 3067 ad
1827 3029 1835 3041 ·

53 3107 82 3158 et
92 3102 170 3174 quod
181 3119 266 3157 nenio
278 3101 443 3174 principum
454 3100 544 3170 hujus
555 3100 653 3155 saculi
664 3101 796 3173 cognovit
808 3102 875 3173 (Cot.
934 3113 991 3165 me,
1008 3101 1037 3152 et
1051 3113 1104 3168 ego
1120 3100 1270 3152 convertar
1286 3099 1321 3153 ad
1337 3114 1387 3153 vos
1405 3100 1494 3170 (laeli.
1511 3100 1543 3173 1),
1565 3122 1579 3150 a
1594 3104 1664 3156 tunc
1679 3117 1759 3157 seve·

53 3191 85 3263 ι).
102 3191 172 3256 Quis
185 3189 264 3245 enim
289 3188 451 3260 intelligere
476 3192 591 3259 possset
606 3188 698 3243 Deum
714 3205 766 3261 pro
782 3175 914 3245 homi-C
933 3185 994 3240 rius
1010 3185 1260 3256 contemptoribus
1273 3187 1334 3241 suis
1351 3187 1489 3243 clamabit
1502 3205 1508 3242 :
1521 3211 1535 3239 «
1552 3193 1656 3258 Amen,
1673 3206 1759 3246 amen

53 3280 151 3347 nibus,
169 3278 364 3334 immortalem
375 3294 425 3349 pro
442 3275 614 3331 mortalibus
627 3276 670 3331 sic
685 3277 880 3334 moriturum?

53 3369 110 3423 Sed
132 3385 184 3423 nec
205 3368 293 3423 etiam
310 3366 429 3437 quidam
446 3364 530 3420 hodie
547 3366 611 3436 jam
627 3364 777 3437 impletam
794 3372 821 3421 et
836 3371 879 3421 at-

53 3461 191 3513 testatam
208 3455 314 3510 Christi
341 3454 508 3525 passionem
533 3455 650 3510 eredere
674 3455 784 3510 volunt.
808 3456 880 3522 Quia

52 3547 132 3602 enim
150 3544 293 3600 diabolice
308 3549 337 3599 et
351 3543 475 3616 superbe
491 3543 659 3615 suplantet
672 3544 806 3600 virtutem
822 3546 879 3600 bu·

52 3634 188 3690 militatis
200 3637 228 3688 et
241 3632 383 3704 patientia
393 3632 568 3704 despiciunt,
581 3649 644 3687 eam
657 3633 715 3688 Deo
726 3634 880 3690 convenire

52 3741 111 3779 non
128 3723 259 3777 credunt.
276 3723 316 3778 Ac
337 3722 498 3778 econtrario
524 3722 601 3777 sieut
626 3722 703 3777 Deus
718 3723 880 3779 detestatur

50 3827 169 3867 omnem
186 3811 364 3883 superbiam,
379 3811 419 3865 ita
435 3809 528 3883 diligit
538 3809 746 3866 humilitatem.
759 3812 793 3867 ut
804 3812 879 3867 sicut

51 3918 103 3973 per
118 3901 286 3972 superbiam
309 3899 472 3955 humanum
494 3916 587 3972 genus
604 3900 699 3955 lucrat
714 3900 878 3973 praecipita-

49 3996 125 4057 tam,
138 3989 179 4045 ita
189 4007 240 4062 pcr
250 3988 447 4045 humilitatem
459 3989 563 4044 statuit
573 3988 650 4043 Deus
661 3987 735 4042 illud
745 4005 879 4061 reparan-

49 4080 133 4135 dum.
151 4079 209 4135 Nos
224 4095 352 4151 (quoque,
369 4078 473 4132 iratres
500 4077 567 4145 mei,
586 4077 808 4149 Redemptorem
825 4095 878 4134 no-

50 4174 145 4224 strum
155 4172 323 4241 sequentes,
334 4184 468 4222 amemus
480 4165 686 4233 humilitatem,
695 4165 878 4237 patientiam,

50 4260 253 4330 paupertatem
274 4261 302 4311 et
328 4254 510 4311 charitatem.
527 4255 592 4310 Hae
616 4258 686 4309 sunt
701 4255 781 4310 enim
798 4272 880 4311 arma

50 4363 103 4418 per
117 4362 181 4418 que
198 4344 332 4400 Christus
349 4343 498 4399 diabolum
519 4342 706 4416 expugnavit,
722 4347 750 4399 et
765 4361 818 4399 nos
834 4361 879 4400 re·

52 4433 158 4502 demit,
174 4435 333 4489 ostendens
349 4433 426 4505 quod
443 4448 494 4505 per
509 4431 569 4487 haec
585 4432 686 4488 eadem
702 4449 785 4488 arma
799 4449 881 4505 oper·

52 4528 94 4579 tet
110 4538 164 4580 nes
176 4522 325 4578 diabolum
335 4538 511 4595 expugnare,
521 4524 549 4577 et
565 4523 600 4577 ad
610 4521 735 4594 patriam
747 4527 878 4579 nostram
894 4545 919 4613 D

54 4610 158 4668 redire.

90 4700 231 4772 Sequitur
246 4718 315 4773 pars
331 4704 445 4774 quarta,
476 4701 506 4755 iu
523 4717 581 4771 qua
592 4700 735 4756 Demidus
751 4700 884 4757 hortatur

52 4789 173 4845 ludaeos
189 4790 224 4845 ad
241 4790 329 4845 fidem
345 4790 465 4846 dicens:
483 4790 575 4844 ridicae
589 4789 724 4845 nccrlr'cam
747 4793 837 4847 tumea
854 4793 885 4846 ia

52 4879 128 4934 uoltis
143 4884 194 4945 cst,
208 4879 262 4933 hoe
278 4878 389 4935 scilicet
402 4879 472 4951 quia
486 4880 573 4934 modo
585 4878 709 4946 dixistis
727 4878 796 4951 quia
806 4882 884 4937 ctri-

52 4974 114 5021 atus
129 4974 222 5021 retinet
237 4968 266 5020 ia
291 4975 436 5034 aeternam,
464 4967 513 5022 sed
530 4985 587 5022 non
609 4968 728 5033 suflicit,
744 4969 883 5040 quoniam

53 5070 113 5109 non
131 5054 334 5110 sufficituobis
351 5057 468 5111 credere
485 5056 591 5111 Christi
608 5056 808 5125 eternitatem,
828 5058 883 5114 nisi

53 5143 166 5217 pariter
182 5144 307 5200 credatis
324 5147 428 5217 atejus
444 5146 621 5218 passionem.
637 5144 689 5200 Vel
705 5147 885 5202 ecrteddltttc

52 5232 192 5287 asceticam
207 5233 299 5289 lernen
313 5236 344 5289 in
358 5236 434 5289 'thbid
449 5243 498 5303 eat,
516 5235 543 5290 id
561 5239 615 5299 est,
631 5251 683 5307 ego
696 5235 744 5307 qui
762 5253 828 5291 sum
842 5236 886 5291 lu-

55 5337 134 5388 men,
152 5321 248 5377 adhuc
259 5323 419 5389 modicum,
432 5323 525 5390 idest,
540 5323 654 5379 modico
665 5327 795 5396 tempore
809 5324 886 5381 inter

53 5427 107 5466 uos
118 5427 195 5467 sum.
211 5412 362 5481 distillate,
387 5412 524 5478 saltandi,
536 5413 680 5469 credendo
692 5417 720 5468 et
731 5413 804 5469 benc
814 5430 884 5486 ope·

55 5500 159 5569 rande,
171 5501 236 5556 dam
247 5502 334 5557 lucem
343 5502 446 5557 habetis
456 5506 628 5574 praesentem
638 5507 666 5557 et
682 5519 712 5558 se
723 5502 804 5558 uobis
815 5505 884 5559 otle-

55 5593 180 5660 rentem,
200 5598 231 5648 at
250 5607 306 5647 nea
324 5592 445 5648 tenebrae
466 5591 659 5663 infidelitatis,
684 5582 885 5677 crescentionis

221 5718 354 5786 Parnon.
379 5717 464 5782 CLV.

934 3274 998 3330 dice
1015 3273 1105 3340 volus,
1131 3274 1227 3329 nescio
1251 3292 1302 3330 vos
1318 3276 1421 3347 (llo-tta.
1446 3278 1521 3348 xxv).
1553 3299 1567 3327 a
1593 3277 1757 3352 Propterea,

934 3363 1037 3418 fratres
1053 3362 1120 3428 mci,
1137 3367 1253 3435 tempus
1269 3365 1304 3420 ad
1330 3365 1529 3436 paenitentiam
1554 3366 1638 3422 nobis
1655 3367 1757 3423 datum

934 3467 992 3506 non
1008 3451 1172 3523 perdentes,
1195 3453 1297 3508 sordes
1322 3459 1508 3527 peecatorum
1533 3459 1700 3511 nestrorum
1716 3456 1759 3514 la·

933 3540 1040 3613 crymis
1064 3539 1208 3608 ablantes,
1238 3557 1343 3615 eorpus
1370 3548 1504 3599 nestrum
1530 3561 1597 3601 cum
1624 3544 1702 3601 vitiis
1731 3549 1761 3603 et

934 3629 1183 3702 concupiscentiis
1195 3631 1413 3702 crucifigamus,
1424 3633 1511 3688 vitam
1524 3639 1651 3690 usstram
1662 3635 1691 3690 in
1703 3651 1762 3692 ms·

933 3717 990 3773 lius
1005 3720 1364 3789 mutemuspraticnibus,
1376 3722 1498 3794 jejuniis
1513 3727 1541 3777 et
1555 3723 1695 3795 operibus
1706 3724 1761 3781 mi-

934 3807 1097 3864 sericordia
1124 3808 1308 3876 insistamus,
1335 3813 1480 3868 mundum
1503 3817 1531 3868 et
1551 3814 1763 3886 concupiscen-

933 3897 1004 3952 tiam
1030 3898 1094 3968 ejus
1117 3902 1299 3967 contemnas,
1323 3901 1358 3955 ad
1386 3900 1530 3958 caelestem
1557 3902 1682 3974 patriam
1702 3905 1763 3960 teto

934 3986 1077 4042 desiderio
1092 3988 1260 4042 tendamus.
1277 3989 1319 4043 Ad
1332 4006 1420 4061 quam
1432 4007 1485 4045 nos
1496 3991 1636 4063 perducat
1647 3992 1696 4063 qui
1709 4008 1761 4064 pro

934 4075 1019 4130 nobis
1036 4075 1166 4147 crucifigi
1182 4076 1274 4146 vojuit
1299 4077 1440 4134 Dominus
1457 4083 1557 4134 noster
1571 4078 1657 4136 Jesus
1677 4079 1761 4136 Chri-

935 4169 1010 4229 stus,
1048 4164 1096 4235 qui
1123 4180 1190 4219 eum
1217 4164 1300 4219 Patre
1326 4170 1354 4221 ct
1381 4167 1491 4240 Spiritu
1515 4172 1617 4224 sancto
1640 4169 1710 4225 vivit
1733 4173 1763 4227 et

938 4256 1043 4325 regnat
1055 4252 1133 4307 Deus
1149 4268 1200 4324 per
1215 4269 1313 4325 emnia
1335 4254 1441 4310 secula
1456 4256 1641 4313 seculorum.
1657 4259 1759 4315 Amen.

1281 4396 1414 4455 xxxva.

1148 4503 1178 4540 m
1200 4502 1285 4542 rssro
1304 4504 1384 4544 asari
1404 4505 1544 4546 marram.

973 4610 1043 4668 Vidit
1058 4613 1133 4666 lesus
1144 4612 1425 4669 ltomiaemsedeatem
1441 4616 1471 4669 in
1484 4615 1594 4684 telonio,
1607 4615 1764 4674 Mazaeum

938 4703 1050 4756 ricini-ae
1061 4700 1170 4772 (Metti.
1188 4702 1237 4772 m).
1254 4702 1288 4757 Dt
1304 4701 1425 4775 reliqua.
1439 4704 1582 4769 Quoniam
1593 4704 1764 4762 solemnita-

938 4795 996 4845 tem
1004 4788 1079 4845 beati
1090 4789 1218 4844 Matthaei
1229 4790 1353 4862 apostoli
1363 4796 1392 4847 et
1403 4809 1472 4849 eran
1477 4793 1596 4866 gelista,
1604 4792 1700 4862 hodie,
1709 4794 1765 4850 lra-

938 4883 997 4935 tres
1010 4879 1077 4946 mei,
1095 4877 1287 4946 celebramus,
1305 4885 1381 4936 recte
1394 4880 1478 4937 lectio
1500 4881 1676 4956 evangelica,
1693 4899 1764 4939 con-

937 4967 1077 5023 versionis
1094 4968 1158 5038 ejus
1184 4967 1336 5023 continens
1353 4969 1517 5038 historiam,
1534 4971 1563 5026 in
1579 4971 1701 5028 ecclesia
1717 4989 1764 5030 rc·

938 5057 1053 5112 citatur.
1066 5056 1116 5110 Est
1125 5059 1222 5111 autem
1234 5056 1295 5111 hae
1306 5056 1391 5113 lectio
1406 5060 1654 5133 quinquepertita.
1666 5061 1763 5118 Primo

939 5146 1015 5201 enim
1032 5145 1175 5201 Dominus
1190 5145 1266 5200 ridet
1276 5151 1304 5200 ct
1319 5152 1401 5202 vocat
1416 5148 1605 5219 Mattheum3
1622 5152 1762 5221 secundo,

941 5235 1096 5290 Matthaeus
1112 5233 1245 5306 sequitur
1269 5251 1356 5303 eum;
1377 5237 1473 5306 tertio,
1489 5238 1577 5295 lasus
1601 5241 1678 5313 apud
1695 5256 1763 5296 eum

940 5325 1096 5380 manducat
1112 5340 1178 5378 eum
1204 5325 1426 5396 peccatoribus;
1444 5332 1558 5401 quarto,
1575 5346 1664 5403 super
1677 5328 1765 5385 hoca

938 5413 1091 5470 Pharisais
1107 5412 1347 5484 reprehenditur;
1365 5416 1478 5488 quinte,
1490 5417 1526 5474 dc
1537 5418 1627 5474 stulta
1644 5434 1764 5490 respon·

939 5504 1019 5560 sione
1028 5501 1164 5558 Pharisaei
1176 5502 1325 5559 aDomine
1337 5506 1559 5563 convincuntur.
1571 5508 1702 5564 Primum
1713 5505 1766 5579 igi-

940 5599 989 5653 tur
1003 5592 1146 5652 Dominus
1161 5590 1330 5650 Mattheum
1345 5594 1432 5666 videt,
1448 5612 1507 5654 non
1522 5596 1619 5655 solum
1633 5609 1766 5672 corpora·

1576 5723 1624 5784 l&
