3816 6006
100 222 176 293 ibit
350 222 403 291 AD
425 222 682 292 concumbunt
702 227 872 292 apruno.
894 225 933 290 11.
949 259 988 274 -·
1002 220 1157 293 MONUN.
1181 226 1232 292 uo
1252 226 1378 295 benno
1398 226 1537 295 SACNO.
1569 320 1571 324 Α
1719 225 1800 294 tots

99 362 182 424 stolis
197 361 312 437 sepulta
326 360 466 430 tuit,inde
478 378 494 417 a
505 360 576 418 Filio
589 378 642 418 suo
657 379 745 435 super
758 361 918 420 chorosan-
933 362 960 431 Α
975 361 1110 420 diabolus
1132 364 1239 421 iterum
1262 364 1364 422 Jesum
1389 364 1510 422 tentavit
1527 364 1684 423 osteudens
1698 364 1800 423 omnia

98 454 232 531 geloeum
248 450 487 508 exaltatablonte
497 451 565 507 Sion
578 451 665 506 David
676 468 724 507 rex
734 455 763 508 et
772 450 920 524 Salomon,
975 469 1065 526 regna
1080 452 1193 521 mundi,
1210 457 1238 509 et
1252 452 1407 527 iuquiens:
1423 454 1456 511 Si
1468 454 1567 510 cudens
1581 453 1738 512 adoraveris
1745 471 1797 522 me,

99 543 191 603 etalii
208 558 291 615 reges
305 539 468 596 Jerusalem
484 538 590 614 sepulti
600 540 846 612 quiescunt.Ante
857 558 921 613 por·
975 543 1035 601 tao
1057 544 1150 599 omnio
1174 545 1227 600 tibi
1254 543 1323 600 dato
1347 544 1424 612 (thid,
1440 545 1479 612 9).
1495 544 1557 600 Sub
1577 546 1740 601 carentena
1756 547 1800 600 est

99 638 160 690 tum
172 630 334 689 Jerusalem
350 646 413 701 quea
429 629 547 702 respicit
561 645 777 701 occasumque
790 646 825 685 ex
840 633 921 702 parte
975 632 1065 690 fontis
1080 632 1160 688 illius
1176 631 1299 699 rivulus,
1316 649 1402 705 quem
1418 634 1522 689 beatus
1540 632 1655 690 llliseus
1669 633 1735 705 ejus
1750 650 1796 691 sa·

99 722 223 780 liberata
245 720 316 776 urbs
340 718 394 774 sub
420 718 548 773 secundo
576 716 665 774 lsrael
689 718 767 775 saxis
796 719 921 776 obrutus
975 726 1044 779 nata
1057 721 1211 779 sterilitate
1225 723 1260 778 de
1275 739 1375 779 amara
1389 721 1548 795 potabilem
1571 721 1708 778 reddidit.
1724 723 1798 779 Ante

98 810 202 868 heatus
217 807 382 881 Stephanus
402 806 478 871 inter
499 806 700 872 Nicodemum,
716 811 745 863 at
768 807 873 863 Abilou
893 811 921 863 et
973 811 1089 868 Jericho
1105 828 1189 868 secus
1203 810 1280 867 viam
1296 810 1376 867 stetit
1391 826 1485 867 cacus
1500 809 1654 867 mendicus
1677 811 1801 868 audiens

99 896 298 962 Camaliclem,
323 899 423 967 postea
446 894 739 967 Constantinopolim,
766 896 862 951 Roma
884 896 920 951 ad
974 900 1044 972 quia
1056 903 1141 957 lesus
1157 900 1304 967 transiret,
1321 899 1453 957 clamans
1468 916 1474 955 :
1490 902 1554 957 Jesc
1567 901 1611 971 fili
1626 899 1726 965 Dauid,
1747 903 1800 956 mi·

97 989 236 1047 ultimum
260 987 291 1043 B.
307 983 461 1041 Laurentio
486 983 716 1040 contumulatus.
735 985 813 1040 unde
837 990 866 1041 et
890 985 919 1040 in
973 988 1385 1061 serereowi(huc.xv1u,3tl,
1402 989 1437 1044 ab
1453 1005 1487 1045 eo
1504 987 1664 1044 illuminari
1690 988 1799 1044 meruit

97 1076 212 1135 tumulo
229 1093 235 1132 :
471 1151 472 1154 Ἴ
975 1082 1035 1135 tam
1053 1078 1180 1135 exterius
1195 1094 1284 1151 quam
1299 1076 1536 1133 interius.'lerti0
1548 1076 1646 1149 lapide
1656 1075 1798 1133 aJericho

66 1175 70 1178 ’
195 1168 280 1236 Quem
293 1165 359 1222 Sion
372 1162 470 1220 occidit
483 1164 561 1219 nobis
577 1164 712 1236 Byzantia
724 1165 810 1219 misit.
974 1168 1089 1224 duobus
1100 1166 1275 1223 milliaribus
1290 1183 1307 1222 a
1320 1167 1336 1223 J
1339 1166 1447 1222 ordane
1455 1171 1501 1222 est
1513 1165 1661 1237 Bethagla,
1670 1165 1750 1239 quod
1760 1165 1798 1220 in·

94 1258 169 1314 Ante
185 1257 297 1329 portam
314 1250 585 1323 J0t1¹Sssltm‚juxlt
600 1251 697 1307 latum
723 1251 774 1324 qui
799 1250 919 1324 respicit
973 1260 1151 1330 terpretatur
1166 1257 1239 1314 locus
1249 1257 1323 1328 pyri,
1340 1273 1373 1313 eo
1388 1255 1459 1328 quia
1474 1255 1513 1310 ibi
1529 1254 1732 1328 plangentium
1744 1252 1797 1312 cir·

95 1343 257 1402 meridiem.
274 1360 360 1398 cavoa
377 1341 425 1396 iliu
440 1341 469 1396 in
485 1357 544 1412 qua
559 1339 604 1395 leo
619 1340 741 1412 quidam
762 1340 851 1411 jussu
868 1339 919 1396 Dei
974 1346 1105 1402 coissent
1120 1347 1222 1401 funera
1236 1345 1327 1401 Jacob
1340 1344 1465 1416 filiiejus
1474 1360 1604 1418 gensque
1615 1342 1799 1401 suareieren·

95 1432 305 1507 omnipotentis
320 1436 480 1504 martyrum
496 1430 555 1485 lere
574 1427 728 1485 duodecim
749 1427 842 1485 millia
864 1428 919 1486 sub
974 1440 1017 1491 tes
1031 1435 1167 1491 eumdem
1183 1451 1217 1490 ax
1231 1433 1352 1506 AEgypto
1369 1433 1398 1488 in
1415 1433 1540 1488 Hebron.

96 1523 202 1581 Cosroe
218 1524 368 1595 perempta
383 1537 441 1576 una
456 1519 486 1574 in
502 1522 586 1574 nocte
602 1516 716 1588 detulit,
729 1517 805 1573 unde
821 1533 921 1573 carna·
1009 1522 1141 1597 Engaddi
1157 1522 1187 1578 in
1203 1522 1281 1578 tribu
1297 1522 1375 1579 Juda
1389 1521 1440 1577 ubi
1456 1520 1610 1578 abscondit
1624 1537 1656 1578 se
1673 1520 1799 1578 Desidia

95 1629 162 1670 rum
179 1611 285 1668 Leonis
299 1609 418 1666 dicitur.
974 1612 1144 1681 solitudine,
1162 1630 1224 1685 qua
1240 1617 1285 1668 est
1299 1611 1328 1667 in
1344 1611 1456 1668 Aulona
1480 1611 1608 1679 Jericbo,
1624 1611 1680 1667 hoc
1704 1615 1751 1668 est
1771 1612 1799 1667 in

131 1703 216 1759 Sexto
239 1697 375 1755 milliario
395 1714 413 1754 a
430 1695 593 1753 Jerusalem
617 1695 664 1752 vin
687 1713 751 1769 qua
766 1696 848 1752 ducit
864 1697 918 1752 Ra·
933 1732 958 1798 B
975 1702 1093 1775 regiona
1107 1700 1160 1757 illa
1174 1699 1342 1773 campestri,
1354 1701 1390 1756 de
1405 1717 1465 1773 qua
1478 1717 1570 1773 supra
1584 1699 1737 1768 diximue3
1753 1716 1801 1756 vo·

94 1791 195 1848 matha
208 1793 254 1846 est
269 1804 354 1845 mons
369 1786 478 1852 Modin,
495 1802 529 1842 ex
552 1802 610 1859 quo
635 1785 813 1842 Mathathias
837 1790 920 1857 pater
973 1794 1055 1848 catus
1066 1789 1155 1846 Vicus
1171 1789 1341 1863 pergrandis
1355 1789 1535 1857 Judsorum,
1550 1788 1685 1863 Engaddi
1709 1790 1796 1860 juxta

96 1880 339 1943 Maobnboeorum
354 1876 384 1931 in
400 1892 457 1948 quo
472 1872 578 1948 sepulti
602 1874 800 1946 requiescunt,
817 1890 918 1930 eorum
973 1896 1054 1936 mare
1067 1879 1226 1946 Mortuum,
1238 1879 1315 1935 unde
1330 1877 1534 1953 pobalsamum
1546 1877 1643 1934 afferri
1654 1876 1800 1935 solebntet

96 1967 306 2045 apparentibus
321 1963 445 2021 tumulis
460 1961 681 2020 schaaoaavo
698 1961 920 2019 milliarioallo·
973 1968 1054 2034 oriri,
1071 1967 1149 2023 unde
1163 1972 1193 2023 et
1206 1968 1296 2023 vinea
1312 1965 1442 2040 Engaddi
1458 1969 1677 2039 nuncupantur.
1693 1964 1798 2023 Octavo

95 2059 146 2116 din
162 2055 250 2113 invia
262 2071 326 2127 quaa
337 2052 539 2125 ducitJoppen
553 2050 728 2123 Lidda,quoe
739 2049 916 2123 etDiopolis,
973 2055 1109 2112 milliario
1126 2073 1143 2112 a
1157 2054 1299 2112 Nazareth
1316 2059 1417 2110 contra
1441 2053 1606 2110 Carmelum
1630 2059 1677 2111 est
1699 2072 1796 2125 mons,

95 2146 126 2203 in
142 2162 200 2219 quo
210 2145 242 2201 B.
257 2140 388 2215 Gregorii
402 2156 509 2213 corpus
524 2139 672 2213 sepultum
687 2139 778 2196 tuisse
795 2139 917 2197 manile·
973 2145 1009 2201 ad
1025 2144 1152 2201 radicem
1167 2144 1253 2216 cujus
1263 2144 1350 2215 juxta
1363 2144 1483 2211 iontem,
1501 2143 1625 2200 Lamech
1641 2149 1726 2216 pater
1740 2145 1797 2201 Noe

96 2239 199 2303 statm.
217 2228 350 2288 Milliario
366 2247 383 2287 a
397 2227 550 2298 Ramatha,
566 2232 670 2301 quarto
686 2227 823 2285 milliario
839 2229 919 2285 aBe·
973 2233 1079 2306 sagitta
1092 2250 1147 2291 sua
1156 2232 1504 2305 peremitCain‚arcuque
1515 2249 1568 2290 suo
1579 2232 1794 2300 ducemsuum,

95 2321 226 2381 thlehem
250 2319 368 2376 Theona
391 2316 543 2390 oppidum,
559 2333 595 2372 ex
619 2332 676 2390 quo
694 2319 798 2386 Amen,
815 2317 875 2390 qni,
890 2321 919 2374 et
972 2323 1050 2379 unde
1066 2322 1162 2378 surore
1178 2320 1306 2394 repletus
1325 2322 1389 2390 ait,
1414 2320 1506 2377 Occidi
1526 2323 1618 2377 viram
1641 2323 1672 2378 in
1695 2322 1794 2378 vulnus

95 2411 136 2480 ihi
152 2409 284 2485 sepultus
300 2405 548 2480 quiescit.Quarto
559 2405 696 2462 milliario
712 2405 917 2474 sternentem,
971 2429 1072 2480 mum,
1088 2419 1114 2467 et
1128 2410 1359 2467 adolescentulum
1382 2412 1412 2466 in
1433 2411 1546 2468 livorem
1568 2426 1660 2466 mam
1674 2411 1740 2480 (Gen
1756 2427 1793 2481 iv,

96 2504 198 2562 contra
212 2502 358 2563 austrum,
374 2495 514 2568 oppidum
534 2489 605 2550 illud
629 2493 659 2549 in
675 2511 732 2566 quo
749 2495 918 2551 morabatur
970 2502 1027 2569 23).
1044 2499 1084 2556 De
1099 2499 1169 2556 Cain
1183 2515 1251 2555 vero
1267 2497 1410 2554 Dominus
1425 2499 1618 2571 predixerat:
1636 2499 1732 2556 Omnia
1748 2502 1795 2572 qni

95 2587 248 2648 Zacharias
263 2590 335 2644 tune
349 2582 500 2656 temporis,
512 2600 601 2656 quam
618 2581 709 2639 Maria
725 2588 819 2639 muter
846 2584 916 2640 Jesu
970 2589 1099 2647 occidmit
1113 2588 1191 2654 Cain,
1207 2589 1361 2660 septuplum
1369 2589 1500 2660 punietur
1515 2587 1605 2659 (ibid,
1623 2588 1677 2657 15).
1696 2587 1793 2645 Tertio

96 2678 239 2737 testinans
249 2677 312 2749 jam
327 2674 441 2731 habens
455 2675 486 2729 in
501 2677 584 2729 utero
601 2671 706 2728 Filium
722 2672 773 2728 Dei
788 2672 866 2728 venit
880 2674 916 2729 ad
972 2677 1108 2734 milliario
1124 2694 1141 2733 a
1155 2677 1237 2733 Caim
1252 2681 1351 2733 monte
1366 2692 1452 2732 mons
1471 2675 1606 2744 Barmeli,
1624 2693 1659 2732 ne
1684 2692 1742 2749 quo
1765 2675 1795 2732 in

95 2756 445 2826 salunndamltlisabeth
462 2762 802 2834 remansissemus
821 2761 917 2834 gravi-
974 2765 1124 2823 canticis:
1142 2766 1248 2824 cottam
1273 2774 1352 2822 tcum
1373 2772 1405 2823 m
1427 2765 1568 2822 ternotus
1583 2765 1673 2837 (eant.
1689 2783 1739 2833 vn,
1757 2767 1794 2838 5),

96 2860 165 2915 dam
181 2855 339 2912 dedosane
356 2851 416 2908 illio
431 2867 496 2920 δυο,
507 2866 595 2924 quem
611 2854 640 2906 et
653 2848 693 2907 ibi
709 2854 811 2906 natum
827 2849 918 2908 fuisse
972 2856 1075 2929 inquo
1099 2858 1128 2912 ei
1152 2854 1279 2911 multum
1300 2855 1440 2927 temporis
1462 2854 1626 2910 conversari
1647 2853 1741 2911 voluit
1763 2858 1794 2909 Β.

96 2944 260 3022 perhibent.
971 2941 1058 3011 Elias,
1076 2941 1198 3014 ejusque
1213 2940 1375 3013 discipulus
1390 2957 1459 2997 cum
1473 2957 1506 2997 eo
1522 2941 1553 2997 Β.
1569 2939 1694 2998 Eliseus.
1711 2941 1795 2998 Sexta

130 3033 247 3092 Decimo
260 3031 346 3088 tertio
368 3029 507 3086 milliario
522 3046 539 3085 a
553 3028 716 3086 Jerusalem
741 3032 842 3085 eontra
866 3028 917 3085 bo·
972 3029 1108 3088 milliario
1123 3048 1141 3086 a
1155 3030 1296 3087 Nazareth
1312 3033 1414 3086 contra
1428 3045 1505 3102 genu
1519 3032 1564 3086 est
1578 3027 1660 3086 locus
1679 3029 1710 3085 in
1738 3046 1796 3104 quo

95 3140 186 3190 ream,
202 3124 247 3179 est
260 3119 386 3188 iericho,
402 3135 437 3176 ex
451 3134 511 3193 qua
526 3118 604 3174 Raab
620 3116 757 3174 meretrix
770 3117 919 3190 hospitata
933 3098 955 3165 G
971 3119 1046 3176 Jehu
1059 3136 1109 3176 rex
1133 3117 1221 3175 lsrael
1248 3118 1393 3192 percussit
1407 3117 1562 3174 choziam
1575 3134 1673 3184 regem
1695 3119 1712 3174 J
1716 3120 1788 3177 uda.

96 3216 141 3272 est
155 3215 282 3285 quatuor
296 3208 493 3282 exploratores
504 3206 631 3263 liliorum
642 3206 773 3274 lsrael,et
782 3206 916 3273 conavit,
970 3208 1056 3264 Sexto
1071 3207 1184 3263 decimo
1201 3205 1337 3263 milliario
1352 3223 1370 3262 a
1384 3205 1526 3262 Nazareth
1538 3211 1642 3263 contra
1650 3207 1794 3265 orientem

96 3301 175 3371 inuit,
193 3303 221 3356 et
233 3297 321 3372 pavit,
337 3314 372 3353 cx
386 3313 444 3370 qua
459 3295 763 3365 etZaohaus,statura
779 3294 915 3367 pusillus,
972 3313 1063 3370 supra
1077 3312 1156 3352 mare
1171 3294 1295 3352 Galilaea
1308 3299 1355 3351 'est
1369 3296 1511 3368 Gergessa
1524 3294 1639 3352 viculus
1662 3295 1722 3364 ille,
1739 3313 1795 3368 quo

97 3387 329 3448 audienslesum
340 3389 440 3458 partes
450 3383 918 3456 illasdeambulantem,Syeomo
971 3384 1109 3441 Salvator
1122 3400 1172 3441 eos
1187 3384 1237 3456 qui
1254 3401 1270 3439 a
1286 3383 1468 3439 damonibus
1483 3385 1664 3440 vexabantur
1678 3383 1794 3441 sanitat'

96 3494 162 3535 rum
177 3477 310 3532 arborem
326 3473 469 3541 ascendit,
484 3477 518 3527 ut
531 3471 624 3527 Deum
640 3471 796 3538 videret,et
809 3487 917 3527 cumeo
971 3473 1101 3532 restituit
1118 3490 1153 3529 ex
1168 3489 1236 3546 quo,
1246 3477 1273 3530 et
1289 3472 1318 3528 in
1335 3472 1409 3528 mari
1424 3472 1503 3545 porci
1518 3471 1713 3546 precipitium
1727 3473 1794 3530 sub·

96 3565 274 3639 loqueretur,
292 3578 322 3619 se
333 3561 472 3632 judicans
487 3564 516 3616 et
530 3564 631 3632 petens
646 3559 876 3634 veniam,exqua
890 3564 919 3615 et
971 3563 1040 3619 iare.
1057 3563 1142 3619 Sexto
1159 3561 1270 3617 decimo
1281 3561 1417 3617 milliario
1432 3579 1449 3618 a
1464 3565 1562 3616 monte
1577 3560 1703 3617 Carmeli
1721 3561 1799 3618 intra

10 3686 12 3690 .
96 3651 189 3728 pueri,
206 3650 256 3724 qui
274 3655 304 3705 B.
320 3648 450 3706 Eliseum
474 3647 686 3721 lerosolymam
712 3647 918 3705 ascendentem
971 3649 1125 3707 meridiem
1141 3649 1332 3706 estCaesaraea
1342 3647 1492 3705 Palestinae
1503 3648 1729 3721 metropolis,ex
1738 3655 1797 3723 qut

97 3741 263 3799 deriserunt
285 3737 480 3795 exclamantes
501 3752 507 3791 :
528 3736 656 3803 Ascende,
683 3736 769 3807 coloe,
794 3737 916 3804 ascende,
971 3739 1027 3794 luit
1039 3736 1191 3795 Cornelius
1207 3736 1349 3806 centurio,
1366 3751 1454 3811 quem
1475 3737 1507 3793 in
1530 3753 1564 3793 ea
1585 3735 1743 3810 baptizavit
1763 3738 1794 3796 B.

96 3831 172 3888 coloe
186 3830 235 3897 (lv
250 3831 312 3898 Nep.
329 3844 359 3895 u,
374 3826 430 3895 33).
446 3826 579 3883 Secundo
598 3824 696 3897 lapide
711 3842 728 3881 a
741 3824 857 3881 iericho
881 3826 917 3882 ad
971 3832 1084 3894 Petrus,
1101 3830 1129 3882 et
1153 3826 1261 3881 creavit
1285 3826 1314 3881 in
1339 3825 1520 3898 episcopum,
1537 3824 1567 3880 in
1590 3842 1649 3898 qua
1664 3830 1694 3882 et
1706 3826 1796 3883 turris

97 3919 247 3976 sinistram
263 3920 308 3973 est
321 3915 482 3983 desertum,
493 3914 569 3987 quod
585 3913 747 3970 Carentana
762 3913 877 3980 dicitur,
887 3914 917 3969 in
972 3915 1127 3983 Stratonis,
1145 3914 1174 3969 in
1189 3931 1248 3987 qua
1264 3919 1293 3971 et
1308 3914 1435 3986 Herodes
1450 3918 1551 3970 contra
1566 3915 1724 3972 adventum
1735 3921 1795 3971 An·

98 4024 156 4081 quo
170 4007 257 4062 iesus
272 4002 468 4078 quadraginta
483 4002 597 4058 dierum
613 4001 707 4074 spatio
723 4002 845 4059 totidem
866 4020 918 4058 no·
971 4003 1049 4078 gusti
1065 4001 1186 4059 casaris
1200 4003 1364 4059 construxit
1378 4002 1445 4059 albo
1459 4003 1495 4059 de
1510 4020 1657 4060 marmora
1667 4009 1795 4077 portum,

98 4096 189 4155 etium
200 4093 349 4167 jejunium
365 4090 534 4164 complevit;
546 4107 671 4164 eumque
686 4089 726 4146 ibi
740 4091 917 4147 esurientem
971 4090 1034 4164 ipse
1043 4090 1121 4147 idem
1134 4091 1382 4160 llerodesturrim,
1395 4108 1460 4164 qus
1473 4090 1688 4164 lerosolymam
1699 4110 1796 4166 super

98 4188 216 4242 tentans
238 4180 460 4238 diabolusdixit
475 4196 482 4234 :
498 4181 548 4236 llic
574 4187 605 4235 ot
628 4179 733 4251 lapidea
765 4181 813 4236 isti
832 4196 918 4252 pones
971 4181 1171 4253 eminetque
1191 4184 1221 4236 et
1243 4178 1438 4236 turrisDau'd
1459 4178 1576 4247 dicitur,
1597 4180 1726 4253 losepho
1756 4186 1796 4239 te·

97 4274 166 4347 fiont
198 4270 302 4341 (llottlt,
324 4271 364 4339 3).
389 4268 522 4325 Secundo
557 4266 734 4323 milliarios
758 4271 918 4333 carentena
972 4273 1078 4337 stante,
1095 4268 1255 4338 fabricavit,
1272 4272 1301 4325 et
1316 4284 1382 4326 eam
1396 4267 1552 4324 Antoniam
1567 4268 1689 4325 vocavit.

98 4365 201 4422 contra
222 4357 382 4417 Gallilanm
404 4361 449 4413 est
471 4372 557 4413 mons
578 4354 721 4424 excelsus,
737 4355 767 4411 in
793 4373 850 4429 quo
869 4355 918 4413 ille

134 4495 234 4552 Statim
245 4501 307 4566 post
320 4492 370 4549 hoc
383 4493 544 4576 epaenetum
567 4489 719 4546 cardinalis
744 4492 907 4574 drepanius,
922 4508 971 4549 seu
992 4494 1063 4564 sorte
1087 4490 1161 4574 idem
1178 4490 1311 4575 Notitiae
1323 4490 1444 4562 ejusden
1458 4492 1555 4575 scripti
1568 4499 1673 4574 auctor,
1683 4492 1798 4564 subiecit

98 4568 212 4650 nominc
231 4566 384 4648 episcorum
406 4579 452 4636 qur
477 4580 508 4618 m
529 4561 704 4646 Jeroaolpmo'
719 4577 804 4645 sacris
827 4566 1008 4647 praefuerant.
1026 4568 1163 4619 metuont
1187 4579 1216 4617 m
1239 4560 1380 4645 Amatplto
1403 4565 1500 4619 Latino
1517 4563 1679 4645 patriarcha
1692 4565 1797 4620 ieroso-

99 4638 109 4694 t
134 4633 621 4779 mttpirbtphoqrtprpaemcpptepuxirpplbepippoum
636 4633 768 4689 inclinato
784 4634 888 4705 ansatos
903 4635 969 4691 attor
983 4634 1106 4690 babebat.
1118 4635 1182 4690 llaeo
1194 4648 1397 4705 erpo-nomino,
1413 4634 1487 4690 uetat
1504 4632 1681 4705 oppmdteem
1700 4649 1798 4705 qoam·

99 4805 255 4879 &quantor
277 4806 391 4860 nomino
413 4804 599 4884 episcoporum
611 4802 786 4873 quiscerem
800 4802 830 4856 in
842 4803 923 4859 Jeru-
937 4805 961 4870 D
975 4802 1047 4859 seha
1060 4818 1141 4858 more
1165 4800 1408 4858 Christianorum.
1424 4801 1598 4874 Symachus,
1615 4800 1713 4874 Cujus,
1729 4802 1798 4860 Ger·

135 4877 221 4933 talem
251 4883 397 4948 “nuttam
424 4881 491 4930 tim
519 4871 734 4945 Naitmrchtmb
768 4887 831 4943 Μ
858 4877 922 4944 itt‘
976 4906 1093 4958 manus,
1109 4889 1256 4957 Julianus,
1272 4889 1384 4962 Capito,
1400 4889 1556 4956 Maximus,
1571 4889 1727 4959 Antonius,
1742 4889 1799 4947 Va·

107 4964 112 4973 “
135 4955 203 5003 'um
216 4962 294 5002 “¹¹¹⁶
975 4977 1396 5051 lens,Laycianus,Narcissus
1410 4976 1796 5050 pius,TordiusNareissus,

137 5067 272 5142 Episcopi
287 5065 523 5140 ierosolymitaui
536 5065 663 5123 Jacobus
684 5066 773 5121 trater
793 5065 920 5134 Domini,
975 5066 1148 5136 Alexander,
1170 5065 1350 5124 Maxalemus
1371 5065 1585 5135 Nihirmeutus,
1600 5065 1711 5135 Tuldis,
1727 5071 1799 5124 fler·

103 5150 202 5216 Simon
233 5156 346 5233 iustus,
371 5153 552 5222 zaccharias,
585 5153 723 5220 thobias,
758 5153 921 5226 benjamin,
977 5170 1056 5221 mon,
1074 5153 1249 5211 Macharius.
1258 5153 1290 5210 ln
1305 5158 1436 5227 tempore
1451 5154 1535 5225 cujus
1546 5153 1623 5210 Crux
1637 5153 1799 5213 Dominiab

101 5245 239 5313 Joannes,
256 5243 422 5305 Mathatias,
436 5241 923 5316 Philippus,Seneca,Justus‚Lovi
977 5241 1065 5298 Cleua
1081 5242 1191 5315 Regina
1207 5242 1262 5299 luit
1277 5242 1574 5309 inventa.Quiriacus,
1590 5241 1748 5311 Maximus,
1756 5243 1800 5300 Ci-

102 5333 209 5400 Ntlren,
219 5331 420 5400 Jesse,Judas.
438 5331 487 5389 lsti
503 5331 671 5404 quindecim
687 5328 852 5387 circumcisi
865 5329 924 5385 tue
978 5328 1071 5386 rillus.
1089 5329 1145 5387 Iste
1160 5330 1306 5387 contruxit
1321 5330 1417 5387 locum
1432 5329 1577 5387 Dominici
1592 5329 1755 5404 Sepulchri,
1771 5337 1800 5390 et

45 5453 52 5465 ·
101 5425 181 5478 runt.
198 5419 366 5489 Cassianus,
382 5419 516 5489 Publius,
531 5417 686 5487 Maximus,
702 5418 849 5487 Julianus,
867 5417 923 5474 Ga·
978 5415 1124 5487 Calcaria,
1141 5422 1171 5475 et
1184 5418 1291 5477 Montis
1308 5417 1422 5485 Oliveti,
1436 5423 1466 5476 et
1487 5416 1581 5476 Vallis
1601 5417 1755 5491 iosaphat,
1771 5425 1802 5479 et

103 5524 179 5570 mus.
197 5509 254 5568 Iste
268 5508 349 5584 prius
365 5508 523 5569 celebravit
536 5507 809 5581 quadragesimam,
824 5510 855 5565 et
869 5505 924 5567 Pa·
979 5504 1145 5573 bethehem.
