3816 6006
141 242 200 302 eit
404 234 454 297 ΑΙ)
476 233 732 297 concrement
755 230 983 298 screandi.
1000 261 1039 276 —
1053 229 1210 294 MONUM.
1234 231 1284 294 ud
1306 231 1431 295 Beato
1453 233 1591 296 SAGRO.
1780 234 1842 298 affl

140 394 242 434 nunes
257 392 317 432 una
337 388 406 428 voce
433 368 600 426 clamabant
628 366 756 420 dicentes
774 380 780 419 :
797 365 866 418 Deus
893 365 961 433 vult,
977 362 1155 435 Aquoniam
1177 365 1281 419 ducem
1297 364 1486 421 Godesridum
1502 382 1568 421 eum
1586 381 1693 438 magno
1712 366 1840 424 exercita

137 471 209 526 Deae
224 467 282 523 vult
295 465 343 536 (9).
359 463 394 518 iit
408 461 463 516 hoe
485 457 603 531 signum
618 459 680 512 erat
703 451 798 509 bellici
824 451 960 507 clamoris
1015 456 1195 524 repererunt.
1209 452 1288 509 Flere
1302 469 1361 525 pra
1376 453 1483 527 gaudio
1506 454 1611 527 potuit,
1624 454 1674 527 qui
1688 454 1841 528 lingonum

137 559 280 632 ipsorum.
297 555 332 620 Et
347 568 414 608 eum
428 550 489 605 hae
508 547 614 603 iterum
631 542 744 600 audiret
765 541 809 595 vir
831 540 961 613 prudens
1015 539 1154 613 Magnum
1170 546 1198 596 et
1212 542 1316 597 ducem
1328 542 1518 599 Godelridum
1540 543 1663 602 invicem
1679 543 1840 617 amplexari

27 674 30 679 ’
137 653 166 706 ct
181 650 277 704 mente
293 660 394 716 capax,
407 637 501 711 magis
516 653 549 692 ae
564 634 660 705 magis
674 632 703 686 in
719 632 777 686 Deo
793 629 957 698 exsultavit,
1013 632 1042 685 et
1052 628 1178 685 osculari
1189 631 1339 702 conspexit
1353 631 1467 688 Gaudet
1477 632 1560 706 llugo
1571 632 1696 705 Magnus
1706 649 1738 690 se
1750 633 1841 690 luisse

136 738 206 812 quia
220 735 319 791 omnia
334 733 394 787 hee
410 746 467 785 non
482 730 596 782 tantum
620 737 684 777 esse
704 719 859 775 hominum
874 717 958 772 intel·
1014 717 1347 791 comprehensum,quia
1362 719 1469 775 meruit
1493 719 1547 775 hac
1567 720 1718 777 occasione
1733 721 1839 778 adduci

136 827 214 882 laxit.
228 824 281 891 Qui
296 821 396 878 statim
413 817 513 874 eadem
538 811 688 869 devotione
713 824 884 872 succensae,
900 807 957 862 duo
1013 806 1050 860 ad
1063 806 1166 861 ducem
1179 808 1841 882 Godelridum.(laudetdux,quiaamplexatur

135 913 262 988 pretiosa
277 909 365 984 pallia
387 905 480 979 jussit
495 901 638 966 oderrici
653 916 687 955 ex
710 897 752 953 eis
778 895 956 969 corrigiatim
1013 895 1223 966 pracordialem
1240 896 1368 951 amicum
1384 901 1412 953 et
1427 903 1586 971 cognatum
1602 915 1689 953 svium
1706 903 1734 954 et
1748 901 1839 956 totius

133 1003 236 1060 incisis
252 998 389 1074 pracepit
412 1010 514 1050 eruces
530 990 602 1046 fieri.
617 989 699 1045 Tune
722 986 795 1042 dixit
819 984 957 1040 omnibus
1012 984 1217 1056 generositatis
1232 983 1360 1040 nobilem
1377 984 1606 1043 virumGaudet
1618 986 1692 1042 alter
1707 987 1736 1042 in
1748 987 1839 1046 altero

134 1097 194 1149 tam
212 1089 469 1163 peditibus,quam
495 1079 639 1136 militibus
655 1095 688 1132 :a
706 1075 735 1131 Si
751 1074 817 1148 quis
832 1078 877 1129 est
900 1073 956 1128 Do·
1012 1071 1182 1128 innovatum
1200 1073 1294 1130 loedus
1314 1074 1460 1142 amicitiae,
1477 1079 1506 1131 et
1531 1075 1657 1148 antiqua
1683 1076 1839 1132 familiari·

132 1178 217 1248 mini,
239 1179 383 1250 jungatur
406 1170 523 1228 mihiO
540 1166 649 1224 milites
673 1181 751 1221 nune
776 1162 843 1228 mei,
864 1166 956 1218 estote
1011 1161 1089 1226 tatis,
1106 1166 1135 1216 ct
1150 1162 1226 1234 quod
1242 1161 1271 1216 in
1289 1168 1413 1235 utroque
1427 1163 1522 1220 inerat
1536 1163 1651 1238 insigne
1667 1165 1756 1222 decus
1773 1184 1838 1239 pro·

131 1268 196 1336 aaa
209 1265 323 1324 etviam
334 1261 427 1320 sancti
440 1257 565 1332 sepulcri
580 1270 695 1311 mecum
708 1251 841 1324 incipitc3
854 1255 882 1306 et
892 1266 955 1322 qua
1010 1247 1122 1305 bitatis.
1142 1251 1171 1307 ln
1188 1251 1234 1306 his
1250 1251 1366 1308 duobus
1384 1251 1454 1308 viris
1479 1252 1574 1325 primo
1599 1254 1753 1310 denudata
1768 1260 1839 1312 sunt

131 1375 197 1414 mea
212 1360 293 1424 sunt,
304 1364 334 1410 ut
349 1356 454 1416 vestra,
466 1345 618 1404 assumite.
636 1343 738 1399 Nonne
754 1345 782 1397 et
794 1356 848 1395 cos
864 1340 954 1394 Fran·
1011 1337 1128 1395 fraudes
1152 1339 1348 1412 imperatoris,
1370 1341 1447 1396 sieut
1472 1358 1538 1398 mox
1563 1342 1716 1414 sequentia
1739 1343 1838 1400 decla.

130 1448 238 1522 eigana
254 1441 377 1502 sumus?
392 1441 493 1494 Nonne
515 1438 650 1509 parentes
665 1431 757 1487 nostri
774 1431 809 1486 de
833 1429 955 1485 Francia
1010 1429 1127 1483 rabant.
1141 1429 1204 1484 Dux
1221 1429 1397 1486 Godelridus
1412 1429 1492 1503 prior
1507 1430 1638 1488 omnium
1656 1433 1836 1490 Francorum

129 1539 282 1603 venerunt,
300 1536 450 1589 atterram
473 1527 547 1582 hanc
572 1521 751 1578 militaribus
780 1517 869 1574 armis
897 1517 953 1573 sibi
1010 1517 1176 1590 principum
1202 1519 1484 1593 Constantinopolim
1512 1519 1758 1594 venit(13)‚quia
1786 1540 1838 1596 per

129 1620 390 1697 mancipaverunt?
402 1616 474 1673 Proh
486 1613 629 1671 dedecus!
646 1611 733 1667 lbunt
743 1606 952 1680 consanguinei
1009 1605 1189 1679 llungariam
1206 1614 1284 1663 recto
1299 1625 1402 1682 gressu
1419 1610 1566 1682 profectus
1582 1615 1635 1666 est,
1647 1609 1734 1668 venit
1748 1616 1837 1685 atque

129 1720 159 1773 et
173 1716 278 1770 fratres
293 1708 384 1767 nostri
400 1707 462 1763 sine
479 1703 564 1760 nobis
586 1702 621 1757 ad
648 1698 830 1772 martyrium,
842 1696 901 1750 imo
917 1696 952 1751 ad
970 1743 993 1807 B
1008 1695 1123 1751 duobus
1139 1696 1242 1752 diebus
1270 1702 1337 1754 ante
1367 1697 1468 1754 Nalote
1497 1698 1624 1768 Domini,
1640 1704 1669 1755 et
1693 1699 1834 1774 hospitari

129 1799 316 1879 paradisum!
335 1798 366 1853 lu
386 1793 525 1851 omnibus
546 1789 654 1846 laturis
674 1786 857 1859 temporibus
871 1785 956 1840 debet
1010 1784 1101 1840 voluit
1116 1790 1196 1840 entra
1210 1787 1328 1859 urhem;
1346 1788 1396 1842 sed
1417 1787 1561 1844 subdolus
1586 1788 1745 1860 imperator
1767 1807 1834 1847 eum

129 1891 237 1950 ascribi
251 1893 312 1945 tam
328 1883 412 1942 nobis
428 1898 517 1956 quam
539 1877 639 1935 liberis
656 1876 764 1933 nostris
788 1873 956 1946 retrograda
1010 1871 1085 1929 inter
1100 1874 1272 1930 suburbana
1292 1875 1410 1948 recepit.
1428 1875 1561 1949 Spernvit
1580 1876 1696 1933 interim
1712 1878 1771 1933 dux
1795 1877 1835 1934 ibi

128 1980 219 2038 animi
244 1975 352 2050 inopia,
365 1974 400 2040 si,
413 1971 498 2028 nobis
520 1967 702 2032 absentibus,
716 1966 814 2038 agitur
832 1963 892 2018 hac
909 1962 954 2017 di·
1010 1977 1145 2017 securum
1159 1979 1309 2018 remanere
1320 1980 1351 2019 se
1363 1981 1457 2037 posse,
1470 1965 1561 2020 donee
1571 1965 1703 2021 evenirent
1716 1964 1835 2040 agmina

127 2071 195 2127 vina
210 2067 343 2123 militia.»
358 2064 415 2131 (10)
425 2062 460 2116 Et
474 2075 541 2114 eum
556 2057 602 2112 his
613 2060 642 2112 et
656 2055 722 2109 istis
737 2052 885 2108 similibus
895 2051 957 2106 ani.
1009 2051 1104 2123 gentis
1121 2050 1314 2125 l'rancigcnae.
1328 2053 1438 2108 Etcum
1453 2070 1503 2126 per
1518 2053 1630 2126 aliquot
1640 2054 1703 2113 dies
1719 2055 1834 2112 mittem

127 2173 230 2215 mosas
246 2153 329 2210 miles
353 2151 441 2206 serrem
466 2148 558 2215 daret,
570 2160 672 2200 omncs
688 2141 888 2198 clamaverunt
903 2143 953 2214 qui
1009 2139 1095 2211 eoepit
1111 2139 1231 2196 clientes
1247 2157 1316 2196 suos
1331 2143 1365 2197 ad
1383 2144 1581 2215 comparanda
1596 2143 1771 2209 necessaria,
1786 2143 1835 2199 do·

102 2304 107 2316 ,
127 2247 259 2311 aderant,
274 2243 404 2297 dieentes
417 2255 423 2292 :
437 2260 451 2287 v
467 2237 525 2291 Nos
540 2240 636 2289 tceum
654 2232 764 2288 ibimus
789 2235 818 2286 et
842 2232 953 2302 absque
1008 2226 1089 2284 lesus
1106 2229 1263 2301 imperator
1278 2231 1415 2303 praecpit
1430 2231 1602 2305 Turcopolis
1625 2233 1689 2289 suis
1714 2237 1743 2289 et
1766 2232 1833 2288 Pin.

127 2331 331 2392 retractatione
347 2329 424 2384 viam
437 2328 467 2383 S.
480 2323 604 2397 sepulcri
619 2320 830 2394 promittimus.
845 2341 858 2368 a
870 2321 952 2376 'lunc
1007 2318 1170 2386 conatibus,
1188 2324 1220 2373 ut
1235 2319 1262 2373 in
1282 2319 1397 2375 insidiis
1427 2321 1514 2393 positi
1544 2339 1594 2377 ρος
1621 2321 1833 2378 invaderent&

125 2422 346 2495 virsapienset
368 2420 483 2473 astutus
509 2429 610 2468 cruces
634 2410 726 2482 jussit
755 2408 862 2477 allerri,
879 2426 952 2479 quas
1006 2407 1182 2463 occiderent.
1208 2408 1263 2463 Sed
1294 2409 1465 2481 Balduinus,
1484 2410 1572 2467 freter
1600 2410 1695 2477 ducis,
1715 2410 1832 2485 cognita

127 2512 304 2588 praeeperat
327 2505 399 2563 steri.
416 2504 529 2571 Quibus
545 2500 640 2556 allatis
664 2497 736 2553 dixit
753 2515 786 2552 :a
809 2495 838 2552 Si
864 2497 951 2552 dictis
1005 2513 1106 2552 eorum
1123 2496 1264 2567 nequitia,
1282 2496 1438 2553 occultavit
1458 2517 1499 2566 se,
1516 2503 1545 2554 ct
1568 2516 1668 2555 eorum
1693 2499 1832 2571 praevenit

124 2600 230 2660 vestris
252 2601 328 2654 laeta
343 2594 426 2652 unire
448 2591 546 2658 vultis,
563 2590 599 2644 de
624 2587 761 2643 crucibus
785 2585 850 2641 istis
875 2602 950 2641 unu·
1005 2585 1296 2658 insidias,quiadum
1312 2604 1381 2643 suos
1399 2593 1592 2662 sequerentur
1606 2593 1639 2653 ut
1654 2589 1829 2656 occiderent,

126 2689 268 2764 aquisque
281 2684 406 2758 accipiat
420 2697 509 2737 unam
526 2696 532 2734 :
549 2682 577 2733 et
592 2676 720 2748 acceptio
736 2675 841 2741 crucis,
861 2691 935 2746 spon
1005 2675 1071 2732 lorti
1089 2675 1187 2731 animo
1203 2679 1231 2730 et
1241 2674 1316 2731 virili
1330 2676 1441 2749 impetu
1454 2676 1519 2733 illos
1535 2677 1652 2744 invasit,
1664 2681 1692 2732 et
1706 2678 1759 2745 sie,
1771 2678 1829 2732 Deo

126 2779 170 2837 aio
184 2778 236 2834 via
252 2777 312 2832 ssat.
326 2797 339 2824 r
350 2774 433 2829 Tune
448 2774 490 2826 tot
513 2767 549 2823 ad
575 2764 777 2838 accipiendum
803 2763 950 2819 confluxe·
1000 2766 1132 2836 juvante,
1144 2764 1210 2820 illos
1226 2764 1384 2838 superavit,
1396 2764 1553 2839 pluresque
1568 2765 1658 2822 exeis
1674 2765 1790 2835 oceidit,
1801 2771 1831 2821 ct

126 2872 205 2937 runt,
222 2871 254 2922 ut
269 2863 371 2921 multis
398 2859 529 2932 accipere
543 2853 749 2912 asseetantibus
773 2869 874 2907 cruces
899 2853 948 2907 de·
1004 2861 1104 2928 captos
1121 2853 1204 2910 fratri
1220 2870 1273 2910 suo
1298 2855 1364 2910 duci
1389 2855 1584 2928 presentavit.
1596 2855 1676 2924 Quod
1693 2871 1760 2913 cum
1776 2872 1829 2911 au.

82 2998 84 3003 ·
125 2958 244 3015 ruerint.
259 2953 420 3010 Audientes
435 2949 525 3022 igitur
545 2945 702 3018 optimates
717 2940 836 3014 Apulia,
853 2947 881 2996 et
896 2942 948 2996 Ca·
1003 2944 1095 3000 disset
1110 2943 1278 3016 imperator,
1289 2942 1384 3000 iratus
1398 2948 1454 3011 ost,
1467 2942 1537 3017 quia
1552 2944 1685 3019 cognovit
1700 2945 1830 3001 denuda·

125 3045 234 3112 labiim,
246 3048 275 3100 el
287 3035 552 3111 Sieilia(11),qu0d
565 3031 752 3089 BOflfflllssdUS
766 3047 880 3086 crucem
897 3029 948 3084 l'iae
1002 3037 1048 3090 tas
1063 3050 1127 3089 esse
1144 3032 1261 3089 Francis
1276 3031 1445 3089 dolositates
1465 3038 1493 3089 et
1517 3031 1640 3089 insidias
1656 3050 1735 3089 suas.
1753 3033 1827 3100 Dux,

124 3134 154 3193 S.
172 3130 298 3208 sepulcri
314 3130 493 3201 susceperat,
505 3139 607 3180 omnes
629 3121 665 3176 ad
690 3136 757 3175 euni
784 3111 985 3184 continuati}
1005 3128 1038 3179 ut
1052 3123 1186 3195 cognovit
1211 3138 1278 3195 erga
1294 3140 1325 3179 se
1341 3139 1468 3194 suosque
1493 3122 1697 3194 imperatorem
1719 3121 1827 3177 iratum

124 3228 153 3282 et
180 3228 242 3281 tarn
270 3219 432 3276 medioeres
460 3230 550 3287 quam
579 3214 722 3283 potentes,
745 3225 829 3264 senes
859 3225 947 3280 quam
1003 3230 1077 3279 esse,
1094 3213 1129 3268 de
1145 3212 1323 3268 suburbanis
1351 3211 1431 3269 illius
1459 3209 1556 3278 exivit,
1573 3215 1602 3266 et
1616 3215 1696 3267 extra
1724 3210 1827 3266 urbem

119 3315 255 3388 juvenes,
267 3309 342 3368 servi
364 3322 453 3380 quam
469 3300 680 3367 domini,viam
701 3299 730 3354 S.
743 3298 868 3370 sepulcri
886 3314 949 3370 pro·
1002 3319 1057 3358 sua
1069 3301 1195 3357 tentoria
1211 3301 1282 3356 fixit.
1300 3300 1365 3358 Sole
1395 3299 1486 3374 igitur
1500 3299 1659 3367 occidente,
1677 3317 1744 3356 eum
1771 3316 1828 3355 nox

124 3402 256 3459 mittunt.
268 3401 332 3456 Dux
351 3412 416 3452 vero
432 3391 552 3465 Apuliae,
565 3392 597 3445 ut
611 3389 672 3444 hac
687 3387 759 3442 vidit
779 3392 807 3443 et
826 3385 946 3446 audivit.
1002 3388 1186 3464 superficiem
1211 3394 1293 3446 terra
1309 3389 1518 3463 cooperuisset,
1536 3388 1675 3446 satellites
1698 3388 1828 3461 impera.

122 3479 599 3553 vehementerindoluit,quopiam
611 3473 947 3546 soluscumparvulisae
1002 3479 1074 3536 toris
1089 3483 1341 3552 praesumpserunt
1363 3481 1467 3535 ducem
1491 3477 1636 3546 invadere,
1653 3478 1704 3534 sed
1729 3477 1829 3532 divina

124 3577 298 3636 mulieribus
313 3575 342 3630 in
359 3573 466 3629 ducatu
481 3586 534 3625 suo
551 3581 700 3621 remanere
716 3563 866 3636 pertimuit
878 3564 946 3631 (12).
1002 3569 1231 3625 adminiculante
1245 3568 1350 3641 grafia,
1363 3585 1430 3623 cum
1451 3584 1557 3641 magno
1572 3566 1617 3623 sui
1642 3566 1829 3634 detrimento,

122 3668 192 3726 Em
207 3670 307 3723 autem
322 3665 381 3719 dux
396 3660 444 3715 5¹¹⁰
463 3659 552 3712 fiale?
575 3653 878 3724 B⁰²²¹¹1¹¹¹¹db¹110fsl¹10
895 3651 946 3706 filii
1000 3657 1047 3713 vix
1059 3675 1165 3712 manus
1176 3656 1255 3712 illius
1266 3655 1651 3730 potueruntevaderc.Alter
1661 3654 1690 3710 in
1702 3653 1826 3711 alterum

123 3756 235 3815 seilicet
250 3752 367 3811 Roberti
384 3745 561 3805 Wischardi.
574 3744 650 3799 Dum
667 3759 733 3798 vcro
759 3740 947 3796 boamundus
1002 3747 1098 3812 irruit,
1110 3746 1160 3802 sed
1176 3744 1249 3801 altcr
1274 3744 1364 3801 altero
1388 3745 1574 3818 praestantior
1590 3745 1658 3812 luil3
1675 3744 1735 3800 dur
1760 3761 1828 3800 cum

121 3845 174 3903 Vl&
203 3841 367 3900 ⁰0⁰0⁵⁸⁸fl³
397 3835 517 3911 Paffll'llr
539 3830 721 3904 FfflssGigffllffi
752 3829 787 3884 ad
817 3827 947 3883 mallim
1002 3835 1064 3893 suis
1080 3835 1217 3890 frendens
1234 3838 1266 3889 ut
1280 3833 1336 3898 leo,
1352 3832 1418 3889 illes
1433 3833 1492 3889 cito
1507 3831 1656 3906 dispersit,
1671 3835 1700 3888 et
1715 3837 1830 3906 septem

122 3936 226 4010 portus
235 3930 428 4005 pervenerunt
438 3942 444 3980 :
455 3922 502 3980 alii
515 3920 669 3977 scilieetad
680 3915 946 3984 Brundesium,alii
1001 3920 1117 3987 oceidit,
1134 3925 1253 3976 ceteros
1268 3919 1419 3977 insecutus
1443 3937 1538 3993 usque
1566 3921 1601 3975 ad
1628 3925 1742 3993 portam
1757 3920 1827 3975 civi·

122 4023 160 4081 ad
175 4021 283 4089 liarim,
300 4017 349 4074 alii
364 4015 517 4071 Otrentum
542 4025 622 4064 mare
650 4006 842 4061 intraverunt.
864 4003 946 4076 llugo
1001 4011 1069 4067 tatis
1085 4010 1150 4081 (14),
1166 4009 1230 4066 Dux
1244 4009 1311 4066 inde
1326 4009 1363 4066 ,d
1380 4009 1505 4066 tentoria
1520 4027 1575 4065 sua
1590 4009 1686 4077 rediit,
1702 4013 1730 4064 et
1744 4007 1827 4081 quie·

123 4111 271 4184 siquidem
286 4108 422 4180 Magnus,
442 4107 472 4157 et
487 4099 643 4156 Wilermus
658 4093 794 4151 illarehisi
811 4091 899 4159 filius,
916 4092 946 4146 ln
1000 4103 1049 4156 tus
1065 4099 1201 4171 deinceps
1215 4099 1334 4155 mansit.
1346 4099 1507 4170 Imperator
1519 4102 1616 4154 autem
1633 4113 1734 4170 pacem
1746 4097 1782 4154 ab
1794 4113 1827 4153 eo

122 4204 208 4275 portu
221 4197 318 4255 Barim
330 4210 409 4250 mare
424 4183 842 4252 intraverunt,etDuruehium
854 4197 946 4252 usque
1001 4207 1053 4263 per
1079 4189 1480 4260 internuntiesquaesivit,et
1500 4187 1619 4243 tandem
1649 4184 1826 4260 impetravit,

122 4287 340 4364 ”Wissalflfflssl-
355 4285 433 4349 Quos
448 4283 481 4335 ul
495 4274 687 4349 ἀθΡΓθῙὶθῐῑίῗῑῖ
701 4272 804 4328 adesse
818 4271 876 4326 dux
891 4268 946 4326 ¹0⁰5
1001 4283 1029 4335 et
1044 4282 1205 4334 mercatum
1222 4275 1246 4332 ai
1263 4281 1291 4332 et
1306 4293 1364 4332 suae
1380 4275 1471 4350 genti,
1485 4276 1562 4332 sicut
1576 4274 1606 4331 in
1622 4274 1738 4331 civitate
1753 4278 1826 4349 erat,

121 4372 430 4450 illius,eaptusiniqua
439 4363 697 4441 cogitatione,illos
708 4361 846 4417 continuo
855 4360 948 4430 jussit
1001 4369 1107 4425 habere
1122 4365 1266 4439 permisit,

121 4449 845 4543 ²Plll⁰h0¹¹divsslal³l³lehffl¹8⁰³C⁰n³l³¹¹ll¹¹0P⁰llm
855 4452 947 4504 trans·
961 4482 984 4546 D
1038 4458 1151 4513 Interea
1160 4453 1387 4529 gensGallicana
1397 4455 1484 4527 coepit
1494 4453 1729 4528 appropinquare
1741 4451 1826 4526 regia

121 4556 199 4615 duci.
213 4555 349 4612 Edixerat
364 4549 441 4607 enim
457 4545 600 4603 subdolas
615 4543 784 4614 imperator,
797 4543 830 4594 ut
844 4554 945 4594 omnes
1000 4545 1119 4614 civitati,
1143 4543 1294 4601 podiensis
1324 4541 1489 4616 episcopus,
1503 4546 1532 4598 et
1546 4559 1644 4599 eomes
1659 4543 1689 4601 S.
1706 4541 1823 4617 AEgidii,

120 4637 614 4718 Hierosolvmitanicaperentur,et
632 4632 668 4688 ad
689 4647 720 4686 se
740 4627 944 4685 Constantino·
999 4636 1121 4692 comites
1151 4649 1266 4707 quoque
1294 4632 1530 4701 Northmannus,
1560 4630 1768 4697 flandrensis,
1798 4635 1826 4687 et

120 4735 210 4809 polim
226 4735 411 4790 ducerentur.
422 4726 544 4783 Volebat
564 4737 700 4794 namque,
714 4723 747 4774 ut
771 4733 873 4774 omnes
888 4716 944 4773 sibi
999 4723 1166 4796 Stephanus
1182 4719 1381 4777 Carnutansis.
1397 4720 1472 4776 Dum
1489 4718 1550 4775 haec
1569 4719 1669 4793 itaqua
1685 4722 1823 4793 aguntur,

120 4822 292 4881 fidelitatem
305 4820 442 4884 lacerent,
451 4819 483 4870 ut
494 4812 605 4869 seilicet
615 4826 702 4866 suum
714 4813 791 4864 esset
801 4806 943 4879 quidquid
999 4816 1032 4868 ut
1047 4811 1186 4877 diximus,
1203 4825 1340 4882 prospero
1366 4824 1504 4866 successu
1533 4807 1723 4865 {immundus
1745 4807 1824 4881 Apu.

121 4929 269 4986 perarma
285 4907 478 4981 acquirerent.
491 4903 544 4960 Sed
562 4896 746 4972 deprehensi,
758 4913 824 4952 eum
840 4896 875 4951 ad
893 4914 944 4951 ur·
998 4901 1109 4968 diensis,
1122 4899 1231 4973 paratis
1246 4899 1309 4955 suis
1322 4897 1476 4971 stipendiis
1491 4902 1573 4953 tanto
1588 4896 1685 4953 itineri
1701 4912 1825 4969 congru·

121 5005 189 5060 bem
203 5002 353 5067 venerunt,
369 5010 508 5068 magnum
530 4990 584 5047 sibi
606 4988 744 5046 solatium
759 4988 943 5057 invenerunt,
997 4991 1126 5057 autibus,
1154 5005 1234 5044 mare
1258 4987 1387 5057 intravit,
1404 4991 1433 5043 et
1446 4987 1476 5042 in
1494 4984 1659 5060 Bulgariam
1675 4985 1823 5062 regionem

676 5163 832 5222 NOTULAE
852 5162 1085 5222 munerantes
1105 5161 1164 5218 MS.
1186 5158 1266 5216 COD.

120 5318 160 5391 (9)
175 5316 232 5374 Sed
247 5313 298 5372 tali
314 5319 379 5370 voto
394 5310 571 5369 clammatur
586 5313 700 5382 pectore
714 5311 785 5364 toto.
996 5307 1053 5379 (13)
1068 5305 1131 5361 Dux
1145 5319 1261 5376 quoque
1284 5301 1412 5375 regalem
1437 5300 1551 5375 primus
1575 5297 1756 5374 pervenitad
1773 5313 1822 5352 ur·

119 5392 167 5454 (10
192 5388 302 5445 Militia
317 5386 442 5460 pondus,
457 5400 514 5439 non
530 5381 642 5464 respuit
655 5380 709 5436 hoe
725 5380 923 5436 Boamundua.
1165 5445 1170 5456 ·
1455 5443 1461 5455 ·
1497 5443 1502 5454 Ι
1680 5367 1785 5451 ¹[bena

133 5463 164 5519 ll
186 5459 395 5517 lluiocalabroe
411 5461 511 5531 gentes
526 5456 675 5511 socientur
688 5454 717 5506 et
729 5450 912 5522 apulienses.
997 5449 1054 5520 (ll)
1070 5447 1255 5518 Franergena
1271 5444 1462 5518 gentea,urb1
1479 5442 1569 5503 simul
1585 5441 1782 5508 advenientes,

132 5532 166 5592 ⁴2
190 5531 241 5590 llis
255 5531 319 5588 lteri
335 5529 454 5609 predux
469 5525 578 5604 sprevit
592 5529 690 5582 tamen
705 5521 815 5598 Apulia
831 5522 900 5579 dua.
1050 5520 1201 5576 Terrorem
1219 5517 1324 5575 mortis
1339 5516 1526 5593 pretendunt
1540 5509 1752 5593 compatriotis.
