3816 6006
100 303 159 365 l89
807 304 936 367 l'll'l'US
959 303 1104 365 AGANO.
1746 303 1806 364 {90

98 438 261 511 pendentes
275 439 312 496 ad
335 439 435 510 ubera,
452 440 553 514 iniquo
573 458 712 499 mucrone
734 442 923 516 perimerunt.
939 435 968 504 Α
983 441 1085 510 iacere,
1099 440 1160 511 jam
1177 457 1223 496 me
1243 441 1409 496 convertam
1431 437 1559 511 primum
1575 437 1630 495 iter
1656 456 1804 514 peragere,

99 526 195 583 Simili
211 527 300 583 modo
317 529 484 602 vagabundi
503 548 555 603 per
576 537 704 588 rostrum
716 533 782 605 (18),
796 539 926 590 ementes
980 537 1082 604 etqua
1099 529 1194 603 prima
1205 529 1332 585 invenire
1348 533 1448 602 potero
1459 529 1527 584 data
1536 527 1580 584 vel
1597 546 1732 601 possessa
1747 528 1806 587 sive

98 616 210 689 pariter
232 621 261 673 et
279 619 448 685 vendentes,
459 625 561 678 euntes
580 626 609 677 et
638 622 926 689 redeuntes,crudeli
982 619 1126 677 astericis
1141 620 1230 693 hujus
1246 636 1335 690 supra
1350 619 1464 691 scriptae
1480 617 1625 686 aeclesia,
1638 606 1807 677 sivo⁸mona

97 722 168 762 cnse
183 707 366 778 pertundunt
384 709 537 781 sanguiue,
553 711 664 767 venali·
687 729 803 784 quoque
819 729 882 784 quae
897 713 926 769 in
981 710 1203 776 chis,moderno
1215 714 1343 780 tempore
1354 707 1807 782 evenerabililtageniredopra-

97 801 195 850 rostro
211 801 404 868 reppererunt
414 798 450 853 ad
461 803 538 856 rates
553 806 785 873 exportaverunt.
795 801 848 868 Oui
861 818 927 858 vero
982 799 1046 855 sule
1057 799 1153 854 divino
1165 803 1238 853 nutu
1249 797 1427 861 constitutis,
1436 796 1683 865 suntreddita,vel
1693 798 1729 853 ab
1740 798 1806 855 aliis

97 882 248 940 civitatem
272 891 471 957 pervaserant,
485 904 588 945 aarum
605 894 634 945 et
649 895 802 963 argentum
817 890 927 947 varias·
982 887 1205 961 religiosisviris
1216 903 1397 959 prosuarum
1407 884 1501 942 salute
1513 885 1678 941 animarum
1690 887 1806 961 largita,

97 988 154 1045 que
169 973 288 1046 apesin
304 990 338 1029 ea
357 974 490 1032 inventas
510 976 692 1050 diripientes,
709 996 834 1054 eamque
858 997 927 1037 con·
982 980 1059 1036 sicut
1073 978 1103 1033 in
1120 975 1210 1032 nostri
1227 974 1390 1031 archisterii
1409 975 1526 1048 scriptis
1547 975 1684 1048 repperiri
1700 981 1805 1049 potest,

97 1065 276 1129 cremantes,
293 1062 394 1118 itidem
411 1064 524 1120 ratibus
539 1067 779 1124 commendantes
797 1067 927 1125 abstule-
981 1068 1041 1125 veri
1057 1066 1161 1123 calami
1177 1064 1272 1122 officio
1288 1064 1481 1120 transcribere
1497 1064 1615 1121 curabo.

97 1156 177 1220 runt,
193 1150 342 1223 citiusque
365 1156 542 1210 revertentes
558 1155 594 1210 ad
609 1155 722 1223 urbem,
739 1174 839 1214 muros
863 1160 927 1229 ejus
1018 1157 1078 1214 Vll.
1095 1155 1178 1211 Prius
1192 1155 1246 1226 (23)
1265 1157 1361 1208 lamen
1391 1153 1469 1225 quod
1498 1153 1660 1210 assertione
1680 1154 1809 1214 veridice

97 1243 262 1296 evertentes
269 1239 603 1306 funditusmortuorum
614 1245 764 1310 cadavera,
775 1246 804 1301 in
815 1246 928 1305 cineres
983 1249 1150 1303 nostrorum
1165 1242 1254 1298 didici
1271 1241 1418 1298 seniorum
1429 1241 1601 1297 summatim
1612 1242 1808 1317 perstringere

97 1329 229 1397 redacta,
246 1327 324 1385 inter
347 1329 455 1385 rudera
479 1330 661 1404 reliquerunt
689 1335 772 1407 quasi
802 1336 926 1409 sepulta.
982 1334 1078 1403 libuit,
1091 1333 1217 1407 qualiter
1236 1331 1395 1404 aquodam
1413 1330 1476 1386 lilia
1495 1330 1631 1404 episcopo
1646 1331 1807 1404 (impri-

98 1417 221 1484 Deinde,
243 1417 347 1490 positis
365 1417 396 1474 iu
416 1417 561 1477 malorum
576 1422 746 1480 summitate
770 1425 928 1498 suparibus
983 1443 1033 1483 soa
1047 1422 1198 1481 nobilitate
1209 1422 1269 1479 sive
1280 1419 1408 1477 maximo
1420 1419 1529 1476 honore
1540 1419 1747 1492 deciderit,qui
1759 1436 1809 1477 au-

98 1507 165 1577 (ts),
177 1523 268 1580 prora
278 1506 510 1565 naviumversus
521 1511 712 1580 occidentem,
725 1513 814 1571 llante
827 1514 927 1584 africo,
983 1513 1115 1571 ctoritate
1131 1511 1317 1584 regia,quam
1334 1509 1406 1565 lorte
1421 1514 1532 1566 emerat
1546 1509 1689 1581 pecuniis,
1703 1526 1808 1582 super·

98 1599 227 1662 vertunt,
239 1600 327 1669 atque
342 1614 423 1655 more
438 1597 600 1670 piratarum
624 1601 715 1658 maris
740 1603 861 1661 semitas
876 1621 928 1679 pe·
983 1604 1211 1674 eam,potestate
1233 1599 1362 1670 indepta,
1375 1614 1517 1670 usurpare
1532 1615 1600 1654 cum
1629 1598 1720 1655 armis
1749 1614 1807 1656 non

98 1773 248 1830 iuventam
264 1778 381 1847 gentem
397 1776 472 1832 terro
486 1777 673 1835 trucidabant
688 1783 755 1850 (20).
942 1781 1075 1871 Βείῐυεο
1086 1777 1141 1848 (25)
1159 1777 1229 1832 dum
1247 1775 1382 1831 monachi
1403 1774 1529 1847 priorem
1550 1779 1659 1832 statum
1679 1775 1810 1835 colerent

131 1861 181 1919 Vl.
197 1862 458 1921 Verumeuimvero
482 1867 615 1923 conditor
637 1885 744 1938 rerum,
761 1870 811 1942 qui
827 1872 926 1929 verhe-
983 1874 1070 1941 atque
1085 1866 1255 1939 episcopum
1276 1863 1476 1920 abborrerent.
1486 1863 1568 1920 Unde
1582 1864 1692 1921 iactum
1711 1869 1756 1922 cst
1774 1868 1809 1923 ut

98 1953 271 2008 randosuis
288 1952 424 2010 lldelibus
452 1954 581 2012 misereri
598 1955 782 2032 solet‚atque
811 1960 928 2034 iniquos
982 1951 1810 2025 monachorumplurimilocumcuisedevoverantdese-

97 2041 252 2097 tolerando
267 2041 303 2097 ad
319 2041 423 2098 interni
447 2042 576 2101 claustra
601 2053 725 2114 exercet,
742 2048 832 2120 hujus
856 2051 928 2123 pha·
983 2047 1125 2110 retentet
1140 2043 1170 2098 in
1186 2040 1359 2113 burgundia
1374 2039 1507 2112 partibus
1522 2045 1594 2113 aput
1608 2041 1725 2098 beatum
1742 2042 1809 2099 Ger·

98 2130 193 2203 1⁸⁰8ae
209 2129 546 2190 ⁸00¹0fi³011⁰rmli⁸tem
563 2134 612 2190 diu
628 2153 750 2208 regnare
765 2138 873 2206 nolitit3
885 2146 929 2196 set
983 2149 1104 2190 manum
1118 2131 1398 2187 Autissioderensem
1415 2136 1641 2198 commorantes,
1656 2131 1808 2204 prasentia

98 2235 151 2292 pro
167 2219 296 2292 peccatis
314 2221 396 2290 justo
412 2222 529 2278 verbere
551 2231 716 2297 correptum
733 2227 928 2285 christianum
982 2222 1046 2277 vita.
1057 2237 1176 2276 cursum
1192 2219 1299 2274 ibidem
1316 2217 1464 2273 linierunt.
1478 2217 1635 2274 Praedictus
1651 2235 1719 2292 ergo
1734 2216 1806 2293 prta·

99 2307 244 2381 populum
260 2308 410 2380 paulisper
419 2310 562 2383 respirare
576 2313 705 2370 voluitet
716 2316 821 2390 iniqua
833 2318 928 2391 gentis
983 2311 1039 2377 sul,
1052 2314 1138 2366 nacta
1153 2307 1305 2364 occasione
1321 2307 1545 2379 preciosaque
1561 2307 1601 2362 ibi
1620 2309 1809 2381 repperitur-

100 2397 188 2452 malis
214 2395 353 2468 operibus
368 2397 518 2470 imponere
541 2401 629 2457 tinem
654 2405 790 2470 decrevit,
807 2423 928 2462 suorum
983 2403 1122 2455 namenta
1136 2413 1264 2468 vasaque
1280 2395 1393 2451 diversa
1414 2411 1501 2450 8¹1?ssss
1518 2396 1562 2451 vel
1582 2401 1730 2469 argentea,
1744 2414 1808 2470 qil&

100 2484 234 2541 fidelium
251 2484 425 2558 sauguinem
437 2487 638 2546 vindicaturus
653 2491 682 2546 in
695 2495 843 2566 perpetuis
857 2496 930 2551 Hed-
983 2488 1159 2560 concupivit,
1174 2484 1354 2557 flbSPOPifll'st
1365 2489 1451 2554 iique
1471 2483 1616 2550 distraxit·
1629 2489 1721 2541 lillis
1736 2502 1808 2558 (1⁰⁰⁰

100 2576 212 2644 natet)
222 2573 429 2631 flammivomis
440 2574 569 2648 ignibus.
581 2578 682 2652 ltaque
693 2598 759 2638 cum
775 2582 929 2641 infinibus
983 2595 1040 2651 que
1054 2575 1213 2632 sanctuarii
1231 2590 1304 2645 quas
1327 2570 1530 2644 religiosorum
1545 2571 1672 2629 virorum
1688 2574 1808 2630 muniti·

99 2661 355 2718 Armoricanorum
373 2664 496 2736 remigio
516 2668 704 2738 pervenisset,
718 2675 790 2744 aput
810 2678 928 2745 pontem
983 2665 1079 2722 centia
1095 2664 1224 2729 dederat,
1235 2661 1265 2716 in
1277 2659 1385 2733 quibus
1396 2660 1551 2716 extendere
1565 2678 1686 2717 manum
1703 2663 1807 2735 potuit,

99 2750 177 2807 Dirae
204 2751 337 2807 ilumiuis
365 2751 507 2825 aplicans,
524 2754 590 2812 lana
617 2774 739 2831 corpora
767 2778 929 2819 recreares
983 2752 1109 2827 propriis
1123 2750 1226 2807 usibus
1237 2747 1437 2821 stipendiariis
1449 2748 1616 2821 mancipare
1628 2767 1685 2806 uon
1697 2751 1808 2823 timuit,

99 2844 182 2896 tauto
196 2839 297 2896 labore
320 2840 385 2896 siue
409 2841 469 2899 ullo
494 2861 598 2916 pavore
613 2848 711 2919 coepit.
723 2850 805 2905 Tunc
821 2867 837 2905 a
859 2851 927 2919 Deo,
983 2844 1104 2915 suisque
1119 2839 1298 2905 domesticis,
1310 2855 1384 2894 ausu
1395 2837 1560 2904 temerario,
1572 2838 1602 2893 in
1613 2839 1753 2898 beneilcio
1769 2840 1810 2898 di·

99 2945 189 3002 quem
205 2927 292 2985 multi
308 2929 395 2985 mode
405 2929 492 2988 malis
502 2936 722 2992 exacerbaverat
732 2939 930 3011 operibus,de·
982 2932 1080 2987 Videte
1095 2927 1293 3003 Pifflsumpflit·
1309 2925 1466 2982 lfflb⁰⁰l¹¹i⁸
1486 2930 1583 2982 autem
1600 2929 1686 2984 turbu
1705 2945 1809 2986 ¹110ssss-

99 3018 212 3086 ralicta,
226 3022 312 3074 terra
326 3018 460 3092 marique
478 3021 637 3079 admodum
654 3042 766 3097 perosa,
778 3045 796 3083 a
810 3028 929 3086 Francis
984 3021 1117 3086 chorami
1129 3036 1193 3092 (111ae
1207 3017 1246 3072 ihi
1259 3020 1450 3082 remanserat,
1461 3015 1560 3072 1108050
1572 3032 1629 3088 quo
1640 3023 1810 3090 pergeret,a

99 3106 172 3164 inibi
188 3107 320 3180 undique
333 3107 516 3178 circundata,
527 3114 566 3178 et,
579 3111 656 3168 sicut
677 3129 767 3187 supra
789 3116 926 3184 diximus,
986 3109 1109 3183 presule
1125 3124 1210 3181 parce
1226 3123 1259 3162 ao
1273 3104 1465 3161 inclementer
1479 3105 1621 3161 alebatur.
1631 3107 1750 3163 interim
1767 3107 1808 3165 lo-

99 3195 141 3252 ita
154 3200 200 3252 est
214 3194 323 3269 gladiis
333 3197 468 3271 depasta,
477 3201 510 3253 ut
523 3216 557 3255 ea
572 3204 654 3256 tanta
667 3202 856 3262 multitudine
871 3223 928 3262 nou
944 3161 967 3230 c
985 3216 1037 3255 cus
1051 3197 1121 3254 olim
1137 3195 1259 3253 celebris
1273 3199 1361 3266 atque
1372 3193 1748 3267 opinatissimuspaulatim
1763 3197 1811 3254 de·

99 3284 207 3358 legisse
220 3302 269 3342 mc
285 3286 408 3342 memini
427 3288 597 3361 quempiam
616 3291 753 3359 evasisse,
765 3310 860 3366 neque
877 3295 929 3351 ali.
984 3303 1129 3352 crescens,
1141 3284 1267 3358 pristina
1277 3282 1397 3356 quidem
1408 3282 1548 3355 dignitate
1559 3282 1714 3356 officioque
1724 3284 1809 3344 solito

102 3389 201 3446 qaam,
213 3378 433 3447 prateruaum,
446 3374 475 3432 in
491 3377 658 3450 captivitate
673 3379 794 3437 ductum
806 3383 872 3456 (22).
889 3383 930 3442 De
983 3377 1131 3441 viduatus,
1144 3391 1161 3429 a
1175 3370 1283 3446 populo
1299 3368 1381 3427 nulla
1395 3371 1579 3427 veneratione
1593 3371 1702 3446 diguus
1719 3372 1808 3432 habe·

101 3477 229 3534 qaorum
244 3463 387 3538 sauguine
403 3463 526 3521 madida
542 3465 648 3522 bibulae
659 3484 752 3524 arena
768 3487 820 3542 per
834 3472 931 3531 undas
985 3466 1081 3522 batur·

100 3551 145 3608 sui
161 3550 308 3620 lluminis,
319 3552 404 3625 quasi
418 3558 566 3626 pertesum
582 3555 734 3625 babentes,
749 3559 846 3631 ipsum
862 3580 930 3619 san.
1020 3554 1089 3609 Post
1099 3568 1156 3606 non
1168 3548 1294 3604 multum
1305 3565 1370 3604 vero
1381 3546 1532 3621 temporis,
1545 3552 1661 3606 mortuo
1672 3549 1808 3625 episcopo

99 3639 222 3714 guinem
242 3645 419 3710 evomentes,
435 3642 522 3717 longo
537 3644 639 3702 ordine
658 3662 738 3703 mare
758 3650 929 3723 contiguum
984 3641 1057 3710 Elia,
1069 3638 1119 3713 qui
1134 3638 1213 3694 hunc
1227 3637 1324 3693 locum
1344 3636 1491 3709 regalibus
1511 3636 1604 3693 titulis
1619 3637 1806 3711 insignitum,

99 3729 248 3786 inmundo
263 3745 366 3786 cruore
380 3730 526 3789 inliciunt.
985 3726 1117 3785 demonis
1137 3728 1200 3782 tace
1223 3741 1393 3790 succensus,
1405 3725 1442 3780 ad
1472 3725 1596 3782 nihilum
1611 3726 1703 3794 duxit,
1720 3733 1807 3801 atque

135 3817 360 3891 Setquitoalor
373 3819 489 3876 dicendi
505 3837 552 3877 me
567 3823 709 3895 compulit
718 3825 929 3900 digressionem
984 3818 1109 3876 alterum
1125 3813 1395 3871 sanctimonialium
1407 3814 1573 3871 caenobium
1592 3815 1622 3871 in
1635 3820 1735 3873 moute
1746 3817 1806 3875 Leu

134 3940 193 4013 (18)
208 3939 274 4008 liic,
288 3948 407 3998 rostram
430 3958 482 4014 pro
496 3943 556 4014 soro
571 3942 688 4000 videtur
707 3948 854 4021 usurpari,
872 3949 929 4005 nisi
983 3937 1236 4011 Normauaiaanti
1261 3955 1304 3993 uae
1315 3935 1806 4019 recentiorhistoricus,Tbeodori1s

100 4010 139 4068 sit
152 4010 257 4085 aliqua
269 4011 349 4069 vocis
364 4011 521 4085 corruptio.
984 4014 1116 4085 Licquet,
1127 4010 1171 4066 vir
1181 4010 1231 4083 qui
1272 4009 1400 4080 otomagi
1410 4025 1440 4064 tn
1454 4009 1548 4081 patria
1563 4026 1617 4066 sua
1630 4011 1762 4069 eruditus
1777 4016 1807 4070 et

147 4082 196 4151 l9)
213 4085 257 4139 lta
269 4084 333 4139 cod.
346 4100 398 4156 pro
413 4086 553 4211 superb,
570 4101 676 4158 nempe
691 4087 761 4143 veiis
777 4090 906 4146 navium.
983 4082 1192 4158 sagaxmerita
1220 4097 1290 4163 saue
1308 4079 1681 4162 ‘habebatunomniaqus
1710 4087 1807 4143 vetera

146 4155 195 4221 20)
205 4153 313 4211 Dolum
327 4155 438 4229 Astiagi
476 4172 626 4228 unamque
638 4158 739 4214 urbem
757 4159 797 4216 ita
811 4162 930 4235 subrep
983 4155 1120 4213 chronica
1136 4154 1171 4209 de
1186 4169 1282 4225 prisco
1306 4151 1356 4207 illo
1380 4150 1571 4207 barbarorum
1592 4155 1806 4226 septentriona-

100 4227 162 4281 tam
178 4225 278 4282 fusius
291 4231 391 4283 narrat
406 4244 464 4299 pra
479 4228 618 4284 omnibus
632 4229 715 4286 Dudo
730 4231 829 4288 Sancti
839 4233 929 4299 Quin·
983 4227 1056 4284 lium
1068 4227 1141 4282 ducc
1151 4223 1343 4290 tradiderunt,
1356 4237 1453 4279 meras
1463 4223 1577 4280 tabulas
1587 4223 1734 4282 declarare
1748 4244 1805 4284 uon
1851 4286 1857 4294 ,

100 4295 167 4363 tini,
176 4297 274 4369 primo
289 4297 384 4370 operis
399 4299 445 4355 sui
457 4299 492 4355 de
504 4299 635 4357 moribus
645 4305 673 4356 ot
688 4302 759 4357 actis
768 4302 929 4361 Normano·
982 4298 1093 4356 timuit.
1105 4296 1186 4352 Cani.
1199 4294 1252 4349 Th.
1267 4294 1397 4366 fficquet,
1411 4296 1527 4350 Hitht'rss
1540 4295 1572 4351 de
1586 4295 1751 4352 ΝΟΜῑαηᾶῑθ
1764 4299 1808 4355 dt·

100 4383 168 4423 rum
179 4368 394 4441 capitulatilr'et.
407 4369 556 4428 Nommnn.
565 4373 659 4444 script.
668 4375 754 4445 antiq.
767 4390 795 4446 p.
806 4376 841 4431 63
851 4381 930 4448 sqq.)
980 4373 1046 4498 poia
1060 4371 1098 4425 les
1112 4377 1195 4439 mapa
1210 4367 1248 4421 les
1266 4366 1328 4436 plus
1344 4365 1446 4421 recales
1475 4366 1577 4437 'usqa'b
1591 4368 1618 4422 la
1632 4371 1760 4439 conouttc
1773 4368 1806 4427 de

100 4439 194 4504 Quem
216 4440 541 4514 sequiturGuillclmus
560 4443 930 4518 Gemetious,cap.1xetx
996 4443 1158 4512 'Anoteterre
1173 4454 1207 4493 en
1224 4437 1301 4507 1065,
1317 4441 1339 4491 t·
1357 4436 1378 4503 Ῑ,
1396 4453 1424 4509 Ρ·
1478 4442 1608 4505 ‚norea

99 4509 185 4577 (Μ.
207 4527 276 4584 pag.
297 4514 361 4582 220,
383 4530 410 4581 c,
427 4513 466 4641 pp,
483 4515 594 4571 addens
622 4515 782 4572 barbarum
811 4518 966 4596 decemp
1019 4515 1075 4580 (21)
1093 4512 1159 4582 Lag.
1177 4509 1263 4565 itare.

100 4580 273 4639 Lunaeesse
287 4585 423 4656 potitum,
457 4602 505 4641 um
528 4587 651 4642 Romam
668 4588 781 4660 cepisse
802 4592 927 4662 putaret.
1019 4588 1076 4650 (22)
1092 4583 1158 4648 Oua
1174 4580 1219 4635 bio
1235 4583 1335 4634 narrat
1352 4576 1461 4660 iffaulus
1482 4579 1518 4633 de
1542 4578 1674 4651 Hastingi
1692 4578 1721 4634 in
1737 4578 1805 4635 Car·

100 4651 232 4708 Primam
248 4654 336 4710 Luna
350 4657 575 4730 expugnationis
594 4659 773 4714 mentionem
790 4659 819 4715 in
834 4664 929 4716 vetere
983 4662 1133 4711 notensem
1152 4667 1259 4724 pagum
1275 4649 1423 4704 invasione
1439 4653 1467 4704 et
1484 4650 1520 4704 de
1535 4649 1806 4708 Northmannorum

99 4722 243 4780 chronico
258 4725 360 4782 incerti
384 4729 522 4795 auctoris,
535 4731 585 4786 sed
609 4730 660 4803 qui
686 4730 848 4786 monachus
864 4731 927 4787 Flo·
983 4728 1018 4783 ad
1035 4726 1105 4781 Divo
1117 4722 1194 4779 liuvii
1207 4722 1314 4777 ostium
1326 4719 1408 4803 clade
1423 4720 1499 4775 inter
1509 4719 1622 4777 tabulas
1633 4721 1804 4795 ableganda.

98 4795 245 4851 riaceneis
259 4796 351 4854 luisse
361 4799 486 4867 videtur,
494 4801 570 4856 edito
582 4801 617 4857 ab
630 4803 742 4857 andrea
755 4802 926 4872 buchesnio,
1017 4799 1074 4866 (23)
1091 4796 1141 4852 llic
1177 4791 1359 4866 aragraphus
1380 4809 1408 4847 in
1429 4791 1481 4847 cod
1499 4792 1529 4846 Β.
1547 4809 1614 4847 cum
1630 4791 1743 4848 levibus
1757 4811 1804 4850 va·

99 4865 278 4924 invenimus.
295 4870 383 4926 'lacet
397 4872 433 4928 de
448 4871 514 4927 dolo
533 4872 703 4940 Normanni,
720 4888 773 4928 neo
788 4872 865 4929 aliud
883 4891 928 4929 re·
983 4869 1137 4925 rietatibus
1155 4813 1263 4938 iegitur
1286 4863 1386 4935 sicque
1410 4861 1530 4946 incipit:
1544 4863 1666 4931 Qrtaliter
1686 4872 1806 4922 cauma

99 4935 156 4991 lert
170 4937 206 4994 de
222 4939 295 4995 urbe
308 4941 436 4997 Lunensi
452 4959 541 5015 quam
561 4959 653 5014 pauca
668 4942 729 4999 hac
744 4945 830 5001 verba
842 4963 867 5000 t«
880 4945 928 5000 ΑΙ·
980 4943 1074 5013 prima
1088 4938 1228 4995 nobilitate
1242 4943 1323 5060 cepte
1340 4951 1461 5017 mammo
1484 4935 1585 5018 immi?
1597 4937 1742 5019 ,imiimi
1764 4937 1806 4992 ²0·

99 5022 115 5061 a
191 5025 227 5065 ue
242 5026 260 5065 a
274 5010 453 5069 Francorum
475 5018 551 5068 terra
570 5029 621 5085 per
635 5012 781 5070 Oceanum
807 5016 928 5089 pelagus
982 5010 1139 5069 casanat
1166 5010 1242 5063 Petri
1280 5006 1403 5069 eadere,
1419 5013 1490 5061 sicut
1512 5007 1633 5062 veridica
1660 5009 1807 5064 amatione

101 5077 112 5132 l
158 5095 219 5135 ram
234 5082 469 5150 tendens,l.una
505 5089 601 5139 ortum
618 5084 714 5156 attigit
726 5086 777 5141 eti
801 5104 864 5143 sam
879 5105 927 5144 ur·
981 5085 1120 5140 seniorum
1134 5079 1224 5136 dedici
1245 5079 1402 5132 summatim
1415 5079 1598 5148 perstringere
1620 5081 1725 5134 cerari.
1742 5081 1806 5135 Fer-

99 5148 169 5205 bem
186 5153 325 5209 contiuuo
339 5171 382 5210 coe
405 5156 437 5210 it.
449 5177 463 5204 o
475 5101 553 5226 (ilict.
566 5158 718 5210 Normano.
731 5166 824 5229 script.
840 5161 926 5230 antiq.
982 5164 1028 5210 tar
1041 5169 1072 5208 er
1088 5168 1103 5207 o
1119 5170 1136 5206 a
1151 5149 1276 5222 quodum,
1288 5149 1367 5203 liclia
1387 5151 1508 5231 nornine.
1521 5151 1571 5231 qai
1584 5148 1807 5221 quadragesimus

121 5221 189 5287 .32,
202 5227 244 5304 a.)
257 5223 299 5280 lbi
313 5225 374 5281 dux
385 5172 573 5282 K'ormanuue
589 5229 709 5282 vocatur
721 5227 895 5302 Alstagnus;
912 5247 929 5284 a
981 5169 1114 5282 secundm
1128 5223 1239 5277 antistas
1257 5220 1337 5292 hujus
1360 5222 1437 5276 orbas
1463 5222 1565 5291 estitit,
1581 5223 1741 5277 auctoritate
1763 5237 1807 5279 re·

141 5296 252 5349 metveo
279 5299 378 5352 autem
403 5298 485 5352 Aetia
530 5299 606 5353 alit
632 5296 800 5355 inDudone
828 5299 928 5356 Santi
981 5299 1038 5366 oia,
1059 5300 1113 5349 cte.

99 5362 247 5430 Quintini,
259 5366 369 5437 maiora
383 5367 494 5424 variata
525 5367 654 5440 ,legitur
667 5374 696 5423 et
709 5369 882 5437 Austinnus,
899 5375 928 5426 et
1018 5367 1077 5436 (24)
1094 5363 1135 5418 tib
1151 5378 1226 5417 &0¹¹0
1241 5363 1294 5416 840
1309 5361 1344 5416 ad
1360 5377 1470 5417 annum
1486 5363 1549 5417 84⁶·
1560 5362 1594 5417 D·
1609 5360 1716 5435 Multi·

98 5432 263 5516 Alstignus,
280 5441 343 5493 tum
366 5438 539 5510 adstignus,
554 5437 714 5505 Astelmus,
732 5446 794 5496 tum
821 5441 928 5513 sapius
1018 5438 1073 5509 (25)
1089 5435 1155 5491 Coti.
1169 5435 1201 5504 B,
1215 5448 1264 5558 pro
1278 5433 1343 5488 dum
1358 5434 1495 5516 montelli,
1512 5433 1667 5490 ctohabet
1683 5451 1689 5489 ²
1706 5436 1806 5491 litimi-

99 5506 275 5579 Anstrgnos,
291 5513 324 5563 ut
347 5526 451 5565 nomen
468 5509 553 5565 ducis
576 5509 662 5564 istius
677 5510 802 5579 barbari,
819 5513 855 5567 de
870 5529 927 5584 quo
982 5518 1039 5566 tom
1050 5525 1132 5564 sacrm
1147 5507 1210 5575 lugu
1231 5512 1377 5574 temetque
1391 5505 1527 5560 initialem
1540 5504 1677 5570 exhibuit,
1692 5513 1718 5562 et
1732 5507 1808 5561 inex·

100 5575 216 5657 nullum
233 5579 397 5652 reperimus
419 5581 576 5664 vestigium
591 5580 621 5635 in
637 5597 735 5637 rerum
761 5582 928 5640 italicarum
981 5581 1120 5638 tricabiles
1135 5577 1259 5634 dividuos
1274 5575 1475 5632 tatimortoro
1496 5576 1808 5648 enimtestamento

100 5648 297 5720 scriptoribus
321 5668 338 5709 a
364 5651 522 5711 Muratono
552 5649 690 5709 conectis.
707 5653 779 5712 lade
806 5654 929 5713 tortame
982 5661 1031 5725 cst,
1047 5655 1102 5709 etc.
