3816 6006
103 238 164 310 cra
362 233 415 300 an
436 231 695 299 consuamus
715 231 882 297 arruns.
903 231 944 305 11.
959 265 999 279 -
1015 229 1170 297 norun.
1193 231 1244 294 nu
1264 230 1390 295 namo
1410 229 1550 295 sueno.
1744 198 1821 295 nso

105 370 287 451 Improvisus
305 369 407 441 adest;
423 369 478 427 hoc
493 371 623 427 castrum
636 385 709 444 gens
724 366 850 426 suriana
943 364 1071 436 Aiirbis
1086 364 1164 426 enim
1180 368 1283 436 rector,
1300 365 1470 423 moderatus
1484 367 1521 424 ad
1537 365 1645 435 omnia,
1662 363 1737 425 lenis

104 464 253 533 Servabat,
269 478 333 535 qus
348 464 451 534 sponte
465 459 542 516 viros
558 458 660 532 recipit
674 458 747 514 bene
762 474 843 514 sana.
982 454 1090 513 Praetu
1106 455 1176 524 ohit,
1193 459 1366 528 patremque
1382 471 1470 512 suum
1484 455 1563 512 dolet
1578 457 1649 512 urbs
1665 457 1786 527 obiisse,

102 555 166 614 itur
180 553 215 611 ad
231 551 380 626 quoddam
395 554 534 619 castrum,
552 550 603 605 sed
616 549 703 605 turba
717 548 838 621 profana
982 544 1072 612 liano,
1089 561 1156 601 oum
1172 547 1257 616 capta
1272 542 1337 612 fuit,
1354 560 1411 600 non
1427 545 1512 601 credo
1523 543 1618 618 magis
1631 545 1773 604 doluisse.

103 641 233 712 Obstitit,
250 640 320 698 hinc
335 638 445 696 nostris
460 637 633 710 intorquens
649 634 762 710 spicula
772 652 855 692 vana.
981 653 1128 725 ppgcopu,
1151 651 1291 707 podiensi,
1305 652 1434 707 morum,
1449 650 1591 707 ,penariam
1613 654 1692 725 capp
1715 670 1806 711 com,

103 731 160 792 Sed
175 735 274 789 tamen
288 728 344 785 hoc
358 725 475 785 Domini
491 743 598 783 manus
613 725 723 794 obruit,
738 729 767 782 et
781 721 927 798 peregrini
1310 722 1338 778 S.
1354 722 1470 794 AEpidii.

103 820 167 882 lilio
180 817 303 895 gentiles
315 821 386 874 sunt
400 816 436 873 ad
451 815 599 889 baptisma
611 814 716 883 vocati,
1017 813 1092 869 Dum
1109 811 1183 868 calet
1196 811 1321 886 Augusti
1336 811 1433 868 dictus
1448 812 1483 869 do
1498 812 1616 869 nomine
1632 815 1744 872 mensis

103 909 217 982 Quique
232 907 394 979 rejecerunt
409 904 482 961 illud
498 905 609 977 periere
623 902 731 975 necati,
981 903 1044 960 Non
1059 901 1127 973 sibi,
1143 901 1194 958 sed
1207 900 1315 974 populo
1330 899 1436 974 presul
1449 900 1574 957 moritur
1589 900 1741 960 Podiensls

104 997 273 1073 Captivatur
287 994 328 1052 ibi
343 1009 426 1067 puer,
442 992 653 1065 etquicunque
669 991 794 1048 senescit
980 998 1036 1050 Pro
1051 992 1134 1049 Petro
1149 995 1241 1049 traoto
1257 992 1293 1047 de
1307 1007 1422 1047 carcere
1437 991 1508 1047 dum
1524 990 1586 1061 tibi,
1603 992 1729 1065 Christe,

104 1086 226 1155 Occidit,
241 1082 350 1159 ignotis
364 1082 450 1139 breve
465 1097 587 1156 regnum
601 1097 720 1154 parcere
735 1078 836 1137 nescit.
981 1083 1056 1140 Urbs
1071 1081 1159 1149 canit,
1175 1085 1220 1137 est
1234 1085 1345 1137 tractus
1360 1081 1397 1136 de
1412 1096 1526 1137 carcero
1541 1081 1671 1165 eorporis
1687 1082 1754 1151 iste,

104 1174 245 1235 Hostibus
259 1171 379 1240 eversis,
395 1188 465 1229 suro
482 1169 585 1244 spoliis
599 1169 710 1226 onerati
981 1173 1100 1245 Quaque
1115 1172 1162 1228 die
1176 1169 1308 1227 recolunt
1323 1168 1483 1227 solventem
1495 1168 1613 1226 vincula
1628 1170 1759 1240 Petrum,

103 1267 146 1324 ad
161 1267 291 1322 castrum
305 1261 429 1319 redeunt
443 1259 493 1334 qui
503 1260 568 1332 jam
583 1259 700 1315 fuerant
715 1257 828 1314 donati.
981 1260 1109 1319 illaluoe
1122 1259 1177 1316 viri
1192 1257 1377 1334 deploravere
1392 1259 1539 1315 feretrum.

103 1355 162 1414 Nec
176 1351 276 1427 requie
291 1353 428 1408 contenta
442 1348 504 1418 diu,
517 1348 611 1405 virtus
625 1347 760 1404 animosa
982 1351 1049 1407 Post
1064 1349 1171 1406 nimios
1186 1348 1293 1417 luctus,
1309 1352 1376 1422 post
1389 1347 1551 1405 infortunia
1564 1347 1661 1424 plura,

103 1442 202 1502 iiostis
215 1440 252 1499 ad
267 1439 420 1497 interitum
437 1442 537 1495 manet
552 1438 671 1495 assidue
686 1436 829 1493 studiosa.
982 1440 1069 1497 Stans
1084 1455 1181 1495 comes
1196 1437 1298 1512 AEgidii
1314 1437 1412 1494 Sancti
1425 1454 1477 1512 per
1488 1442 1621 1511 tempora
1635 1440 1710 1497 dura

103 1530 285 1604 Gentilisque
298 1527 399 1602 legens
413 1526 535 1602 vestigia
546 1543 650 1601 sparse
664 1543 716 1600 per
729 1525 840 1595 orbem,
983 1528 1036 1586 ivit
1050 1529 1087 1585 ad
1097 1527 1255 1596 hiberiam,
1272 1543 1361 1600 quam
1377 1525 1470 1584 mulio
1485 1525 1579 1585 milito
1594 1528 1717 1603 cingens

101 1619 278 1697 Aggreditur
292 1618 419 1674 Marcam
430 1615 547 1690 plenam
562 1615 721 1691 gentilibus
737 1614 850 1671 urbem.
982 1617 1074 1692 Cepit,
1090 1621 1119 1673 et
1131 1615 1201 1672 huic
1216 1614 1282 1671 urbi
1298 1631 1403 1671 murus
1416 1632 1473 1673 non
1489 1616 1599 1688 profuit
1612 1615 1728 1691 ingens.

102 1710 230 1770 Duxerat
245 1707 275 1764 in
291 1707 430 1775 Murram,
443 1706 517 1763 duce
532 1705 620 1773 fama,
636 1705 723 1761 turbe
736 1708 848 1761 remota
982 1706 1109 1764 Ensibus
1124 1704 1171 1762 hic
1187 1704 1307 1761 incurvo
1319 1720 1423 1761 senum
1439 1708 1508 1761 sunt
1522 1703 1598 1762 colla
1612 1710 1732 1779 resecta,

103 1798 190 1857 Urbis
203 1796 295 1872 Aleph
312 1796 442 1853 Robcam
456 1811 516 1864 rex,
527 1799 556 1853 et
567 1794 673 1852 vicinia
685 1798 755 1864 tota,
981 1797 1035 1853 icc
1051 1794 1150 1851 minus
1165 1794 1312 1849 infantum
1329 1797 1506 1866 rumpuntur
1520 1798 1653 1867 tempora
1668 1801 1753 1870 gratu

103 1887 180 1947 fieus
196 1903 230 1944 ea
244 1903 302 1943 non
314 1884 420 1942 humili
430 1887 540 1942 terrore
554 1901 688 1959 repressa
702 1884 839 1941 decenter
980 1886 1038 1942 Nec
1050 1882 1163 1941 vetulas
1179 1882 1426 1954 reverendajuvat
1440 1898 1606 1957 rugosaque
1616 1884 1723 1955 Persis,

103 1974 255 2052 Disposuit
268 1974 391 2043 bellum,
408 1973 467 2031 ruit
481 1974 511 2031 in
527 1979 642 2032 nostros
656 1972 804 2030 violenter.
980 1975 1038 2031 Neo
1053 1972 1140 2030 facies
1155 1972 1274 2045 prodest
1288 1987 1347 2027 non
1363 1970 1428 2026 laedi
1438 1970 1528 2046 digna
1537 1971 1654 2045 puellis,

105 2067 209 2125 Ferrea
223 2063 296 2122 silva
309 2062 387 2121 cadit
401 2063 525 2137 passim,
540 2080 738 2137 campumque
753 2065 907 2119 cruentum
980 2065 1037 2121 Nec
1053 2060 1177 2136 simplex
1190 2060 1237 2116 via
1252 2059 1355 2116 mortis
1365 2064 1437 2126 orat,
1454 2059 1523 2133 quia
1538 2059 1618 2118 mille
1632 2068 1785 2121 necantur.

104 2155 237 2229 Asperat,
252 2155 331 2210 satra
345 2150 418 2226 petit
432 2151 528 2226 fragor
542 2156 571 2209 ct
585 2151 677 2227 gemit
692 2151 880 2209 morientum.
981 2152 1059 2210 Mille
1067 2151 1173 2217 modis,
1182 2149 1336 2223 meritique
1347 2148 1502 2205 hominum
1514 2150 1617 2207 merito
1626 2151 1802 2211 lacerantur.

103 2245 289 2303 Concurrunt
301 2258 354 2316 per
368 2258 454 2297 mane
468 2242 568 2309 sudes,
582 2240 613 2297 hi
629 2239 742 2314 spiculo
751 2241 875 2318 jactant,
978 2241 1106 2308 Albucia,
1123 2240 1164 2297 sio
1179 2239 1214 2296 ad
1230 2238 1346 2295 Domini
1362 2238 1474 2296 cultum
1490 2244 1628 2296 revocata

102 2331 148 2390 illi
162 2331 341 2407 protendunt
354 2330 466 2398 hastas,
483 2330 648 2404 iterumque
662 2333 822 2403 receptant.
980 2330 1139 2390 Praefioitur
1153 2327 1260 2403 presul
1275 2328 1338 2384 vitae
1353 2344 1479 2402 persona
1493 2329 1631 2402 probate.

104 2420 220 2480 Fortius
234 2419 398 2488 incursant,
413 2416 545 2493 ipsisque
560 2419 700 2476 cadavera
714 2418 805 2492 portis
979 2423 1104 2494 Jamque
1124 2418 1246 2475 vocabat
1266 2417 1362 2475 hiems
1386 2433 1530 2491 proceres,
1548 2434 1622 2475 nova
1644 2419 1721 2478 heila
1741 2439 1803 2480 mo·

102 2511 232 2586 litigant
245 2507 349 2577 nostri,
360 2509 423 2581 jam
440 2508 538 2565 stabat
551 2507 581 2563 in
598 2524 703 2582 aggere
719 2505 803 2565 fortis
1672 2511 1769 2582 [vendi

103 2599 197 2668 biiles,
213 2597 398 2655 inundabant
414 2597 509 2667 fossas,
526 2614 594 2654 oum
609 2598 682 2655 ferte
693 2597 808 2655 retortis
980 2601 1109 2673 Tempus
1124 2601 1194 2667 erat,
1212 2597 1365 2671 cepitque,
1380 2596 1470 2653 dabat
1484 2614 1566 2670 spem
1587 2598 1767 2672 perficiendi,

102 2687 221 2747 Veritur
235 2702 340 2762 agmen
356 2686 449 2759 aquis,
466 2702 555 2759 quam
571 2687 681 2758 perfida
695 2687 789 2760 gratia
807 2687 892 2746 fortis
980 2686 1123 2746 Omnibus
1139 2687 1207 2743 hine
1219 2686 1329 2745 sanctia
1344 2686 1415 2742 dum
1431 2685 1538 2743 festum
1554 2687 1587 2742 frt
1603 2688 1738 2762 generale

103 2773 281 2834 Christicolae
292 2774 363 2830 dont
376 2777 458 2848 terga
472 2777 559 2842 retro,
573 2772 728 2829 formidine
744 2773 846 2831 mortis
980 2780 1142 2851 congregat
1155 2776 1301 2844 absentes,
1318 2774 1447 2831 edictum
1463 2774 1624 2849 spirituale,

106 2865 218 2922 Turbat
230 2880 279 2920 eos
293 2861 413 2919 inimica
425 2862 529 2919 cohors
544 2863 655 2936 agitata
667 2862 775 2918 furore.
979 2868 1046 2924 Jam
1060 2865 1160 2923 varius
1175 2863 1301 2938 populus
1315 2864 1455 2920 confluxit
1466 2863 1496 2920 in
1512 2864 1695 2923 Antiochena

104 2952 260 3013 'l'innitum
274 2951 367 3026 olxpoi
380 2952 519 3021 reddunt,
534 2951 681 3026 galeaeque
697 2968 819 3020 sonore,
980 2954 1096 3023 Moenia,
1113 2970 1202 3026 quam
1215 2952 1286 3009 varii
1303 2953 1397 3025 pisces
1410 2952 1440 3008 in
1454 2952 1527 3009 retia
1541 2953 1628 3027 plena

103 3042 296 3102 Octenebrant
310 3039 410 3099 oculos
423 3040 524 3116 lapsus
540 3040 575 3099 de
590 3041 696 3098 cortice
708 3041 784 3110 coni,
980 3042 1180 3117 Dissimilique
1194 3041 1289 3116 placet
1302 3041 1408 3098 similis
1424 3042 1556 3099 sentenia
1569 3044 1659 3117 genti.

103 3131 221 3191 horicus
234 3130 338 3188 odiunt
348 3132 473 3204 juvenes
484 3131 519 3187 ud
534 3130 653 3187 verbera
665 3129 760 3203 proni·
940 3115 962 3184 c
981 3132 1142 3193 Jerusalem
1159 3133 1223 3190 loca
1236 3135 1340 3188 snnctu
1354 3132 1455 3189 vident
1470 3132 1568 3188 animo
1583 3134 1724 3207 cupienti.

102 3221 216 3279 scindit
225 3219 308 3277 lubra
323 3219 399 3289 sitis,
416 3236 474 3276 non
488 3219 598 3276 sufficit
613 3219 701 3276 umbo
717 3219 844 3294 sagittis.
979 3224 1031 3281 Vis
1047 3239 1149 3280 secura
1161 3221 1266 3290 virum,
1279 3221 1365 3293 jubet
1379 3220 1458 3295 ipsos
1474 3238 1537 3278 esse
1554 3226 1682 3295 paratos,

103 3309 139 3368 Ut
148 3310 340 3385 Raymundus
354 3324 403 3365 eoa
418 3307 493 3365 vtdit
507 3324 664 3376 rarescere,
681 3308 805 3382 primus,
980 3313 1079 3383 Deque
1094 3310 1156 3367 suis
1170 3310 1287 3367 abolent
1302 3309 1409 3366 animia
1424 3310 1562 3384 conjugia
1578 3315 1672 3381 natos,

101 3397 262 3472 Respirats,
277 3396 343 3464 viri,
359 3395 476 3465 clamat,
492 3413 561 3469 quo,
573 3396 645 3470 proh
663 3395 774 3470 pudori
791 3397 890 3455 imus‘f
979 3401 1065 3461 Orbis
1080 3401 1116 3457 ad
1133 3400 1249 3474 ignotos
1263 3402 1374 3456 tractus
1386 3399 1448 3470 jam
1464 3407 1560 3456 mente
1580 3401 1715 3459 feruntur

101 3484 239 3544 Talitera
251 3485 364 3559 trepido
380 3502 468 3541 cursu
484 3488 575 3558 proha
587 3501 660 3559 gens
674 3491 806 3542 revocata
979 3489 1212 3561 Parthorumque
1229 3488 1316 3561 pedes
1326 3487 1390 3559 jam
1402 3487 1504 3545 martis
1514 3505 1613 3546 amore
1624 3496 1799 3564 sequuntur.

100 3572 230 3632 Gentiles
243 3571 304 3646 agit
318 3572 354 3628 ad
371 3587 482 3640 muros,
499 3570 588 3628 simul
601 3571 809 3646 agglomerata.
1177 3595 1330 3652 emmeant
1343 3595 1464 3651 Mamm
1473 3595 1605 3652 obsident.

100 3663 157 3722 Std
172 3663 400 3719 ¹1⁰1¹V0Pi¹¹fll¹¹l
415 3659 535 3717 suriani
550 3659 718 3717 d0fi⁰i⁰¹¹l⁰⁸
979 3684 1159 3743 Conveniens
1174 3688 1296 3757 comites
1306 3685 1364 3741 dux
1379 3683 1491 3741 interea
1505 3684 1687 3744 Boimundus

101 3752 160 3812 Neo
174 3750 269 3809 socios
282 3749 377 3806 vivere
392 3765 472 3816 suos,
484 3747 548 3848 sitis
563 3747 749 3822 impatientes
982 3775 1100 3833 Pactam
1117 3772 1221 3847 Μὴ
1236 3774 1271 3830 ab
1282 3772 1328 3828 hig
1343 3772 1455 3842 uphem,
1473 3779 1560 3848 negat
1575 3774 1630 3831 1100
1655 3776 1802 3850 Raymun.

102 3840 186 3899 Aeris
199 3838 251 3896 illa
264 3838 310 3896 sui
325 3855 398 3913 gens
414 3836 545 3895 emollita
559 3841 668 3912 tepore,
1688 3866 1766 3938 [dus.

103 3929 168 3990 Non
181 3933 227 3987 eat
240 3933 345 3997 marte,
362 3927 413 3985 sed
428 3931 474 3984 est
488 3926 591 3984 martis
607 3930 746 4000 superata
757 3927 862 3986 calore.
980 3934 1068 4009 Regis
1083 3934 1239 3990 adventum
1255 3933 1571 4008 Constantinopolitani

358 4016 509 4075 Christiani
521 4019 665 4089 [tuantur-
979 4022 1255 4097 Exspectarejubet,
1272 4023 1425 4095 munitque
1440 4023 1560 4079 domum
1577 4023 1703 4081 Oasiani.

138 4107 175 4165 Ut
190 4107 259 4164 dare
273 4109 354 4180 terga
367 4105 467 4163 vident
476 4109 643 4163 nostrorum
657 4109 754 4163 castra
775 4112 890 4166 secutos
980 4112 1027 4170 Sic
1042 4112 1115 4169 duce
1131 4112 1257 4180 turbato,
1274 4128 1371 4168 conice
1388 4111 1543 4184 impatiens
1558 4112 1718 4186 Rugiosum
1811 4175 1814 4181 ,

102 4195 201 4265 Tucci,
218 4194 477 4268 Christicolasjam
493 4206 600 4268 magno
614 4200 696 4268 parte
711 4197 841 4254 munitos
979 4199 1108 4268 Transit,
1123 4203 1151 4256 et
1164 4199 1323 4273 Albartam,
1341 4199 1526 4272 Marramque
1541 4200 1613 4274 petit
1627 4202 1800 4277 populosam

101 4285 256 4353 invadunt,
270 4285 322 4342 dat
334 4283 376 4341 eis
390 4284 467 4341 vires
482 4283 654 4357 animosque
669 4285 809 4357 sequendi
979 4289 1020 4346 Ne
1034 4287 1117 4345 dolor
1126 4287 1193 4344 irati
1203 4287 1287 4344 ducis
1299 4287 1334 4344 ad
1351 4288 1519 4344 communia
1532 4289 1641 4346 demna

101 4375 179 4434 Gens
193 4373 325 4448 fugitiva,
338 4378 437 4430 monet
451 4373 572 4431 timidos
588 4374 704 4430 fortuna
718 4376 852 4433 nocendi.
979 4379 1064 4437 Porte
1078 4377 1264 4445 redundaret,
1276 4392 1429 4449 procerum
1441 4376 1576 4434 discretio
1591 4395 1700 4452 magna

101 4463 209 4522 Ordine
223 4481 281 4521 non
297 4464 397 4522 habito
412 4462 487 4537 fugit
501 4480 585 4520 amen
601 4462 851 4535 Christicolarum,
938 4488 962 4553 D
979 4465 1111 4524 Consulit
1126 4464 1214 4534 hunc,
1233 4482 1316 4522 mena
1331 4463 1392 4521 elta
1405 4463 1458 4520 viri
1474 4465 1568 4523 multa
1581 4483 1665 4539 prece
1686 4474 1767 4528 mota

99 4553 163 4611 Non
178 4557 345 4626 exspectata
357 4555 544 4609 revocantum
558 4568 627 4608 voce
641 4553 791 4609 tubarum.
976 4555 1138 4629 Preposuit
1150 4558 1216 4610 voto
1232 4553 1343 4627 privato
1359 4553 1475 4628 publica
1490 4559 1565 4612 vota.

100 4641 226 4717 Segnius
239 4641 318 4699 haud
336 4641 452 4716 fugiunt
461 4640 575 4714 equites
593 4639 784 4715 peditumque
795 4646 919 4714 caterva,
976 4644 1112 4702 Protinus
1121 4643 1248 4699 educens
1263 4642 1340 4699 acies
1354 4642 1454 4716 populi
1471 4644 1558 4701 modo
1569 4644 1651 4702 mmai

99 4730 192 4797 Ouam
208 4728 283 4805 fugit
295 4734 363 4787 suto
377 4745 465 4787 canes
479 4728 619 4786 latrantes
634 4728 736 4787 territa
755 4748 849 4788 cerva.
974 4735 1018 4792 Ad
1034 4733 1160 4790 Murram
1176 4735 1312 4806 properat
1327 4736 1461 4806 respectu
1474 4732 1569 4790 victua
1584 4731 1711 4791 honesti.

99 4819 246 4877 Sternitur
257 4819 314 4876 heu
329 4818 397 4876 felix
411 4817 537 4892 populus
552 4833 706 4892 peropaca
720 4819 845 4889 viarum,
977 4823 1034 4879 Lex
1043 4820 1158 4879 Domini
1175 4819 1310 4894 specialis
1325 4825 1397 4889 crat,
1411 4838 1477 4878 oum
1494 4821 1580 4896 signa
1594 4820 1753 4896 replerunt.

97 4906 328 4981 stpositusque
342 4907 416 4974 tovi,
433 4906 467 4962 iit
482 4910 592 4980 martyr
606 4909 634 4962 et
649 4922 715 4963 esca
729 4902 867 4966 ferarum.
976 4911 1062 4968 Urbis
1078 4909 1227 4978 circuitus,
1244 4914 1273 4967 et
1287 4915 1384 4968 castra
1397 4911 1486 4967 duces
1503 4916 1675 4985 posuerunt.

97 4995 254 5070 stpirant
267 4995 382 5052 animas
398 4993 494 5063 multi,
510 5011 563 5051 neo
581 5010 665 5052 meus
680 4995 756 5052 adet.
976 5001 1117 5057 Externos
1130 4998 1267 5055 homines
1283 4999 1334 5056 uhi
1349 4998 1421 5055 vidit
1434 5015 1507 5073 gens
1522 5000 1696 5073 stupefacta,

96 5083 217 5154 Versus,
233 5085 280 5140 vix
294 5082 430 5156 equidem
445 5081 540 5139 recolo
551 5099 614 5155 que
630 5083 726 5141 dicero
740 5085 835 5142 tedet.
975 5088 1045 5157 Quis
1060 5088 1165 5144 referet
1180 5090 1290 5160 quanta
1306 5086 1394 5144 fuerit
1409 5087 1565 5144 formidine
1577 5087 1678 5145 tacta?

95 5172 139 5230 Ad
154 5177 284 5230 castrum
300 5170 386 5227 rediit
401 5170 603 5244 Raymundus,
617 5176 646 5228 et
655 5173 723 5245 jure
738 5175 837 5246 quieta
974 5176 1077 5236 Omnis
1091 5176 1122 5232 in
1138 5176 1209 5232 urbe
1224 5174 1318 5243 locus,
1334 5176 1427 5234 feroce
1443 5181 1618 5250 properante
1631 5177 1762 5236 tumultu

96 5261 260 5319 Perfruitur
274 5258 383 5332 requie,
400 5274 467 5314 cum
482 5263 567 5332 gente
578 5259 677 5317 dolore
694 5261 815 5335 repleta.
975 5266 1148 5324 Discurrunt
1163 5268 1284 5332 matres,
1300 5264 1468 5338 timideque
1483 5282 1576 5323 nurus
1591 5266 1655 5323 sine
1669 5265 1763 5338 cultu,

95 5349 148 5407 iiio
162 5348 273 5422 aliquid
289 5351 407 5421 tempus
421 5347 525 5422 exegit,
542 5349 578 5405 ad
594 5364 681 5407 omne
697 5356 816 5425 paratus
975 5357 1077 5412 llostes
1091 5354 1157 5427 plus
1168 5354 1251 5426 justo
1268 5355 1327 5411 fore
1342 5370 1444 5411 rumor
1458 5354 1595 5428 publicus
1608 5355 1678 5424 edit,

95 5437 172 5496 Utile
187 5437 230 5493 vir
244 5437 337 5506 fortis,
350 5453 401 5510 per
415 5436 508 5494 multa
523 5436 631 5511 pericla
646 5441 796 5512 probatus.
972 5441 1201 5517 compluresque
1215 5441 1314 5511 timor,
1326 5458 1378 5498 neo
1394 5459 1477 5499 mens
1494 5460 1549 5501 sua
1562 5444 1676 5502 lumina
1690 5444 1794 5503 credit.

95 5525 209 5588 interea
222 5524 332 5585 nimius
347 5523 429 5584 dolor
443 5526 550 5585 accidit
564 5527 762 5587 Antiochenis.
972 5530 1002 5590 Si
1017 5531 1153 5605 quisquis
1167 5546 1306 5590 somnum
1321 5530 1435 5605 recipit,
1451 5528 1561 5590 somno
1570 5530 1730 5595 cruciatur.
