<?xml version="1.0" encoding="UTF-8"?>
<!DOCTYPE html PUBLIC "-//W3C//DTD XHTML 1.0 Transitional//EN"
    "http://www.w3.org/TR/xhtml1/DTD/xhtml1-transitional.dtd">
<html xmlns="http://www.w3.org/1999/xhtml" xml:lang="en" lang="en">
 <head>
  <title>
</title>
<meta http-equiv="Content-Type" content="text/html;charset=utf-8" />
  <meta name='ocr-system' content='tesseract 3.04.00' />
  <meta name='ocr-capabilities' content='ocr_page ocr_carea ocr_par ocr_line ocrx_word'/>
</head>
<body>
  <div class='ocr_page' id='page_1' title='image "./patrologiaecurs93unkngoog_0087.png"; bbox 0 0 3816 6006; ppageno 0'>
   <div class='ocr_carea' id='block_1_1' title="bbox 53 152 1856 250">
    <p class='ocr_par' dir='ltr' id='par_1_1' title="bbox 53 152 1856 250">
     <span class='ocr_line' id='line_1_1' title="bbox 53 152 1856 250; baseline 0 0"><span class='ocrx_word' id='word_1_1' title='bbox 53 152 55 157; x_wconf 59' lang='grc'>’</span> <span class='ocrx_word' id='word_1_2' title='bbox 156 191 212 250; x_wconf 81' lang='lat' dir='ltr'>an</span> <span class='ocrx_word' id='word_1_3' title='bbox 886 186 1126 250; x_wconf 73' lang='lat' dir='ltr'>nannenten</span> <span class='ocrx_word' id='word_1_4' title='bbox 1795 188 1856 250; x_wconf 81' lang='lat' dir='ltr'>na</span> 
     </span>
    </p>
   </div>
   <div class='ocr_carea' id='block_1_2' title="bbox 102 317 1864 5543">
    <p class='ocr_par' dir='ltr' id='par_1_2' title="bbox 151 317 1858 1284">
     <span class='ocr_line' id='line_1_2' title="bbox 153 317 1855 396; baseline 0 -18"><span class='ocrx_word' id='word_1_5' title='bbox 153 320 198 392; x_wconf 88' lang='lat' dir='ltr'>lit,</span> <span class='ocrx_word' id='word_1_6' title='bbox 210 320 427 396; x_wconf 72' lang='lat' dir='ltr'><strong>philosophanti</strong></span> <span class='ocrx_word' id='word_1_7' title='bbox 443 325 541 378; x_wconf 91' lang='lat' dir='ltr'>tamen</span> <span class='ocrx_word' id='word_1_8' title='bbox 551 321 581 377; x_wconf 93' lang='lat' dir='ltr'>in</span> <span class='ocrx_word' id='word_1_9' title='bbox 590 321 679 379; x_wconf 91' lang='lat' dir='ltr'>dubio</span> <span class='ocrx_word' id='word_1_10' title='bbox 692 324 791 378; x_wconf 88' lang='lat' dir='ltr'>manet</span> <span class='ocrx_word' id='word_1_11' title='bbox 804 325 903 377; x_wconf 90' lang='lat' dir='ltr'>utrum</span> <span class='ocrx_word' id='word_1_12' title='bbox 914 319 976 393; x_wconf 89' lang='lat' dir='ltr'>ipse</span> <span class='ocrx_word' id='word_1_13' title='bbox 990 320 1017 388; x_wconf 77' lang='grc' dir='ltr'><strong>Α</strong></span> <span class='ocrx_word' id='word_1_14' title='bbox 1032 322 1148 392; x_wconf 87' lang='lat' dir='ltr'>petatur</span> <span class='ocrx_word' id='word_1_15' title='bbox 1162 317 1305 393; x_wconf 89' lang='lat' dir='ltr'>quidquid</span> <span class='ocrx_word' id='word_1_16' title='bbox 1320 317 1509 375; x_wconf 88' lang='lat' dir='ltr'>inhonestum</span> <span class='ocrx_word' id='word_1_17' title='bbox 1518 322 1547 377; x_wconf 93' lang='lat' dir='ltr'>et</span> <span class='ocrx_word' id='word_1_18' title='bbox 1556 321 1640 393; x_wconf 83' lang='lat' dir='ltr'>turpe</span> <span class='ocrx_word' id='word_1_19' title='bbox 1652 319 1855 395; x_wconf 88' lang='lat' dir='ltr'>est,quidquid</span> 
     </span>
     <span class='ocr_line' id='line_1_3' title="bbox 151 407 1858 485; baseline 0 -18"><span class='ocrx_word' id='word_1_20' title='bbox 151 411 276 468; x_wconf 89' lang='lat' dir='ltr'>voluerit</span> <span class='ocrx_word' id='word_1_21' title='bbox 287 411 363 485; x_wconf 90' lang='lat' dir='ltr'>qued</span> <span class='ocrx_word' id='word_1_22' title='bbox 378 426 445 466; x_wconf 90' lang='lat' dir='ltr'>eum</span> <span class='ocrx_word' id='word_1_23' title='bbox 460 409 587 467; x_wconf 88' lang='lat' dir='ltr'>voluisse</span> <span class='ocrx_word' id='word_1_24' title='bbox 597 415 625 466; x_wconf 91' lang='lat' dir='ltr'>et</span> <span class='ocrx_word' id='word_1_25' title='bbox 641 409 743 467; x_wconf 82' lang='lat' dir='ltr'>fecisse</span> <span class='ocrx_word' id='word_1_26' title='bbox 758 410 843 466; x_wconf 89' lang='lat' dir='ltr'>beata</span> <span class='ocrx_word' id='word_1_27' title='bbox 858 407 975 482; x_wconf 90' lang='lat' dir='ltr'>simpli·</span> <span class='ocrx_word' id='word_1_28' title='bbox 1030 409 1205 467; x_wconf 91' lang='lat' dir='ltr'>damnosum</span> <span class='ocrx_word' id='word_1_29' title='bbox 1222 411 1381 476; x_wconf 88' lang='lat' dir='ltr'>ametur,et</span> <span class='ocrx_word' id='word_1_30' title='bbox 1394 407 1482 464; x_wconf 92' lang='lat' dir='ltr'>home</span> <span class='ocrx_word' id='word_1_31' title='bbox 1498 408 1681 466; x_wconf 91' lang='lat' dir='ltr'>inhonorem</span> <span class='ocrx_word' id='word_1_32' title='bbox 1696 409 1747 466; x_wconf 89' lang='lat' dir='ltr'>Dei</span> <span class='ocrx_word' id='word_1_33' title='bbox 1759 409 1858 467; x_wconf 92' lang='lat' dir='ltr'>condi·</span> 
     </span>
     <span class='ocr_line' id='line_1_4' title="bbox 152 495 1857 572; baseline -0.001 -15"><span class='ocrx_word' id='word_1_34' title='bbox 152 499 224 557; x_wconf 87' lang='lat' dir='ltr'>citas</span> <span class='ocrx_word' id='word_1_35' title='bbox 235 499 366 558; x_wconf 81' lang='lat' dir='ltr'>fidelium</span> <span class='ocrx_word' id='word_1_36' title='bbox 377 499 533 556; x_wconf 89' lang='lat' dir='ltr'>oredit.Hic</span> <span class='ocrx_word' id='word_1_37' title='bbox 547 498 716 572; x_wconf 79' lang='lat' dir='ltr'>quaestionis</span> <span class='ocrx_word' id='word_1_38' title='bbox 727 498 821 555; x_wconf 90' lang='lat' dir='ltr'>nodus</span> <span class='ocrx_word' id='word_1_39' title='bbox 832 497 907 553; x_wconf 91' lang='lat' dir='ltr'>sicut</span> <span class='ocrx_word' id='word_1_40' title='bbox 917 514 975 554; x_wconf 92' lang='lat' dir='ltr'>nen</span> <span class='ocrx_word' id='word_1_41' title='bbox 1031 496 1226 569; x_wconf 85' lang='lat' dir='ltr'>tusjumentis</span> <span class='ocrx_word' id='word_1_42' title='bbox 1241 495 1449 570; x_wconf 70' lang='lat' dir='ltr'>insipientibus</span> <span class='ocrx_word' id='word_1_43' title='bbox 1459 495 1565 553; x_wconf 89' lang='lat' dir='ltr'>similis</span> <span class='ocrx_word' id='word_1_44' title='bbox 1580 496 1723 570; x_wconf 80' lang='lat' dir='ltr'>redigitur</span> <span class='ocrx_word' id='word_1_45' title='bbox 1732 498 1761 554; x_wconf 93' lang='lat' dir='ltr'>in</span> <span class='ocrx_word' id='word_1_46' title='bbox 1773 499 1857 556; x_wconf 89' lang='lat' dir='ltr'>dede·</span> 
     </span>
     <span class='ocr_line' id='line_1_5' title="bbox 152 585 1856 659; baseline -0.001 -13"><span class='ocrx_word' id='word_1_47' title='bbox 152 589 281 646; x_wconf 90' lang='lat' dir='ltr'>eredenti</span> <span class='ocrx_word' id='word_1_48' title='bbox 306 587 446 655; x_wconf 84' lang='lat' dir='ltr'>difficilis,</span> <span class='ocrx_word' id='word_1_49' title='bbox 463 588 504 644; x_wconf 91' lang='lat' dir='ltr'>ita</span> <span class='ocrx_word' id='word_1_50' title='bbox 520 588 613 645; x_wconf 88' lang='lat' dir='ltr'>laeilis</span> <span class='ocrx_word' id='word_1_51' title='bbox 629 592 673 645; x_wconf 86' lang='lat' dir='ltr'>est</span> <span class='ocrx_word' id='word_1_52' title='bbox 688 587 825 654; x_wconf 89' lang='lat' dir='ltr'>credenti,</span> <span class='ocrx_word' id='word_1_53' title='bbox 840 591 868 643; x_wconf 90' lang='lat' dir='ltr'>et</span> <span class='ocrx_word' id='word_1_54' title='bbox 883 602 976 659; x_wconf 87' lang='lat' dir='ltr'>quan·</span> <span class='ocrx_word' id='word_1_55' title='bbox 1031 602 1084 642; x_wconf 91' lang='lat' dir='ltr'>cus</span> <span class='ocrx_word' id='word_1_56' title='bbox 1099 585 1229 643; x_wconf 90' lang='lat' dir='ltr'>bestiale.</span> <span class='ocrx_word' id='word_1_57' title='bbox 1241 585 1309 642; x_wconf 87' lang='lat' dir='ltr'>Sine</span> <span class='ocrx_word' id='word_1_58' title='bbox 1319 585 1482 644; x_wconf 78' lang='lat' dir='ltr'>differentia</span> <span class='ocrx_word' id='word_1_59' title='bbox 1496 602 1624 658; x_wconf 91' lang='lat' dir='ltr'>namque</span> <span class='ocrx_word' id='word_1_60' title='bbox 1634 586 1748 643; x_wconf 89' lang='lat' dir='ltr'>devitie</span> <span class='ocrx_word' id='word_1_61' title='bbox 1759 587 1856 645; x_wconf 84' lang='lat' dir='ltr'>ituria</span> 
     </span>
     <span class='ocr_line' id='line_1_6' title="bbox 151 673 1853 750; baseline 0 -16"><span class='ocrx_word' id='word_1_62' title='bbox 151 683 215 734; x_wconf 91' lang='lat' dir='ltr'>tum</span> <span class='ocrx_word' id='word_1_63' title='bbox 230 677 261 733; x_wconf 92' lang='lat' dir='ltr'>in</span> <span class='ocrx_word' id='word_1_64' title='bbox 288 677 407 734; x_wconf 89' lang='lat' dir='ltr'>homine</span> <span class='ocrx_word' id='word_1_65' title='bbox 436 681 492 744; x_wconf 92' lang='lat' dir='ltr'>est,</span> <span class='ocrx_word' id='word_1_66' title='bbox 508 681 540 732; x_wconf 92' lang='lat' dir='ltr'>ut</span> <span class='ocrx_word' id='word_1_67' title='bbox 563 677 707 744; x_wconf 84' lang='lat' dir='ltr'>existimo,</span> <span class='ocrx_word' id='word_1_68' title='bbox 725 675 902 744; x_wconf 87' lang='lat' dir='ltr'>insolubilis,</span> <span class='ocrx_word' id='word_1_69' title='bbox 920 673 977 731; x_wconf 91' lang='lat' dir='ltr'>nisi</span> <span class='ocrx_word' id='word_1_70' title='bbox 1030 674 1144 744; x_wconf 89' lang='lat' dir='ltr'>vitium,</span> <span class='ocrx_word' id='word_1_71' title='bbox 1158 673 1207 731; x_wconf 93' lang='lat' dir='ltr'>uhi</span> <span class='ocrx_word' id='word_1_72' title='bbox 1227 673 1315 731; x_wconf 90' lang='lat' dir='ltr'>etiam</span> <span class='ocrx_word' id='word_1_73' title='bbox 1331 673 1442 749; x_wconf 86' lang='lat' dir='ltr'>peceati</span> <span class='ocrx_word' id='word_1_74' title='bbox 1457 690 1546 732; x_wconf 90' lang='lat' dir='ltr'>causa</span> <span class='ocrx_word' id='word_1_75' title='bbox 1560 674 1594 730; x_wconf 83' lang='lat' dir='ltr'>nr</span> <span class='ocrx_word' id='word_1_76' title='bbox 1606 675 1773 749; x_wconf 78' lang='lat' dir='ltr'>precedens</span> <span class='ocrx_word' id='word_1_77' title='bbox 1787 692 1853 750; x_wconf 88' lang='lat' dir='ltr'>pee-</span> 
     </span>
     <span class='ocr_line' id='line_1_7' title="bbox 153 761 1858 838; baseline -0.001 -14"><span class='ocrx_word' id='word_1_78' title='bbox 153 766 231 824; x_wconf 90' lang='lat' dir='ltr'>adsit</span> <span class='ocrx_word' id='word_1_79' title='bbox 245 764 334 823; x_wconf 89' lang='lat' dir='ltr'>clavis</span> <span class='ocrx_word' id='word_1_80' title='bbox 349 765 450 833; x_wconf 88' lang='lat' dir='ltr'>David,</span> <span class='ocrx_word' id='word_1_81' title='bbox 463 783 527 838; x_wconf 83' lang='lat' dir='ltr'>qus</span> <span class='ocrx_word' id='word_1_82' title='bbox 538 764 648 821; x_wconf 87' lang='lat' dir='ltr'>claudit</span> <span class='ocrx_word' id='word_1_83' title='bbox 658 771 687 821; x_wconf 91' lang='lat' dir='ltr'>et</span> <span class='ocrx_word' id='word_1_84' title='bbox 697 780 783 820; x_wconf 90' lang='lat' dir='ltr'>nemo</span> <span class='ocrx_word' id='word_1_85' title='bbox 793 764 896 837; x_wconf 90' lang='lat' dir='ltr'>aperit,</span> <span class='ocrx_word' id='word_1_86' title='bbox 911 780 977 837; x_wconf 91' lang='lat' dir='ltr'>ape·</span> <span class='ocrx_word' id='word_1_87' title='bbox 1031 768 1173 830; x_wconf 89' lang='lat' dir='ltr'>catum,et</span> <span class='ocrx_word' id='word_1_88' title='bbox 1183 763 1302 820; x_wconf 90' lang='lat' dir='ltr'>assidua</span> <span class='ocrx_word' id='word_1_89' title='bbox 1312 763 1450 837; x_wconf 91' lang='lat' dir='ltr'>peccandi</span> <span class='ocrx_word' id='word_1_90' title='bbox 1462 761 1616 820; x_wconf 75' lang='lat' dir='ltr'>delectatio</span> <span class='ocrx_word' id='word_1_91' title='bbox 1627 765 1783 837; x_wconf 90' lang='lat' dir='ltr'>reprobum</span> <span class='ocrx_word' id='word_1_92' title='bbox 1794 781 1858 822; x_wconf 88' lang='lat' dir='ltr'>een·</span> 
     </span>
     <span class='ocr_line' id='line_1_8' title="bbox 154 852 1857 928; baseline 0 -16"><span class='ocrx_word' id='word_1_93' title='bbox 154 854 192 912; x_wconf 92' lang='lat' dir='ltr'>rit</span> <span class='ocrx_word' id='word_1_94' title='bbox 202 857 325 912; x_wconf 89' lang='lat' dir='ltr'>etneme</span> <span class='ocrx_word' id='word_1_95' title='bbox 335 852 456 910; x_wconf 88' lang='lat' dir='ltr'>claudit.</span> <span class='ocrx_word' id='word_1_96' title='bbox 467 853 557 912; x_wconf 87' lang='lat' dir='ltr'>Nebis</span> <span class='ocrx_word' id='word_1_97' title='bbox 567 857 665 910; x_wconf 91' lang='lat' dir='ltr'>autem</span> <span class='ocrx_word' id='word_1_98' title='bbox 677 854 731 909; x_wconf 91' lang='lat' dir='ltr'>boe</span> <span class='ocrx_word' id='word_1_99' title='bbox 747 852 876 910; x_wconf 84' lang='lat' dir='ltr'>solutum</span> <span class='ocrx_word' id='word_1_100' title='bbox 888 856 933 909; x_wconf 88' lang='lat' dir='ltr'>est</span> <span class='ocrx_word' id='word_1_101' title='bbox 946 852 976 908; x_wconf 93' lang='lat' dir='ltr'>in</span> <span class='ocrx_word' id='word_1_102' title='bbox 1032 869 1099 909; x_wconf 91' lang='lat' dir='ltr'>sum</span> <span class='ocrx_word' id='word_1_103' title='bbox 1114 852 1144 907; x_wconf 92' lang='lat' dir='ltr'>in</span> <span class='ocrx_word' id='word_1_104' title='bbox 1160 852 1339 924; x_wconf 85' lang='lat' dir='ltr'>protundum</span> <span class='ocrx_word' id='word_1_105' title='bbox 1367 852 1510 924; x_wconf 91' lang='lat' dir='ltr'>pertrahit</span> <span class='ocrx_word' id='word_1_106' title='bbox 1537 855 1733 925; x_wconf 89' lang='lat' dir='ltr'>peccatorum,</span> <span class='ocrx_word' id='word_1_107' title='bbox 1748 855 1857 928; x_wconf 85' lang='lat' dir='ltr'>etjam</span> 
     </span>
     <span class='ocr_line' id='line_1_9' title="bbox 155 939 1855 1015; baseline 0.002 -15"><span class='ocrx_word' id='word_1_108' title='bbox 155 943 234 1000; x_wconf 90' lang='lat' dir='ltr'>tldcli</span> <span class='ocrx_word' id='word_1_109' title='bbox 244 943 402 1012; x_wconf 86' lang='lat' dir='ltr'>Abraham,</span> <span class='ocrx_word' id='word_1_110' title='bbox 415 942 444 999; x_wconf 94' lang='lat' dir='ltr'>in</span> <span class='ocrx_word' id='word_1_111' title='bbox 455 945 541 1015; x_wconf 86' lang='lat' dir='ltr'>eujus</span> <span class='ocrx_word' id='word_1_112' title='bbox 552 943 663 999; x_wconf 91' lang='lat' dir='ltr'>semine</span> <span class='ocrx_word' id='word_1_113' title='bbox 677 942 765 999; x_wconf 91' lang='lat' dir='ltr'>etiam</span> <span class='ocrx_word' id='word_1_114' title='bbox 780 943 901 999; x_wconf 89' lang='lat' dir='ltr'>credens</span> <span class='ocrx_word' id='word_1_115' title='bbox 912 940 977 1015; x_wconf 93' lang='lat' dir='ltr'>phi·</span> <span class='ocrx_word' id='word_1_116' title='bbox 1032 939 1115 998; x_wconf 89' lang='lat' dir='ltr'>nulla</span> <span class='ocrx_word' id='word_1_117' title='bbox 1125 941 1258 997; x_wconf 87' lang='lat' dir='ltr'>videatur</span> <span class='ocrx_word' id='word_1_118' title='bbox 1272 941 1328 997; x_wconf 87' lang='lat' dir='ltr'>sibi</span> <span class='ocrx_word' id='word_1_119' title='bbox 1344 957 1430 1014; x_wconf 88' lang='lat' dir='ltr'>possa</span> <span class='ocrx_word' id='word_1_120' title='bbox 1445 940 1507 998; x_wconf 82' lang='lat' dir='ltr'>lieri</span> <span class='ocrx_word' id='word_1_121' title='bbox 1523 941 1657 999; x_wconf 90' lang='lat' dir='ltr'>remissio</span> <span class='ocrx_word' id='word_1_122' title='bbox 1672 942 1855 1003; x_wconf 77' lang='lat' dir='ltr'>delictorum.</span> 
     </span>
     <span class='ocr_line' id='line_1_10' title="bbox 154 1029 1858 1106; baseline 0.001 -18"><span class='ocrx_word' id='word_1_123' title='bbox 154 1030 296 1106; x_wconf 80' lang='lat' dir='ltr'>Iosephus</span> <span class='ocrx_word' id='word_1_124' title='bbox 307 1032 530 1101; x_wconf 87' lang='lat' dir='ltr'>benedicitur,in</span> <span class='ocrx_word' id='word_1_125' title='bbox 542 1030 678 1088; x_wconf 90' lang='lat' dir='ltr'>columna</span> <span class='ocrx_word' id='word_1_126' title='bbox 689 1031 776 1088; x_wconf 90' lang='lat' dir='ltr'>nubis</span> <span class='ocrx_word' id='word_1_127' title='bbox 785 1036 814 1087; x_wconf 91' lang='lat' dir='ltr'>et</span> <span class='ocrx_word' id='word_1_128' title='bbox 824 1031 978 1105; x_wconf 92' lang='lat' dir='ltr'>ignistem·</span> <span class='ocrx_word' id='word_1_129' title='bbox 1032 1031 1115 1087; x_wconf 84' lang='lat' dir='ltr'>Tunc</span> <span class='ocrx_word' id='word_1_130' title='bbox 1125 1030 1203 1104; x_wconf 93' lang='lat' dir='ltr'>qued</span> <span class='ocrx_word' id='word_1_131' title='bbox 1214 1029 1294 1087; x_wconf 92' lang='lat' dir='ltr'>omni</span> <span class='ocrx_word' id='word_1_132' title='bbox 1309 1029 1429 1086; x_wconf 89' lang='lat' dir='ltr'>victima</span> <span class='ocrx_word' id='word_1_133' title='bbox 1442 1030 1540 1103; x_wconf 90' lang='lat' dir='ltr'>potius</span> <span class='ocrx_word' id='word_1_134' title='bbox 1553 1035 1609 1101; x_wconf 91' lang='lat' dir='ltr'>est,</span> <span class='ocrx_word' id='word_1_135' title='bbox 1623 1031 1794 1088; x_wconf 82' lang='lat' dir='ltr'>obedientias</span> <span class='ocrx_word' id='word_1_136' title='bbox 1808 1033 1858 1090; x_wconf 92' lang='lat' dir='ltr'>be·</span> 
     </span>
     <span class='ocr_line' id='line_1_11' title="bbox 154 1117 1855 1195; baseline -0.001 -17"><span class='ocrx_word' id='word_1_137' title='bbox 154 1139 224 1195; x_wconf 90' lang='lat' dir='ltr'>pere</span> <span class='ocrx_word' id='word_1_138' title='bbox 239 1120 341 1194; x_wconf 79' lang='lat' dir='ltr'>Moysi,</span> <span class='ocrx_word' id='word_1_139' title='bbox 356 1121 385 1176; x_wconf 93' lang='lat' dir='ltr'>in</span> <span class='ocrx_word' id='word_1_140' title='bbox 412 1119 553 1177; x_wconf 84' lang='lat' dir='ltr'>divisione</span> <span class='ocrx_word' id='word_1_141' title='bbox 568 1119 658 1176; x_wconf 79' lang='lat' dir='ltr'>maris</span> <span class='ocrx_word' id='word_1_142' title='bbox 673 1119 775 1187; x_wconf 84' lang='lat' dir='ltr'>Rubri,</span> <span class='ocrx_word' id='word_1_143' title='bbox 791 1125 820 1177; x_wconf 92' lang='lat' dir='ltr'>et</span> <span class='ocrx_word' id='word_1_144' title='bbox 835 1119 978 1176; x_wconf 74' lang='lat' dir='ltr'>caeterisa</span> <span class='ocrx_word' id='word_1_145' title='bbox 1033 1136 1102 1174; x_wconf 86' lang='lat' dir='ltr'>num</span> <span class='ocrx_word' id='word_1_146' title='bbox 1113 1117 1374 1186; x_wconf 87' lang='lat' dir='ltr'>contemnitur,ubi</span> <span class='ocrx_word' id='word_1_147' title='bbox 1384 1118 1524 1175; x_wconf 91' lang='lat' dir='ltr'>nimirum</span> <span class='ocrx_word' id='word_1_148' title='bbox 1535 1120 1782 1177; x_wconf 84' lang='lat' dir='ltr'>detunctotimore</span> <span class='ocrx_word' id='word_1_149' title='bbox 1793 1121 1855 1190; x_wconf 90' lang='lat' dir='ltr'>Dei,</span> 
     </span>
     <span class='ocr_line' id='line_1_12' title="bbox 155 1206 1557 1284; baseline -0.001 -17"><span class='ocrx_word' id='word_1_150' title='bbox 155 1210 240 1267; x_wconf 88' lang='lat' dir='ltr'>nobis</span> <span class='ocrx_word' id='word_1_151' title='bbox 252 1208 666 1284; x_wconf 89' lang='lat' dir='ltr'>superinseemprehensis,in</span> <span class='ocrx_word' id='word_1_152' title='bbox 677 1209 787 1282; x_wconf 91' lang='lat' dir='ltr'>quihus</span> <span class='ocrx_word' id='word_1_153' title='bbox 797 1209 977 1266; x_wconf 88' lang='lat' dir='ltr'>consuetude</span> <span class='ocrx_word' id='word_1_154' title='bbox 1033 1207 1087 1265; x_wconf 93' lang='lat' dir='ltr'>seli</span> <span class='ocrx_word' id='word_1_155' title='bbox 1103 1207 1266 1265; x_wconf 76' lang='lat' dir='ltr'>dominanti</span> <span class='ocrx_word' id='word_1_156' title='bbox 1281 1206 1395 1264; x_wconf 86' lang='lat' dir='ltr'>libidini</span> <span class='ocrx_word' id='word_1_157' title='bbox 1410 1208 1557 1266; x_wconf 89' lang='lat' dir='ltr'>obeditur.</span> 
     </span>
    </p>

    <p class='ocr_par' dir='ltr' id='par_1_3' title="bbox 153 1295 1561 1371">
     <span class='ocr_line' id='line_1_13' title="bbox 153 1295 1561 1371; baseline -0.003 -14"><span class='ocrx_word' id='word_1_158' title='bbox 153 1303 264 1357; x_wconf 76' lang='lat' dir='ltr'>nature</span> <span class='ocrx_word' id='word_1_159' title='bbox 288 1299 374 1355; x_wconf 90' lang='lat' dir='ltr'>toties</span> <span class='ocrx_word' id='word_1_160' title='bbox 397 1298 474 1355; x_wconf 84' lang='lat' dir='ltr'>victa</span> <span class='ocrx_word' id='word_1_161' title='bbox 497 1301 552 1366; x_wconf 91' lang='lat' dir='ltr'>ost,</span> <span class='ocrx_word' id='word_1_162' title='bbox 569 1299 678 1370; x_wconf 86' lang='lat' dir='ltr'>etjam</span> <span class='ocrx_word' id='word_1_163' title='bbox 697 1297 762 1371; x_wconf 92' lang='lat' dir='ltr'>ipsa</span> <span class='ocrx_word' id='word_1_164' title='bbox 776 1298 812 1354; x_wconf 92' lang='lat' dir='ltr'>de</span> <span class='ocrx_word' id='word_1_165' title='bbox 827 1314 858 1354; x_wconf 88' lang='lat' dir='ltr'>se</span> <span class='ocrx_word' id='word_1_166' title='bbox 874 1302 979 1354; x_wconf 88' lang='lat' dir='ltr'>natura</span> <span class='ocrx_word' id='word_1_167' title='bbox 1331 1295 1447 1354; x_wconf 79' lang='lat' dir='ltr'>CAPUT</span> <span class='ocrx_word' id='word_1_168' title='bbox 1465 1297 1561 1355; x_wconf 85' lang='lat' dir='ltr'>Xlllll.</span> 
     </span>
    </p>

    <p class='ocr_par' dir='ltr' id='par_1_4' title="bbox 102 1384 1864 5543">
     <span class='ocr_line' id='line_1_14' title="bbox 152 1384 1859 1462; baseline 0.001 -18"><span class='ocrx_word' id='word_1_169' title='bbox 152 1404 256 1462; x_wconf 92' lang='lat' dir='ltr'>parum</span> <span class='ocrx_word' id='word_1_170' title='bbox 269 1387 415 1444; x_wconf 79' lang='lat' dir='ltr'>confidere</span> <span class='ocrx_word' id='word_1_171' title='bbox 426 1387 574 1460; x_wconf 87' lang='lat' dir='ltr'>possit.Ad</span> <span class='ocrx_word' id='word_1_172' title='bbox 586 1386 725 1443; x_wconf 89' lang='lat' dir='ltr'>ultimum</span> <span class='ocrx_word' id='word_1_173' title='bbox 738 1391 825 1443; x_wconf 91' lang='lat' dir='ltr'>natus</span> <span class='ocrx_word' id='word_1_174' title='bbox 836 1392 880 1443; x_wconf 91' lang='lat' dir='ltr'>est</span> <span class='ocrx_word' id='word_1_175' title='bbox 891 1386 978 1443; x_wconf 87' lang='lat' dir='ltr'>homo</span> <span class='ocrx_word' id='word_1_176' title='bbox 1070 1384 1256 1443; x_wconf 83' lang='lat' dir='ltr'>Conlusienis</span> <span class='ocrx_word' id='word_1_177' title='bbox 1270 1389 1357 1442; x_wconf 83' lang='lat' dir='ltr'>tants</span> <span class='ocrx_word' id='word_1_178' title='bbox 1371 1386 1533 1456; x_wconf 87' lang='lat' dir='ltr'>baratrum,</span> <span class='ocrx_word' id='word_1_179' title='bbox 1541 1385 1599 1444; x_wconf 88' lang='lat' dir='ltr'>nisi</span> <span class='ocrx_word' id='word_1_180' title='bbox 1606 1388 1701 1460; x_wconf 70' lang='lat' dir='ltr'>maior</span> <span class='ocrx_word' id='word_1_181' title='bbox 1709 1387 1761 1445; x_wconf 87' lang='lat' dir='ltr'>Dei</span> <span class='ocrx_word' id='word_1_182' title='bbox 1771 1387 1859 1447; x_wconf 65' lang='lat' dir='ltr'>mise</span> 
     </span>
     <span class='ocr_line' id='line_1_15' title="bbox 153 1474 1858 1550; baseline 0.002 -17"><span class='ocrx_word' id='word_1_183' title='bbox 153 1477 230 1534; x_wconf 90' lang='lat' dir='ltr'>Deus</span> <span class='ocrx_word' id='word_1_184' title='bbox 245 1477 281 1533; x_wconf 89' lang='lat' dir='ltr'>de</span> <span class='ocrx_word' id='word_1_185' title='bbox 295 1479 436 1549; x_wconf 89' lang='lat' dir='ltr'>perpetua</span> <span class='ocrx_word' id='word_1_186' title='bbox 450 1475 579 1550; x_wconf 84' lang='lat' dir='ltr'>Virgine,</span> <span class='ocrx_word' id='word_1_187' title='bbox 593 1476 732 1549; x_wconf 87' lang='lat' dir='ltr'>idemque</span> <span class='ocrx_word' id='word_1_188' title='bbox 743 1475 830 1532; x_wconf 90' lang='lat' dir='ltr'>home</span> <span class='ocrx_word' id='word_1_189' title='bbox 847 1475 980 1548; x_wconf 85' lang='lat' dir='ltr'>sepultus</span> <span class='ocrx_word' id='word_1_190' title='bbox 1034 1474 1160 1531; x_wconf 73' lang='lat' dir='ltr'>maerdia</span> <span class='ocrx_word' id='word_1_191' title='bbox 1175 1474 1328 1548; x_wconf 86' lang='lat' dir='ltr'>perditioni</span> <span class='ocrx_word' id='word_1_192' title='bbox 1344 1478 1444 1531; x_wconf 81' lang='lat' dir='ltr'>vestra</span> <span class='ocrx_word' id='word_1_193' title='bbox 1459 1474 1613 1533; x_wconf 86' lang='lat' dir='ltr'>subvenire</span> <span class='ocrx_word' id='word_1_194' title='bbox 1627 1475 1858 1550; x_wconf 85' lang='lat' dir='ltr'>dignabitur,vo·</span> 
     </span>
     <span class='ocr_line' id='line_1_16' title="bbox 152 1563 1859 1639; baseline 0.001 -17"><span class='ocrx_word' id='word_1_195' title='bbox 152 1564 344 1623; x_wconf 88' lang='lat' dir='ltr'>resuscitatus</span> <span class='ocrx_word' id='word_1_196' title='bbox 355 1568 400 1620; x_wconf 91' lang='lat' dir='ltr'>est</span> <span class='ocrx_word' id='word_1_197' title='bbox 410 1564 440 1620; x_wconf 90' lang='lat' dir='ltr'>in</span> <span class='ocrx_word' id='word_1_198' title='bbox 451 1568 594 1620; x_wconf 75' lang='lat' dir='ltr'>aeteruum</span> <span class='ocrx_word' id='word_1_199' title='bbox 614 1581 681 1620; x_wconf 90' lang='lat' dir='ltr'>cum</span> <span class='ocrx_word' id='word_1_200' title='bbox 697 1581 764 1620; x_wconf 88' lang='lat' dir='ltr'>vero</span> <span class='ocrx_word' id='word_1_201' title='bbox 779 1581 909 1638; x_wconf 93' lang='lat' dir='ltr'>corpore,</span> <span class='ocrx_word' id='word_1_202' title='bbox 926 1570 981 1638; x_wconf 86' lang='lat' dir='ltr'>qui</span> <span class='ocrx_word' id='word_1_203' title='bbox 1035 1563 1082 1620; x_wconf 89' lang='lat' dir='ltr'>his</span> <span class='ocrx_word' id='word_1_204' title='bbox 1097 1569 1124 1619; x_wconf 89' lang='lat' dir='ltr'>et</span> <span class='ocrx_word' id='word_1_205' title='bbox 1139 1564 1196 1620; x_wconf 89' lang='lat' dir='ltr'>sibi</span> <span class='ocrx_word' id='word_1_206' title='bbox 1212 1580 1391 1636; x_wconf 78' lang='lat' dir='ltr'>praeparasse</span> <span class='ocrx_word' id='word_1_207' title='bbox 1402 1564 1549 1634; x_wconf 87' lang='lat' dir='ltr'>videntur,</span> <span class='ocrx_word' id='word_1_208' title='bbox 1565 1581 1623 1622; x_wconf 92' lang='lat' dir='ltr'>nen</span> <span class='ocrx_word' id='word_1_209' title='bbox 1639 1564 1859 1639; x_wconf 88' lang='lat' dir='ltr'>qualescunque</span> 
     </span>
     <span class='ocr_line' id='line_1_17' title="bbox 154 1652 1860 1730; baseline 0.001 -19"><span class='ocrx_word' id='word_1_210' title='bbox 154 1655 236 1728; x_wconf 91' lang='lat' dir='ltr'>prius</span> <span class='ocrx_word' id='word_1_211' title='bbox 246 1654 276 1709; x_wconf 90' lang='lat' dir='ltr'>in</span> <span class='ocrx_word' id='word_1_212' title='bbox 288 1657 495 1727; x_wconf 77' lang='lat' dir='ltr'>argumentum</span> <span class='ocrx_word' id='word_1_213' title='bbox 509 1652 626 1709; x_wconf 88' lang='lat' dir='ltr'>virtutis</span> <span class='ocrx_word' id='word_1_214' title='bbox 642 1670 701 1709; x_wconf 85' lang='lat' dir='ltr'>sure</span> <span class='ocrx_word' id='word_1_215' title='bbox 718 1653 841 1709; x_wconf 83' lang='lat' dir='ltr'>fetidum</span> <span class='ocrx_word' id='word_1_216' title='bbox 858 1653 981 1709; x_wconf 87' lang='lat' dir='ltr'>cadaver</span> <span class='ocrx_word' id='word_1_217' title='bbox 1036 1669 1177 1725; x_wconf 82' lang='lat' dir='ltr'>persone,</span> <span class='ocrx_word' id='word_1_218' title='bbox 1193 1652 1243 1709; x_wconf 90' lang='lat' dir='ltr'>sed</span> <span class='ocrx_word' id='word_1_219' title='bbox 1259 1669 1333 1726; x_wconf 92' lang='lat' dir='ltr'>ques</span> <span class='ocrx_word' id='word_1_220' title='bbox 1347 1652 1581 1726; x_wconf 80' lang='lat' dir='ltr'>archiepiscopos</span> <span class='ocrx_word' id='word_1_221' title='bbox 1595 1657 1624 1709; x_wconf 91' lang='lat' dir='ltr'>et</span> <span class='ocrx_word' id='word_1_222' title='bbox 1637 1655 1790 1728; x_wconf 89' lang='lat' dir='ltr'>episcopos</span> <span class='ocrx_word' id='word_1_223' title='bbox 1805 1671 1860 1730; x_wconf 89' lang='lat' dir='ltr'>ap·</span> 
     </span>
     <span class='ocr_line' id='line_1_18' title="bbox 155 1740 1859 1816; baseline 0.001 -16"><span class='ocrx_word' id='word_1_224' title='bbox 155 1743 256 1800; x_wconf 81' lang='lat' dir='ltr'>Lazari</span> <span class='ocrx_word' id='word_1_225' title='bbox 269 1743 410 1799; x_wconf 88' lang='lat' dir='ltr'>veraciter</span> <span class='ocrx_word' id='word_1_226' title='bbox 425 1741 592 1798; x_wconf 87' lang='lat' dir='ltr'>restituerat</span> <span class='ocrx_word' id='word_1_227' title='bbox 606 1740 720 1807; x_wconf 87' lang='lat' dir='ltr'>mortali</span> <span class='ocrx_word' id='word_1_228' title='bbox 750 1742 824 1798; x_wconf 78' lang='lat' dir='ltr'>vite.</span> <span class='ocrx_word' id='word_1_229' title='bbox 842 1742 982 1798; x_wconf 85' lang='lat' dir='ltr'>Mentitur</span> <span class='ocrx_word' id='word_1_230' title='bbox 1035 1740 1859 1816; x_wconf 86' lang='lat' dir='ltr'>pellatis,querumlurorintantumabundanteiniquita-</span> 
     </span>
     <span class='ocr_line' id='line_1_19' title="bbox 155 1829 1860 1906; baseline 0.001 -17"><span class='ocrx_word' id='word_1_231' title='bbox 155 1850 223 1906; x_wconf 84' lang='lat' dir='ltr'>ergo</span> <span class='ocrx_word' id='word_1_232' title='bbox 239 1831 432 1906; x_wconf 89' lang='lat' dir='ltr'>philosophus</span> <span class='ocrx_word' id='word_1_233' title='bbox 446 1832 604 1889; x_wconf 87' lang='lat' dir='ltr'>enuntians</span> <span class='ocrx_word' id='word_1_234' title='bbox 619 1848 735 1888; x_wconf 90' lang='lat' dir='ltr'>omnem</span> <span class='ocrx_word' id='word_1_235' title='bbox 751 1831 900 1888; x_wconf 90' lang='lat' dir='ltr'>hominem</span> <span class='ocrx_word' id='word_1_236' title='bbox 916 1848 980 1888; x_wconf 91' lang='lat' dir='ltr'>esse</span> <span class='ocrx_word' id='word_1_237' title='bbox 1034 1834 1062 1886; x_wconf 91' lang='lat' dir='ltr'>te</span> <span class='ocrx_word' id='word_1_238' title='bbox 1073 1829 1211 1903; x_wconf 89' lang='lat' dir='ltr'>desipuit,</span> <span class='ocrx_word' id='word_1_239' title='bbox 1225 1835 1257 1886; x_wconf 90' lang='lat' dir='ltr'>ut</span> <span class='ocrx_word' id='word_1_240' title='bbox 1272 1847 1330 1886; x_wconf 92' lang='lat' dir='ltr'>non</span> <span class='ocrx_word' id='word_1_241' title='bbox 1345 1829 1513 1887; x_wconf 86' lang='lat' dir='ltr'>dubitarent</span> <span class='ocrx_word' id='word_1_242' title='bbox 1527 1835 1712 1889; x_wconf 88' lang='lat' dir='ltr'>contemnere</span> <span class='ocrx_word' id='word_1_243' title='bbox 1726 1831 1860 1890; x_wconf 84' lang='lat' dir='ltr'>salubres</span> 
     </span>
     <span class='ocr_line' id='line_1_20' title="bbox 156 1918 1861 1994; baseline 0 -16"><span class='ocrx_word' id='word_1_244' title='bbox 156 1920 265 1978; x_wconf 88' lang='lat' dir='ltr'>animal</span> <span class='ocrx_word' id='word_1_245' title='bbox 276 1920 417 1978; x_wconf 90' lang='lat' dir='ltr'>rationale</span> <span class='ocrx_word' id='word_1_246' title='bbox 428 1919 774 1994; x_wconf 84' lang='lat' dir='ltr'>mortale,quiaGhristus</span> <span class='ocrx_word' id='word_1_247' title='bbox 785 1937 981 1994; x_wconf 83' lang='lat' dir='ltr'>resurgensex</span> <span class='ocrx_word' id='word_1_248' title='bbox 1034 1918 1861 1993; x_wconf 89' lang='lat' dir='ltr'>admonitionesetceeeuicadecretasanctiviri,videlioet</span> 
     </span>
     <span class='ocr_line' id='line_1_21' title="bbox 156 2007 1860 2083; baseline -0.001 -15"><span class='ocrx_word' id='word_1_249' title='bbox 156 2011 280 2068; x_wconf 88' lang='lat' dir='ltr'>mortuis</span> <span class='ocrx_word' id='word_1_250' title='bbox 296 2011 360 2081; x_wconf 89' lang='lat' dir='ltr'>jam</span> <span class='ocrx_word' id='word_1_251' title='bbox 371 2027 429 2066; x_wconf 91' lang='lat' dir='ltr'>nen</span> <span class='ocrx_word' id='word_1_252' title='bbox 441 2010 576 2077; x_wconf 90' lang='lat' dir='ltr'>moritur,</span> <span class='ocrx_word' id='word_1_253' title='bbox 588 2026 667 2065; x_wconf 85' lang='lat' dir='ltr'>mers</span> <span class='ocrx_word' id='word_1_254' title='bbox 679 2008 721 2064; x_wconf 90' lang='lat' dir='ltr'>illi</span> <span class='ocrx_word' id='word_1_255' title='bbox 733 2009 810 2065; x_wconf 89' lang='lat' dir='ltr'>ultra</span> <span class='ocrx_word' id='word_1_256' title='bbox 821 2026 879 2065; x_wconf 91' lang='lat' dir='ltr'>non</span> <span class='ocrx_word' id='word_1_257' title='bbox 890 2007 981 2065; x_wconf 91' lang='lat' dir='ltr'>demi·</span> <span class='ocrx_word' id='word_1_258' title='bbox 1034 2007 1634 2082; x_wconf 76' lang='lat' dir='ltr'>GregoriiVll,llemanaesedisepiscopi,et</span> <span class='ocrx_word' id='word_1_259' title='bbox 1641 2008 1817 2083; x_wconf 89' lang='lat' dir='ltr'>abrumpere</span> <span class='ocrx_word' id='word_1_260' title='bbox 1827 2026 1860 2067; x_wconf 92' lang='lat' dir='ltr'>se</span> 
     </span>
     <span class='ocr_line' id='line_1_22' title="bbox 156 2096 1859 2171; baseline 0.001 -17"><span class='ocrx_word' id='word_1_261' title='bbox 156 2099 284 2156; x_wconf 86' lang='lat' dir='ltr'>nubitur.</span> <span class='ocrx_word' id='word_1_262' title='bbox 294 2098 334 2155; x_wconf 79' lang='lat' dir='ltr'>bc</span> <span class='ocrx_word' id='word_1_263' title='bbox 345 2116 396 2171; x_wconf 92' lang='lat' dir='ltr'>pre</span> <span class='ocrx_word' id='word_1_264' title='bbox 407 2098 461 2154; x_wconf 91' lang='lat' dir='ltr'>hoc</span> <span class='ocrx_word' id='word_1_265' title='bbox 472 2097 592 2170; x_wconf 90' lang='lat' dir='ltr'>quidam</span> <span class='ocrx_word' id='word_1_266' title='bbox 608 2097 695 2156; x_wconf 89' lang='lat' dir='ltr'>homo</span> <span class='ocrx_word' id='word_1_267' title='bbox 708 2097 803 2155; x_wconf 80' lang='lat' dir='ltr'>lactus</span> <span class='ocrx_word' id='word_1_268' title='bbox 816 2102 860 2153; x_wconf 91' lang='lat' dir='ltr'>est</span> <span class='ocrx_word' id='word_1_269' title='bbox 870 2097 979 2156; x_wconf 87' lang='lat' dir='ltr'>animal</span> <span class='ocrx_word' id='word_1_270' title='bbox 1034 2096 1221 2153; x_wconf 90' lang='lat' dir='ltr'>aviseeribus</span> <span class='ocrx_word' id='word_1_271' title='bbox 1238 2096 1402 2169; x_wconf 79' lang='lat' dir='ltr'>apostoliea</span> <span class='ocrx_word' id='word_1_272' title='bbox 1416 2096 1562 2165; x_wconf 76' lang='lat' dir='ltr'>Ecclesia,</span> <span class='ocrx_word' id='word_1_273' title='bbox 1577 2097 1781 2155; x_wconf 84' lang='lat' dir='ltr'>universorum</span> <span class='ocrx_word' id='word_1_274' title='bbox 1796 2115 1859 2155; x_wconf 89' lang='lat' dir='ltr'>ma·</span> 
     </span>
     <span class='ocr_line' id='line_1_23' title="bbox 153 2185 1859 2260; baseline 0.001 -16"><span class='ocrx_word' id='word_1_275' title='bbox 153 2186 329 2254; x_wconf 89' lang='lat' dir='ltr'>immortale,</span> <span class='ocrx_word' id='word_1_276' title='bbox 346 2186 395 2260; x_wconf 94' lang='lat' dir='ltr'>qui</span> <span class='ocrx_word' id='word_1_277' title='bbox 412 2187 540 2244; x_wconf 69' lang='lat' dir='ltr'>emutare</span> <span class='ocrx_word' id='word_1_278' title='bbox 564 2187 671 2260; x_wconf 87' lang='lat' dir='ltr'>dogma</span> <span class='ocrx_word' id='word_1_279' title='bbox 694 2185 893 2244; x_wconf 87' lang='lat' dir='ltr'>imitatoribus</span> <span class='ocrx_word' id='word_1_280' title='bbox 917 2187 980 2243; x_wconf 91' lang='lat' dir='ltr'>suis</span> <span class='ocrx_word' id='word_1_281' title='bbox 1036 2185 1406 2243; x_wconf 87' lang='lat' dir='ltr'>tris.Cumenimabeedem</span> <span class='ocrx_word' id='word_1_282' title='bbox 1415 2185 1859 2259; x_wconf 86' lang='lat' dir='ltr'>Gregorieprosuiscrimiaihus</span> 
     </span>
     <span class='ocr_line' id='line_1_24' title="bbox 153 2274 1860 2349; baseline -0.001 -15"><span class='ocrx_word' id='word_1_283' title='bbox 153 2277 275 2343; x_wconf 82' lang='lat' dir='ltr'>consent,</span> <span class='ocrx_word' id='word_1_284' title='bbox 286 2282 314 2332; x_wconf 92' lang='lat' dir='ltr'>et</span> <span class='ocrx_word' id='word_1_285' title='bbox 324 2276 354 2331; x_wconf 90' lang='lat' dir='ltr'>in</span> <span class='ocrx_word' id='word_1_286' title='bbox 369 2275 546 2349; x_wconf 91' lang='lat' dir='ltr'>disputando</span> <span class='ocrx_word' id='word_1_287' title='bbox 558 2276 686 2347; x_wconf 89' lang='lat' dir='ltr'>adjuvat,</span> <span class='ocrx_word' id='word_1_288' title='bbox 697 2280 841 2347; x_wconf 91' lang='lat' dir='ltr'>quatenus</span> <span class='ocrx_word' id='word_1_289' title='bbox 853 2275 979 2342; x_wconf 92' lang='lat' dir='ltr'>diabolo,</span> <span class='ocrx_word' id='word_1_290' title='bbox 1010 2274 1183 2331; x_wconf 73' lang='lat' dir='ltr'>‘canonicis</span> <span class='ocrx_word' id='word_1_291' title='bbox 1198 2274 1362 2331; x_wconf 86' lang='lat' dir='ltr'>rationibus</span> <span class='ocrx_word' id='word_1_292' title='bbox 1378 2279 1596 2348; x_wconf 89' lang='lat' dir='ltr'>urgerentur‚et</span> <span class='ocrx_word' id='word_1_293' title='bbox 1611 2274 1653 2332; x_wconf 86' lang='lat' dir='ltr'>vel</span> <span class='ocrx_word' id='word_1_294' title='bbox 1669 2276 1801 2333; x_wconf 92' lang='lat' dir='ltr'>damnati</span> <span class='ocrx_word' id='word_1_295' title='bbox 1814 2274 1860 2334; x_wconf 87' lang='lat' dir='ltr'>vel</span> 
     </span>
     <span class='ocr_line' id='line_1_25' title="bbox 154 2363 1862 2438; baseline 0.001 -16"><span class='ocrx_word' id='word_1_296' title='bbox 154 2364 204 2438; x_wconf 90' lang='lat' dir='ltr'>qui</span> <span class='ocrx_word' id='word_1_297' title='bbox 215 2364 374 2422; x_wconf 76' lang='lat' dir='ltr'>exstinctor</span> <span class='ocrx_word' id='word_1_298' title='bbox 388 2364 454 2420; x_wconf 84' lang='lat' dir='ltr'>fidei</span> <span class='ocrx_word' id='word_1_299' title='bbox 471 2368 524 2431; x_wconf 89' lang='lat' dir='ltr'>est,</span> <span class='ocrx_word' id='word_1_300' title='bbox 537 2370 565 2420; x_wconf 90' lang='lat' dir='ltr'>et</span> <span class='ocrx_word' id='word_1_301' title='bbox 575 2364 715 2420; x_wconf 91' lang='lat' dir='ltr'>membris</span> <span class='ocrx_word' id='word_1_302' title='bbox 730 2365 794 2437; x_wconf 84' lang='lat' dir='ltr'>ejus</span> <span class='ocrx_word' id='word_1_303' title='bbox 809 2363 931 2420; x_wconf 86' lang='lat' dir='ltr'>viriliter</span> <span class='ocrx_word' id='word_1_304' title='bbox 940 2380 980 2420; x_wconf 90' lang='lat' dir='ltr'>re·</span> <span class='ocrx_word' id='word_1_305' title='bbox 1035 2366 1198 2420; x_wconf 89' lang='lat' dir='ltr'>metuentes</span> <span class='ocrx_word' id='word_1_306' title='bbox 1208 2363 1341 2421; x_wconf 87' lang='lat' dir='ltr'>damnari</span> <span class='ocrx_word' id='word_1_307' title='bbox 1354 2363 1862 2437; x_wconf 85' lang='lat' dir='ltr'>nullumsubprudentietinstanter</span> 
     </span>
     <span class='ocr_line' id='line_1_26' title="bbox 102 2445 1862 2526; baseline 0.001 -16"><span class='ocrx_word' id='word_1_308' title='bbox 102 2445 106 2452; x_wconf 72' lang='grc'>’</span> <span class='ocrx_word' id='word_1_309' title='bbox 154 2455 301 2523; x_wconf 88' lang='lat' dir='ltr'>sistentes,</span> <span class='ocrx_word' id='word_1_310' title='bbox 311 2454 431 2510; x_wconf 89' lang='lat' dir='ltr'>credant</span> <span class='ocrx_word' id='word_1_311' title='bbox 442 2457 471 2508; x_wconf 92' lang='lat' dir='ltr'>et</span> <span class='ocrx_word' id='word_1_312' title='bbox 481 2452 609 2509; x_wconf 92' lang='lat' dir='ltr'>clament</span> <span class='ocrx_word' id='word_1_313' title='bbox 619 2452 754 2509; x_wconf 87' lang='lat' dir='ltr'>velociter</span> <span class='ocrx_word' id='word_1_314' title='bbox 769 2453 900 2509; x_wconf 87' lang='lat' dir='ltr'>luterum</span> <span class='ocrx_word' id='word_1_315' title='bbox 916 2467 981 2509; x_wconf 88' lang='lat' dir='ltr'>esse</span> <span class='ocrx_word' id='word_1_316' title='bbox 1035 2452 1132 2526; x_wconf 89' lang='lat' dir='ltr'>egenti</span> <span class='ocrx_word' id='word_1_317' title='bbox 1142 2452 1352 2526; x_wconf 86' lang='lat' dir='ltr'>vireimpietati</span> <span class='ocrx_word' id='word_1_318' title='bbox 1364 2470 1423 2508; x_wconf 79' lang='lat' dir='ltr'>sua</span> <span class='ocrx_word' id='word_1_319' title='bbox 1433 2453 1573 2510; x_wconf 75' lang='lat' dir='ltr'>euadendi</span> <span class='ocrx_word' id='word_1_320' title='bbox 1585 2453 1697 2510; x_wconf 90' lang='lat' dir='ltr'>aditum</span> <span class='ocrx_word' id='word_1_321' title='bbox 1708 2459 1862 2511; x_wconf 87' lang='lat' dir='ltr'>cernerent</span> 
     </span>
     <span class='ocr_line' id='line_1_27' title="bbox 156 2539 1861 2617; baseline 0.001 -18"><span class='ocrx_word' id='word_1_322' title='bbox 156 2542 308 2599; x_wconf 89' lang='lat' dir='ltr'>utcotlata</span> <span class='ocrx_word' id='word_1_323' title='bbox 323 2541 435 2599; x_wconf 91' lang='lat' dir='ltr'>homini</span> <span class='ocrx_word' id='word_1_324' title='bbox 451 2542 649 2611; x_wconf 84' lang='lat' dir='ltr'>immortalite,</span> <span class='ocrx_word' id='word_1_325' title='bbox 674 2559 733 2614; x_wconf 91' lang='lat' dir='ltr'>qua</span> <span class='ocrx_word' id='word_1_326' title='bbox 762 2541 839 2598; x_wconf 90' lang='lat' dir='ltr'>Deus</span> <span class='ocrx_word' id='word_1_327' title='bbox 866 2541 981 2598; x_wconf 82' lang='lat' dir='ltr'>differe·</span> <span class='ocrx_word' id='word_1_328' title='bbox 1034 2539 1208 2614; x_wconf 87' lang='lat' dir='ltr'>derelinqui,</span> <span class='ocrx_word' id='word_1_329' title='bbox 1225 2541 1408 2598; x_wconf 88' lang='lat' dir='ltr'>involverunt</span> <span class='ocrx_word' id='word_1_330' title='bbox 1431 2542 1533 2600; x_wconf 91' lang='lat' dir='ltr'>eadem</span> <span class='ocrx_word' id='word_1_331' title='bbox 1558 2543 1747 2599; x_wconf 83' lang='lat' dir='ltr'>damnatione</span> <span class='ocrx_word' id='word_1_332' title='bbox 1762 2559 1861 2617; x_wconf 89' lang='lat' dir='ltr'>regem</span> 
     </span>
     <span class='ocr_line' id='line_1_28' title="bbox 156 2630 1861 2704; baseline 0.001 -16"><span class='ocrx_word' id='word_1_333' title='bbox 156 2632 258 2688; x_wconf 87' lang='lat' dir='ltr'>hatab</span> <span class='ocrx_word' id='word_1_334' title='bbox 275 2647 318 2700; x_wconf 91' lang='lat' dir='ltr'>ee,</span> <span class='ocrx_word' id='word_1_335' title='bbox 331 2635 476 2687; x_wconf 89' lang='lat' dir='ltr'>removeat</span> <span class='ocrx_word' id='word_1_336' title='bbox 492 2630 709 2699; x_wconf 87' lang='lat' dir='ltr'>mortalitatem,</span> <span class='ocrx_word' id='word_1_337' title='bbox 722 2648 780 2703; x_wconf 92' lang='lat' dir='ltr'>qua</span> <span class='ocrx_word' id='word_1_338' title='bbox 790 2630 877 2687; x_wconf 91' lang='lat' dir='ltr'>home</span> <span class='ocrx_word' id='word_1_339' title='bbox 893 2630 982 2687; x_wconf 90' lang='lat' dir='ltr'>miser</span> <span class='ocrx_word' id='word_1_340' title='bbox 1035 2647 1123 2686; x_wconf 86' lang='lat' dir='ltr'>soum</span> <span class='ocrx_word' id='word_1_341' title='bbox 1139 2630 1308 2697; x_wconf 87' lang='lat' dir='ltr'>Henrioum,</span> <span class='ocrx_word' id='word_1_342' title='bbox 1324 2646 1412 2704; x_wconf 90' lang='lat' dir='ltr'>quem</span> <span class='ocrx_word' id='word_1_343' title='bbox 1427 2631 1504 2688; x_wconf 87' lang='lat' dir='ltr'>siout</span> <span class='ocrx_word' id='word_1_344' title='bbox 1519 2634 1646 2688; x_wconf 88' lang='lat' dir='ltr'>actorem</span> <span class='ocrx_word' id='word_1_345' title='bbox 1665 2631 1785 2688; x_wconf 81' lang='lat' dir='ltr'>haeresis</span> <span class='ocrx_word' id='word_1_346' title='bbox 1799 2648 1861 2690; x_wconf 82' lang='lat' dir='ltr'>suas</span> 
     </span>
     <span class='ocr_line' id='line_1_29' title="bbox 158 2718 1864 2794; baseline 0.001 -17"><span class='ocrx_word' id='word_1_347' title='bbox 158 2720 424 2786; x_wconf 85' lang='lat' dir='ltr'>recedebataDee,</span> <span class='ocrx_word' id='word_1_348' title='bbox 440 2719 525 2776; x_wconf 90' lang='lat' dir='ltr'>etsie</span> <span class='ocrx_word' id='word_1_349' title='bbox 553 2736 605 2792; x_wconf 90' lang='lat' dir='ltr'>per</span> <span class='ocrx_word' id='word_1_350' title='bbox 631 2718 736 2776; x_wconf 85' lang='lat' dir='ltr'>Christi</span> <span class='ocrx_word' id='word_1_351' title='bbox 765 2719 982 2794; x_wconf 89' lang='lat' dir='ltr'>sapientiamet</span> <span class='ocrx_word' id='word_1_352' title='bbox 1035 2718 1210 2788; x_wconf 89' lang='lat' dir='ltr'>habuerant,</span> <span class='ocrx_word' id='word_1_353' title='bbox 1222 2719 1263 2774; x_wconf 91' lang='lat' dir='ltr'>ita</span> <span class='ocrx_word' id='word_1_354' title='bbox 1274 2719 1496 2775; x_wconf 88' lang='lat' dir='ltr'>etdelensorem</span> <span class='ocrx_word' id='word_1_355' title='bbox 1507 2719 1864 2778; x_wconf 85' lang='lat' dir='ltr'>haberentCrevitrahies</span> 
     </span>
     <span class='ocr_line' id='line_1_30' title="bbox 159 2807 1863 2883; baseline 0.001 -18"><span class='ocrx_word' id='word_1_356' title='bbox 159 2808 284 2883; x_wconf 86' lang='lat' dir='ltr'>gratiam</span> <span class='ocrx_word' id='word_1_357' title='bbox 297 2808 352 2864; x_wconf 91' lang='lat' dir='ltr'>sub</span> <span class='ocrx_word' id='word_1_358' title='bbox 368 2824 427 2864; x_wconf 92' lang='lat' dir='ltr'>una</span> <span class='ocrx_word' id='word_1_359' title='bbox 438 2808 607 2864; x_wconf 82' lang='lat' dir='ltr'>definitione</span> <span class='ocrx_word' id='word_1_360' title='bbox 620 2807 802 2875; x_wconf 86' lang='lat' dir='ltr'>conveniant,</span> <span class='ocrx_word' id='word_1_361' title='bbox 814 2824 888 2882; x_wconf 90' lang='lat' dir='ltr'>quos</span> <span class='ocrx_word' id='word_1_362' title='bbox 904 2824 981 2864; x_wconf 92' lang='lat' dir='ltr'>mor·</span> <span class='ocrx_word' id='word_1_363' title='bbox 1035 2807 1117 2880; x_wconf 91' lang='lat' dir='ltr'>regni</span> <span class='ocrx_word' id='word_1_364' title='bbox 1133 2807 1283 2865; x_wconf 86' lang='lat' dir='ltr'>Teutonici</span> <span class='ocrx_word' id='word_1_365' title='bbox 1294 2808 1322 2863; x_wconf 94' lang='lat' dir='ltr'>in</span> <span class='ocrx_word' id='word_1_366' title='bbox 1338 2808 1564 2877; x_wconf 88' lang='lat' dir='ltr'>immensum,et</span> <span class='ocrx_word' id='word_1_367' title='bbox 1574 2807 1650 2865; x_wconf 90' lang='lat' dir='ltr'>ultra</span> <span class='ocrx_word' id='word_1_368' title='bbox 1662 2810 1783 2866; x_wconf 92' lang='lat' dir='ltr'>modum</span> <span class='ocrx_word' id='word_1_369' title='bbox 1796 2826 1863 2883; x_wconf 90' lang='lat' dir='ltr'>pec·</span> 
     </span>
     <span class='ocr_line' id='line_1_31' title="bbox 158 2895 1861 2971; baseline 0.002 -18"><span class='ocrx_word' id='word_1_370' title='bbox 158 2896 226 2954; x_wconf 89' lang='lat' dir='ltr'>talis</span> <span class='ocrx_word' id='word_1_371' title='bbox 237 2896 430 2971; x_wconf 89' lang='lat' dir='ltr'>philosophus</span> <span class='ocrx_word' id='word_1_372' title='bbox 442 2913 493 2969; x_wconf 87' lang='lat' dir='ltr'>per</span> <span class='ocrx_word' id='word_1_373' title='bbox 503 2895 677 2952; x_wconf 86' lang='lat' dir='ltr'>infatuatam</span> <span class='ocrx_word' id='word_1_374' title='bbox 694 2896 877 2970; x_wconf 89' lang='lat' dir='ltr'>prudentiam</span> <span class='ocrx_word' id='word_1_375' title='bbox 890 2901 983 2954; x_wconf 92' lang='lat' dir='ltr'>trans·</span> <span class='ocrx_word' id='word_1_376' title='bbox 1036 2902 1146 2963; x_wconf 89' lang='lat' dir='ltr'>centes,</span> <span class='ocrx_word' id='word_1_377' title='bbox 1161 2896 1325 2953; x_wconf 89' lang='lat' dir='ltr'>imitatores</span> <span class='ocrx_word' id='word_1_378' title='bbox 1339 2896 1467 2953; x_wconf 74' lang='lat' dir='ltr'>iudaicae</span> <span class='ocrx_word' id='word_1_379' title='bbox 1478 2897 1606 2971; x_wconf 77' lang='lat' dir='ltr'>pertidia</span> <span class='ocrx_word' id='word_1_380' title='bbox 1617 2896 1684 2954; x_wconf 84' lang='lat' dir='ltr'>lacti</span> <span class='ocrx_word' id='word_1_381' title='bbox 1695 2897 1776 2966; x_wconf 90' lang='lat' dir='ltr'>estis,</span> <span class='ocrx_word' id='word_1_382' title='bbox 1788 2899 1861 2956; x_wconf 92' lang='lat' dir='ltr'>dum</span> 
     </span>
     <span class='ocr_line' id='line_1_32' title="bbox 158 2984 1860 3059; baseline 0.001 -17"><span class='ocrx_word' id='word_1_383' title='bbox 158 2985 244 3042; x_wconf 91' lang='lat' dir='ltr'>iteria</span> <span class='ocrx_word' id='word_1_384' title='bbox 258 2985 399 3059; x_wconf 84' lang='lat' dir='ltr'>qualitate</span> <span class='ocrx_word' id='word_1_385' title='bbox 411 2985 569 3042; x_wconf 88' lang='lat' dir='ltr'>dividebat.</span> <span class='ocrx_word' id='word_1_386' title='bbox 585 2985 644 3042; x_wconf 88' lang='lat' dir='ltr'>Hoc</span> <span class='ocrx_word' id='word_1_387' title='bbox 660 3002 717 3041; x_wconf 92' lang='lat' dir='ltr'>non</span> <span class='ocrx_word' id='word_1_388' title='bbox 734 2985 893 3059; x_wconf 90' lang='lat' dir='ltr'>percipitur</span> <span class='ocrx_word' id='word_1_389' title='bbox 906 2988 984 3058; x_wconf 83' lang='lat' dir='ltr'>post·</span> <span class='ocrx_word' id='word_1_390' title='bbox 1036 2984 1241 3057; x_wconf 88' lang='lat' dir='ltr'>objicientibus</span> <span class='ocrx_word' id='word_1_391' title='bbox 1263 2985 1346 3041; x_wconf 89' lang='lat' dir='ltr'>vebis</span> <span class='ocrx_word' id='word_1_392' title='bbox 1361 2985 1409 3042; x_wconf 92' lang='lat' dir='ltr'>his</span> <span class='ocrx_word' id='word_1_393' title='bbox 1424 2986 1475 3059; x_wconf 93' lang='lat' dir='ltr'>qui</span> <span class='ocrx_word' id='word_1_394' title='bbox 1491 2985 1527 3042; x_wconf 91' lang='lat' dir='ltr'>de</span> <span class='ocrx_word' id='word_1_395' title='bbox 1542 2992 1625 3059; x_wconf 92' lang='lat' dir='ltr'>parte</span> <span class='ocrx_word' id='word_1_396' title='bbox 1648 2985 1860 3044; x_wconf 90' lang='lat' dir='ltr'>catholicorum</span> 
     </span>
     <span class='ocr_line' id='line_1_33' title="bbox 157 3059 1859 3148; baseline 0.002 -18"><span class='ocrx_word' id='word_1_397' title='bbox 157 3092 247 3148; x_wconf 89' lang='lat' dir='ltr'>quam</span> <span class='ocrx_word' id='word_1_398' title='bbox 263 3074 385 3148; x_wconf 88' lang='lat' dir='ltr'>spiritus</span> <span class='ocrx_word' id='word_1_399' title='bbox 414 3075 565 3145; x_wconf 85' lang='lat' dir='ltr'>subjectus</span> <span class='ocrx_word' id='word_1_400' title='bbox 589 3078 632 3130; x_wconf 90' lang='lat' dir='ltr'>est</span> <span class='ocrx_word' id='word_1_401' title='bbox 647 3074 740 3141; x_wconf 86' lang='lat' dir='ltr'>carni,</span> <span class='ocrx_word' id='word_1_402' title='bbox 756 3074 895 3147; x_wconf 90' lang='lat' dir='ltr'>quoniam</span> <span class='ocrx_word' id='word_1_403' title='bbox 911 3059 1015 3130; x_wconf 82' lang='lat' dir='ltr'>oumC</span> <span class='ocrx_word' id='word_1_404' title='bbox 1034 3074 1163 3142; x_wconf 90' lang='lat' dir='ltr'>stabant,</span> <span class='ocrx_word' id='word_1_405' title='bbox 1181 3091 1238 3130; x_wconf 92' lang='lat' dir='ltr'>non</span> <span class='ocrx_word' id='word_1_406' title='bbox 1254 3073 1296 3130; x_wconf 92' lang='lat' dir='ltr'>sic</span> <span class='ocrx_word' id='word_1_407' title='bbox 1312 3074 1458 3147; x_wconf 92' lang='lat' dir='ltr'>agendum</span> <span class='ocrx_word' id='word_1_408' title='bbox 1472 3091 1537 3131; x_wconf 88' lang='lat' dir='ltr'>esse</span> <span class='ocrx_word' id='word_1_409' title='bbox 1561 3078 1662 3132; x_wconf 89' lang='lat' dir='ltr'>contra</span> <span class='ocrx_word' id='word_1_410' title='bbox 1682 3074 1859 3148; x_wconf 89' lang='lat' dir='ltr'>magistrum</span> 
     </span>
     <span class='ocr_line' id='line_1_34' title="bbox 157 3162 1859 3237; baseline 0 -16"><span class='ocrx_word' id='word_1_411' title='bbox 157 3163 747 3236; x_wconf 86' lang='lat' dir='ltr'>eareadversusspiritumconcupiscat,si</span> <span class='ocrx_word' id='word_1_412' title='bbox 758 3162 878 3236; x_wconf 89' lang='lat' dir='ltr'>spiritus</span> <span class='ocrx_word' id='word_1_413' title='bbox 893 3164 981 3219; x_wconf 90' lang='lat' dir='ltr'>ahne·</span> <span class='ocrx_word' id='word_1_414' title='bbox 1033 3162 1125 3219; x_wconf 90' lang='lat' dir='ltr'>totius</span> <span class='ocrx_word' id='word_1_415' title='bbox 1139 3163 1283 3231; x_wconf 79' lang='lat' dir='ltr'>Ecclesia,</span> <span class='ocrx_word' id='word_1_416' title='bbox 1300 3179 1423 3218; x_wconf 79' lang='lat' dir='ltr'>summas</span> <span class='ocrx_word' id='word_1_417' title='bbox 1448 3163 1527 3219; x_wconf 90' lang='lat' dir='ltr'>sedis</span> <span class='ocrx_word' id='word_1_418' title='bbox 1542 3163 1722 3236; x_wconf 87' lang='lat' dir='ltr'>episcopum,</span> <span class='ocrx_word' id='word_1_419' title='bbox 1738 3164 1859 3237; x_wconf 86' lang='lat' dir='ltr'>postha-</span> 
     </span>
     <span class='ocr_line' id='line_1_35' title="bbox 155 3251 1859 3326; baseline 0.001 -17"><span class='ocrx_word' id='word_1_420' title='bbox 155 3252 232 3326; x_wconf 87' lang='lat' dir='ltr'>gatis</span> <span class='ocrx_word' id='word_1_421' title='bbox 247 3253 391 3309; x_wconf 83' lang='lat' dir='ltr'>fructibus</span> <span class='ocrx_word' id='word_1_422' title='bbox 406 3251 536 3324; x_wconf 88' lang='lat' dir='ltr'>suis,qui</span> <span class='ocrx_word' id='word_1_423' title='bbox 548 3257 617 3308; x_wconf 89' lang='lat' dir='ltr'>sunt</span> <span class='ocrx_word' id='word_1_424' title='bbox 631 3252 793 3307; x_wconf 88' lang='lat' dir='ltr'>secundum</span> <span class='ocrx_word' id='word_1_425' title='bbox 808 3251 980 3324; x_wconf 84' lang='lat' dir='ltr'>Apostolum</span> <span class='ocrx_word' id='word_1_426' title='bbox 1034 3251 1096 3309; x_wconf 90' lang='lat' dir='ltr'>bita</span> <span class='ocrx_word' id='word_1_427' title='bbox 1109 3252 1199 3308; x_wconf 90' lang='lat' dir='ltr'>tetius</span> <span class='ocrx_word' id='word_1_428' title='bbox 1214 3251 1304 3308; x_wconf 87' lang='lat' dir='ltr'>divini</span> <span class='ocrx_word' id='word_1_429' title='bbox 1329 3251 1426 3308; x_wconf 89' lang='lat' dir='ltr'>cultus</span> <span class='ocrx_word' id='word_1_430' title='bbox 1455 3252 1859 3326; x_wconf 80' lang='lat' dir='ltr'>reverentia,saepeclamare</span> 
     </span>
     <span class='ocr_line' id='line_1_36' title="bbox 155 3339 1859 3414; baseline 0 -15"><span class='ocrx_word' id='word_1_431' title='bbox 155 3341 273 3400; x_wconf 88' lang='lat' dir='ltr'>Galatas</span> <span class='ocrx_word' id='word_1_432' title='bbox 289 3341 500 3408; x_wconf 88' lang='lat' dir='ltr'>cohortantem,</span> <span class='ocrx_word' id='word_1_433' title='bbox 508 3339 647 3406; x_wconf 88' lang='lat' dir='ltr'>charitas,</span> <span class='ocrx_word' id='word_1_434' title='bbox 663 3341 815 3412; x_wconf 90' lang='lat' dir='ltr'>gaudium,</span> <span class='ocrx_word' id='word_1_435' title='bbox 826 3340 978 3412; x_wconf 64' lang='lat' dir='ltr'>panfides,</span> <span class='ocrx_word' id='word_1_436' title='bbox 1033 3357 1091 3397; x_wconf 93' lang='lat' dir='ltr'>nen</span> <span class='ocrx_word' id='word_1_437' title='bbox 1100 3340 1260 3397; x_wconf 91' lang='lat' dir='ltr'>erubuistis</span> <span class='ocrx_word' id='word_1_438' title='bbox 1272 3357 1279 3395; x_wconf 76' lang='grc' dir='ltr'>ε</span> <span class='ocrx_word' id='word_1_439' title='bbox 1290 3340 1353 3396; x_wconf 82' lang='grc' dir='ltr'>Νοη</span> <span class='ocrx_word' id='word_1_440' title='bbox 1365 3340 1508 3397; x_wconf 89' lang='lat' dir='ltr'>hahemus</span> <span class='ocrx_word' id='word_1_441' title='bbox 1518 3340 1685 3414; x_wconf 86' lang='lat' dir='ltr'>pontificem</span> <span class='ocrx_word' id='word_1_442' title='bbox 1696 3341 1753 3398; x_wconf 91' lang='lat' dir='ltr'>nisi</span> <span class='ocrx_word' id='word_1_443' title='bbox 1768 3345 1859 3399; x_wconf 86' lang='lat' dir='ltr'>cresa-</span> 
     </span>
     <span class='ocr_line' id='line_1_37' title="bbox 155 3426 1856 3504; baseline -0.001 -16"><span class='ocrx_word' id='word_1_444' title='bbox 155 3430 345 3497; x_wconf 89' lang='lat' dir='ltr'>continentia,</span> <span class='ocrx_word' id='word_1_445' title='bbox 361 3427 493 3495; x_wconf 88' lang='lat' dir='ltr'>castitas,</span> <span class='ocrx_word' id='word_1_446' title='bbox 509 3432 537 3484; x_wconf 90' lang='lat' dir='ltr'>et</span> <span class='ocrx_word' id='word_1_447' title='bbox 552 3426 610 3484; x_wconf 89' lang='lat' dir='ltr'>alia</span> <span class='ocrx_word' id='word_1_448' title='bbox 623 3427 703 3492; x_wconf 89' lang='lat' dir='ltr'>talia,</span> <span class='ocrx_word' id='word_1_449' title='bbox 716 3444 779 3500; x_wconf 83' lang='lat' dir='ltr'>qure</span> <span class='ocrx_word' id='word_1_450' title='bbox 795 3429 908 3501; x_wconf 92' lang='lat' dir='ltr'>cogenti</span> <span class='ocrx_word' id='word_1_451' title='bbox 921 3427 978 3503; x_wconf 90' lang='lat' dir='ltr'>legi</span> <span class='ocrx_word' id='word_1_452' title='bbox 1033 3446 1104 3485; x_wconf 90' lang='lat' dir='ltr'>rem.</span> <span class='ocrx_word' id='word_1_453' title='bbox 1122 3429 1159 3486; x_wconf 92' lang='lat' dir='ltr'>Ut</span> <span class='ocrx_word' id='word_1_454' title='bbox 1173 3434 1271 3486; x_wconf 91' lang='lat' dir='ltr'>tamen</span> <span class='ocrx_word' id='word_1_455' title='bbox 1287 3446 1394 3502; x_wconf 89' lang='lat' dir='ltr'>cerpus</span> <span class='ocrx_word' id='word_1_456' title='bbox 1409 3430 1523 3486; x_wconf 80' lang='lat' dir='ltr'>Salano</span> <span class='ocrx_word' id='word_1_457' title='bbox 1549 3446 1634 3485; x_wconf 92' lang='lat' dir='ltr'>suam</span> <span class='ocrx_word' id='word_1_458' title='bbox 1658 3430 1856 3504; x_wconf 90' lang='lat' dir='ltr'>integritatem</span> 
     </span>
     <span class='ocr_line' id='line_1_38' title="bbox 155 3515 1856 3591; baseline 0.001 -15"><span class='ocrx_word' id='word_1_459' title='bbox 155 3536 214 3576; x_wconf 93' lang='lat' dir='ltr'>non</span> <span class='ocrx_word' id='word_1_460' title='bbox 224 3518 388 3591; x_wconf 89' lang='lat' dir='ltr'>subjacent,</span> <span class='ocrx_word' id='word_1_461' title='bbox 396 3516 452 3573; x_wconf 89' lang='lat' dir='ltr'>sub</span> <span class='ocrx_word' id='word_1_462' title='bbox 461 3515 592 3572; x_wconf 89' lang='lat' dir='ltr'>dominio</span> <span class='ocrx_word' id='word_1_463' title='bbox 604 3516 701 3574; x_wconf 90' lang='lat' dir='ltr'>earnis</span> <span class='ocrx_word' id='word_1_464' title='bbox 712 3516 870 3585; x_wconf 90' lang='lat' dir='ltr'>transierit,</span> <span class='ocrx_word' id='word_1_465' title='bbox 877 3521 906 3573; x_wconf 92' lang='lat' dir='ltr'>et</span> <span class='ocrx_word' id='word_1_466' title='bbox 916 3521 978 3574; x_wconf 89' lang='lat' dir='ltr'>tur·</span> <span class='ocrx_word' id='word_1_467' title='bbox 1033 3517 1186 3586; x_wconf 89' lang='lat' dir='ltr'>obtineret,</span> <span class='ocrx_word' id='word_1_468' title='bbox 1203 3517 1327 3591; x_wconf 90' lang='lat' dir='ltr'>petiistis</span> <span class='ocrx_word' id='word_1_469' title='bbox 1341 3517 1437 3574; x_wconf 89' lang='lat' dir='ltr'>virum</span> <span class='ocrx_word' id='word_1_470' title='bbox 1452 3517 1630 3575; x_wconf 88' lang='lat' dir='ltr'>homicidam</span> <span class='ocrx_word' id='word_1_471' title='bbox 1645 3518 1747 3575; x_wconf 90' lang='lat' dir='ltr'>donari</span> <span class='ocrx_word' id='word_1_472' title='bbox 1761 3519 1856 3591; x_wconf 90' lang='lat' dir='ltr'>vobis,</span> 
     </span>
     <span class='ocr_line' id='line_1_39' title="bbox 155 3603 1856 3682; baseline 0.001 -20"><span class='ocrx_word' id='word_1_473' title='bbox 155 3606 295 3682; x_wconf 90' lang='lat' dir='ltr'>pissimus</span> <span class='ocrx_word' id='word_1_474' title='bbox 311 3622 412 3662; x_wconf 86' lang='lat' dir='ltr'>servus</span> <span class='ocrx_word' id='word_1_475' title='bbox 427 3603 605 3662; x_wconf 90' lang='lat' dir='ltr'>lascivientia</span> <span class='ocrx_word' id='word_1_476' title='bbox 620 3605 744 3661; x_wconf 80' lang='lat' dir='ltr'>domina</span> <span class='ocrx_word' id='word_1_477' title='bbox 760 3622 879 3677; x_wconf 88' lang='lat' dir='ltr'>pressus</span> <span class='ocrx_word' id='word_1_478' title='bbox 889 3605 979 3678; x_wconf 89' lang='lat' dir='ltr'>impe·</span> <span class='ocrx_word' id='word_1_479' title='bbox 1033 3606 1196 3679; x_wconf 89' lang='lat' dir='ltr'>Wipertum</span> <span class='ocrx_word' id='word_1_480' title='bbox 1211 3607 1333 3675; x_wconf 89' lang='lat' dir='ltr'>seilicet,</span> <span class='ocrx_word' id='word_1_481' title='bbox 1342 3606 1631 3680; x_wconf 79' lang='lat' dir='ltr'>exarchiepiscopum</span> <span class='ocrx_word' id='word_1_482' title='bbox 1647 3608 1856 3676; x_wconf 80' lang='lat' dir='ltr'>Ravennatem,</span> 
     </span>
     <span class='ocr_line' id='line_1_40' title="bbox 154 3693 1856 3770; baseline 0.001 -18"><span class='ocrx_word' id='word_1_483' title='bbox 154 3695 209 3767; x_wconf 90' lang='lat' dir='ltr'>rio,</span> <span class='ocrx_word' id='word_1_484' title='bbox 220 3693 534 3768; x_wconf 87' lang='lat' dir='ltr'>sensualitatisjugum</span> <span class='ocrx_word' id='word_1_485' title='bbox 551 3699 666 3766; x_wconf 90' lang='lat' dir='ltr'>portare</span> <span class='ocrx_word' id='word_1_486' title='bbox 681 3695 976 3761; x_wconf 86' lang='lat' dir='ltr'>consueverit,statim</span> <span class='ocrx_word' id='word_1_487' title='bbox 1032 3711 1120 3769; x_wconf 91' lang='lat' dir='ltr'>quem</span> <span class='ocrx_word' id='word_1_488' title='bbox 1136 3713 1187 3769; x_wconf 93' lang='lat' dir='ltr'>pro</span> <span class='ocrx_word' id='word_1_489' title='bbox 1203 3696 1289 3752; x_wconf 90' lang='lat' dir='ltr'>certis</span> <span class='ocrx_word' id='word_1_490' title='bbox 1303 3700 1332 3753; x_wconf 92' lang='lat' dir='ltr'>et</span> <span class='ocrx_word' id='word_1_491' title='bbox 1348 3695 1504 3770; x_wconf 92' lang='lat' dir='ltr'>publicatis</span> <span class='ocrx_word' id='word_1_492' title='bbox 1533 3695 1692 3754; x_wconf 88' lang='lat' dir='ltr'>sceleribus</span> <span class='ocrx_word' id='word_1_493' title='bbox 1719 3696 1801 3770; x_wconf 90' lang='lat' dir='ltr'>prius</span> <span class='ocrx_word' id='word_1_494' title='bbox 1824 3697 1856 3754; x_wconf 90' lang='lat' dir='ltr'>in</span> 
     </span>
     <span class='ocr_line' id='line_1_41' title="bbox 155 3783 1856 3860; baseline 0.001 -20"><span class='ocrx_word' id='word_1_495' title='bbox 155 3783 387 3858; x_wconf 86' lang='lat' dir='ltr'>longanimitate,</span> <span class='ocrx_word' id='word_1_496' title='bbox 401 3797 460 3857; x_wconf 88' lang='lat' dir='ltr'>qua</span> <span class='ocrx_word' id='word_1_497' title='bbox 476 3799 617 3838; x_wconf 86' lang='lat' dir='ltr'>mansura</span> <span class='ocrx_word' id='word_1_498' title='bbox 631 3783 708 3840; x_wconf 93' lang='lat' dir='ltr'>bena</span> <span class='ocrx_word' id='word_1_499' title='bbox 720 3783 912 3852; x_wconf 87' lang='lat' dir='ltr'>sustinentur,</span> <span class='ocrx_word' id='word_1_500' title='bbox 929 3783 978 3839; x_wconf 92' lang='lat' dir='ltr'>ab·</span> <span class='ocrx_word' id='word_1_501' title='bbox 1031 3783 1164 3856; x_wconf 90' lang='lat' dir='ltr'>plenaria</span> <span class='ocrx_word' id='word_1_502' title='bbox 1177 3783 1298 3858; x_wconf 80' lang='lat' dir='ltr'>synodo,</span> <span class='ocrx_word' id='word_1_503' title='bbox 1313 3786 1415 3842; x_wconf 89' lang='lat' dir='ltr'>eodem</span> <span class='ocrx_word' id='word_1_504' title='bbox 1439 3785 1578 3860; x_wconf 88' lang='lat' dir='ltr'>Gregorio</span> <span class='ocrx_word' id='word_1_505' title='bbox 1603 3785 1739 3858; x_wconf 85' lang='lat' dir='ltr'>pontifice</span> <span class='ocrx_word' id='word_1_506' title='bbox 1753 3785 1856 3858; x_wconf 83' lang='lat' dir='ltr'>praesi·</span> 
     </span>
     <span class='ocr_line' id='line_1_42' title="bbox 150 3870 1855 3946; baseline 0.002 -17"><span class='ocrx_word' id='word_1_507' title='bbox 150 3873 239 3945; x_wconf 86' lang='lat' dir='ltr'>jecta,</span> <span class='ocrx_word' id='word_1_508' title='bbox 256 3871 426 3944; x_wconf 85' lang='lat' dir='ltr'>implicatur</span> <span class='ocrx_word' id='word_1_509' title='bbox 440 3875 470 3928; x_wconf 92' lang='lat' dir='ltr'>et</span> <span class='ocrx_word' id='word_1_510' title='bbox 484 3871 676 3927; x_wconf 90' lang='lat' dir='ltr'>contunditur</span> <span class='ocrx_word' id='word_1_511' title='bbox 703 3870 839 3945; x_wconf 91' lang='lat' dir='ltr'>operibus</span> <span class='ocrx_word' id='word_1_512' title='bbox 868 3871 974 3941; x_wconf 90' lang='lat' dir='ltr'>carnis,</span> <span class='ocrx_word' id='word_1_513' title='bbox 1030 3873 1262 3941; x_wconf 86' lang='lat' dir='ltr'>dente,Remana</span> <span class='ocrx_word' id='word_1_514' title='bbox 1273 3873 1401 3931; x_wconf 79' lang='lat' dir='ltr'>Ecclesia</span> <span class='ocrx_word' id='word_1_515' title='bbox 1411 3872 1855 3946; x_wconf 87' lang='lat' dir='ltr'>condemnaverat.Discipulum</span> 
     </span>
     <span class='ocr_line' id='line_1_43' title="bbox 154 3959 1856 4036; baseline 0.001 -18"><span class='ocrx_word' id='word_1_516' title='bbox 154 3979 218 4034; x_wconf 79' lang='lat' dir='ltr'>que</span> <span class='ocrx_word' id='word_1_517' title='bbox 233 3965 303 4018; x_wconf 89' lang='lat' dir='ltr'>sunt</span> <span class='ocrx_word' id='word_1_518' title='bbox 316 3959 479 4028; x_wconf 78' lang='lat' dir='ltr'>fornicatio,</span> <span class='ocrx_word' id='word_1_519' title='bbox 495 3959 694 4032; x_wconf 90' lang='lat' dir='ltr'>immunditia,</span> <span class='ocrx_word' id='word_1_520' title='bbox 705 3959 836 4029; x_wconf 81' lang='lat' dir='ltr'>avaritia,</span> <span class='ocrx_word' id='word_1_521' title='bbox 852 3976 916 4033; x_wconf 84' lang='lat' dir='ltr'>quae</span> <span class='ocrx_word' id='word_1_522' title='bbox 932 3965 977 4018; x_wconf 91' lang='lat' dir='ltr'>est</span> <span class='ocrx_word' id='word_1_523' title='bbox 1029 3978 1096 4019; x_wconf 88' lang='lat' dir='ltr'>vcro</span> <span class='ocrx_word' id='word_1_524' title='bbox 1108 3961 1189 4030; x_wconf 87' lang='lat' dir='ltr'>Jesu,</span> <span class='ocrx_word' id='word_1_525' title='bbox 1201 3961 1252 4034; x_wconf 92' lang='lat' dir='ltr'>qui</span> <span class='ocrx_word' id='word_1_526' title='bbox 1267 3961 1297 4022; x_wconf 90' lang='lat' dir='ltr'>in</span> <span class='ocrx_word' id='word_1_527' title='bbox 1312 3962 1367 4020; x_wconf 91' lang='lat' dir='ltr'>hec</span> <span class='ocrx_word' id='word_1_528' title='bbox 1381 3979 1412 4020; x_wconf 89' lang='lat' dir='ltr'>se</span> <span class='ocrx_word' id='word_1_529' title='bbox 1427 3968 1523 4022; x_wconf 88' lang='lat' dir='ltr'>totum</span> <span class='ocrx_word' id='word_1_530' title='bbox 1539 3961 1727 4036; x_wconf 89' lang='lat' dir='ltr'>impendebat</span> <span class='ocrx_word' id='word_1_531' title='bbox 1737 3967 1769 4018; x_wconf 91' lang='lat' dir='ltr'>ut</span> <span class='ocrx_word' id='word_1_532' title='bbox 1783 3979 1856 4019; x_wconf 90' lang='lat' dir='ltr'>sau·</span> 
     </span>
     <span class='ocr_line' id='line_1_44' title="bbox 153 4048 1855 4122; baseline 0.002 -16"><span class='ocrx_word' id='word_1_533' title='bbox 153 4049 298 4106; x_wconf 89' lang='lat' dir='ltr'>idolorum</span> <span class='ocrx_word' id='word_1_534' title='bbox 314 4049 448 4118; x_wconf 87' lang='lat' dir='ltr'>servitus,</span> <span class='ocrx_word' id='word_1_535' title='bbox 465 4050 520 4106; x_wconf 93' lang='lat' dir='ltr'>sub</span> <span class='ocrx_word' id='word_1_536' title='bbox 537 4066 596 4121; x_wconf 91' lang='lat' dir='ltr'>qua</span> <span class='ocrx_word' id='word_1_537' title='bbox 610 4048 775 4105; x_wconf 91' lang='lat' dir='ltr'>idololatria</span> <span class='ocrx_word' id='word_1_538' title='bbox 788 4049 977 4122; x_wconf 91' lang='lat' dir='ltr'>comprehen·</span> <span class='ocrx_word' id='word_1_539' title='bbox 1029 4056 1077 4109; x_wconf 89' lang='lat' dir='ltr'>eta</span> <span class='ocrx_word' id='word_1_540' title='bbox 1091 4049 1220 4107; x_wconf 81' lang='lat' dir='ltr'>Ecclesia</span> <span class='ocrx_word' id='word_1_541' title='bbox 1233 4050 1270 4107; x_wconf 90' lang='lat' dir='ltr'>ad</span> <span class='ocrx_word' id='word_1_542' title='bbox 1287 4050 1418 4108; x_wconf 88' lang='lat' dir='ltr'>debitum</span> <span class='ocrx_word' id='word_1_543' title='bbox 1432 4051 1573 4110; x_wconf 89' lang='lat' dir='ltr'>honorem</span> <span class='ocrx_word' id='word_1_544' title='bbox 1589 4055 1618 4107; x_wconf 90' lang='lat' dir='ltr'>et</span> <span class='ocrx_word' id='word_1_545' title='bbox 1632 4049 1801 4108; x_wconf 78' lang='lat' dir='ltr'>necessaria</span> <span class='ocrx_word' id='word_1_546' title='bbox 1815 4049 1855 4109; x_wconf 89' lang='lat' dir='ltr'>li·</span> 
     </span>
     <span class='ocr_line' id='line_1_45' title="bbox 152 4137 1854 4214; baseline 0.001 -18"><span class='ocrx_word' id='word_1_547' title='bbox 152 4139 242 4206; x_wconf 90' lang='lat' dir='ltr'>ditur,</span> <span class='ocrx_word' id='word_1_548' title='bbox 255 4138 455 4194; x_wconf 77' lang='lat' dir='ltr'>inobedientia</span> <span class='ocrx_word' id='word_1_549' title='bbox 467 4137 777 4206; x_wconf 87' lang='lat' dir='ltr'>scelus,contentiones</span> <span class='ocrx_word' id='word_1_550' title='bbox 786 4138 874 4194; x_wconf 89' lang='lat' dir='ltr'>etiam</span> <span class='ocrx_word' id='word_1_551' title='bbox 885 4138 976 4196; x_wconf 90' lang='lat' dir='ltr'>etdis·</span> <span class='ocrx_word' id='word_1_552' title='bbox 1029 4139 1152 4196; x_wconf 86' lang='lat' dir='ltr'>hortatis</span> <span class='ocrx_word' id='word_1_553' title='bbox 1161 4143 1272 4195; x_wconf 91' lang='lat' dir='ltr'>statum</span> <span class='ocrx_word' id='word_1_554' title='bbox 1289 4143 1482 4213; x_wconf 85' lang='lat' dir='ltr'>repararetur,</span> <span class='ocrx_word' id='word_1_555' title='bbox 1494 4140 1679 4214; x_wconf 87' lang='lat' dir='ltr'>quantumin</span> <span class='ocrx_word' id='word_1_556' title='bbox 1690 4140 1772 4196; x_wconf 88' lang='lat' dir='ltr'>vehis</span> <span class='ocrx_word' id='word_1_557' title='bbox 1788 4139 1854 4213; x_wconf 86' lang='lat' dir='ltr'>tuit,</span> 
     </span>
     <span class='ocr_line' id='line_1_46' title="bbox 152 4226 1854 4301; baseline 0.002 -16"><span class='ocrx_word' id='word_1_558' title='bbox 152 4226 313 4295; x_wconf 80' lang='lat' dir='ltr'>sanniones,</span> <span class='ocrx_word' id='word_1_559' title='bbox 330 4226 438 4299; x_wconf 91' lang='lat' dir='ltr'>quibus</span> <span class='ocrx_word' id='word_1_560' title='bbox 453 4244 505 4283; x_wconf 84' lang='lat' dir='ltr'>ves</span> <span class='ocrx_word' id='word_1_561' title='bbox 517 4226 641 4300; x_wconf 90' lang='lat' dir='ltr'>operarii</span> <span class='ocrx_word' id='word_1_562' title='bbox 656 4227 753 4284; x_wconf 92' lang='lat' dir='ltr'>carnis</span> <span class='ocrx_word' id='word_1_563' title='bbox 766 4227 892 4284; x_wconf 85' lang='lat' dir='ltr'>maxime</span> <span class='ocrx_word' id='word_1_564' title='bbox 906 4227 975 4285; x_wconf 91' lang='lat' dir='ltr'>totis</span> <span class='ocrx_word' id='word_1_565' title='bbox 1028 4227 1232 4301; x_wconf 89' lang='lat' dir='ltr'>expellendum</span> <span class='ocrx_word' id='word_1_566' title='bbox 1248 4231 1278 4285; x_wconf 92' lang='lat' dir='ltr'>et</span> <span class='ocrx_word' id='word_1_567' title='bbox 1291 4228 1521 4301; x_wconf 86' lang='lat' dir='ltr'>crucifigendum</span> <span class='ocrx_word' id='word_1_568' title='bbox 1544 4229 1619 4285; x_wconf 87' lang='lat' dir='ltr'>vetis</span> <span class='ocrx_word' id='word_1_569' title='bbox 1635 4242 1664 4284; x_wconf 83' lang='lat' dir='ltr'>ea</span> <span class='ocrx_word' id='word_1_570' title='bbox 1687 4228 1854 4288; x_wconf 86' lang='lat' dir='ltr'>actionibus</span> 
     </span>
     <span class='ocr_line' id='line_1_47' title="bbox 150 4314 1852 4390; baseline -0.001 -15"><span class='ocrx_word' id='word_1_571' title='bbox 150 4316 198 4375; x_wconf 88' lang='lat' dir='ltr'>his</span> <span class='ocrx_word' id='word_1_572' title='bbox 208 4315 389 4390; x_wconf 89' lang='lat' dir='ltr'>temporibus</span> <span class='ocrx_word' id='word_1_573' title='bbox 405 4314 974 4389; x_wconf 86' lang='lat' dir='ltr'>studuistis,qualiaquiagunt,regnum</span> <span class='ocrx_word' id='word_1_574' title='bbox 1029 4317 1147 4373; x_wconf 78' lang='lat' dir='ltr'>nefariis</span> <span class='ocrx_word' id='word_1_575' title='bbox 1162 4316 1345 4390; x_wconf 89' lang='lat' dir='ltr'>postulastis.</span> <span class='ocrx_word' id='word_1_576' title='bbox 1356 4316 1463 4374; x_wconf 89' lang='lat' dir='ltr'>Verum</span> <span class='ocrx_word' id='word_1_577' title='bbox 1475 4317 1545 4389; x_wconf 88' lang='lat' dir='ltr'>quia</span> <span class='ocrx_word' id='word_1_578' title='bbox 1555 4318 1635 4375; x_wconf 90' lang='lat' dir='ltr'>nevit</span> <span class='ocrx_word' id='word_1_579' title='bbox 1648 4316 1852 4389; x_wconf 87' lang='lat' dir='ltr'>Dominusqni</span> 
     </span>
     <span class='ocr_line' id='line_1_48' title="bbox 150 4403 1852 4492; baseline 0.002 -30"><span class='ocrx_word' id='word_1_580' title='bbox 150 4405 200 4463; x_wconf 85' lang='lat' dir='ltr'>Dei</span> <span class='ocrx_word' id='word_1_581' title='bbox 217 4423 275 4462; x_wconf 91' lang='lat' dir='ltr'>non</span> <span class='ocrx_word' id='word_1_582' title='bbox 291 4409 511 4477; x_wconf 86' lang='lat' dir='ltr'>consequuntur</span> <span class='ocrx_word' id='word_1_583' title='bbox 523 4423 529 4473; x_wconf 89' lang='grc'><strong>;</strong></span> <span class='ocrx_word' id='word_1_584' title='bbox 542 4405 642 4477; x_wconf 91' lang='lat' dir='ltr'>sicque</span> <span class='ocrx_word' id='word_1_585' title='bbox 656 4403 787 4476; x_wconf 87' lang='lat' dir='ltr'>privatus</span> <span class='ocrx_word' id='word_1_586' title='bbox 802 4405 896 4479; x_wconf 88' lang='lat' dir='ltr'>gratia</span> <span class='ocrx_word' id='word_1_587' title='bbox 911 4405 972 4474; x_wconf 89' lang='lat' dir='ltr'>Dei,</span> <span class='ocrx_word' id='word_1_588' title='bbox 988 4429 1012 4492; x_wconf 75' lang='lat' dir='ltr'>D</span> <span class='ocrx_word' id='word_1_589' title='bbox 1031 4411 1101 4462; x_wconf 92' lang='lat' dir='ltr'>sunt</span> <span class='ocrx_word' id='word_1_590' title='bbox 1113 4407 1223 4477; x_wconf 82' lang='lat' dir='ltr'>ejus,et</span> <span class='ocrx_word' id='word_1_591' title='bbox 1234 4405 1262 4463; x_wconf 88' lang='lat' dir='ltr'>iu</span> <span class='ocrx_word' id='word_1_592' title='bbox 1274 4405 1354 4461; x_wconf 90' lang='lat' dir='ltr'>omni</span> <span class='ocrx_word' id='word_1_593' title='bbox 1364 4410 1450 4478; x_wconf 85' lang='lat' dir='ltr'>gente</span> <span class='ocrx_word' id='word_1_594' title='bbox 1464 4405 1552 4479; x_wconf 89' lang='lat' dir='ltr'>elegit</span> <span class='ocrx_word' id='word_1_595' title='bbox 1564 4407 1641 4463; x_wconf 87' lang='lat' dir='ltr'>viros</span> <span class='ocrx_word' id='word_1_596' title='bbox 1656 4404 1852 4478; x_wconf 85' lang='lat' dir='ltr'>acceptabiles</span> 
     </span>
     <span class='ocr_line' id='line_1_49' title="bbox 150 4492 1853 4568; baseline 0.001 -17"><span class='ocrx_word' id='word_1_597' title='bbox 150 4512 214 4568; x_wconf 79' lang='lat' dir='ltr'>que</span> <span class='ocrx_word' id='word_1_598' title='bbox 229 4499 274 4551; x_wconf 91' lang='lat' dir='ltr'>est</span> <span class='ocrx_word' id='word_1_599' title='bbox 285 4493 344 4550; x_wconf 86' lang='lat' dir='ltr'>vita</span> <span class='ocrx_word' id='word_1_600' title='bbox 359 4493 590 4561; x_wconf 80' lang='lat' dir='ltr'>aterns,militat</span> <span class='ocrx_word' id='word_1_601' title='bbox 604 4492 759 4566; x_wconf 85' lang='lat' dir='ltr'>stipendiis</span> <span class='ocrx_word' id='word_1_602' title='bbox 774 4498 970 4566; x_wconf 88' lang='lat' dir='ltr'>peccaterum,</span> <span class='ocrx_word' id='word_1_603' title='bbox 1027 4494 1082 4551; x_wconf 90' lang='lat' dir='ltr'>sibi</span> <span class='ocrx_word' id='word_1_604' title='bbox 1093 4495 1142 4568; x_wconf 96' lang='lat' dir='ltr'>qui</span> <span class='ocrx_word' id='word_1_605' title='bbox 1154 4511 1220 4550; x_wconf 92' lang='lat' dir='ltr'>eum</span> <span class='ocrx_word' id='word_1_606' title='bbox 1232 4494 1356 4552; x_wconf 89' lang='lat' dir='ltr'>timeant</span> <span class='ocrx_word' id='word_1_607' title='bbox 1364 4500 1394 4550; x_wconf 89' lang='lat' dir='ltr'>et</span> <span class='ocrx_word' id='word_1_608' title='bbox 1404 4493 1724 4567; x_wconf 87' lang='lat' dir='ltr'>operenturjustitiom‚</span> <span class='ocrx_word' id='word_1_609' title='bbox 1734 4511 1793 4551; x_wconf 91' lang='lat' dir='ltr'>nen</span> <span class='ocrx_word' id='word_1_610' title='bbox 1804 4494 1853 4552; x_wconf 89' lang='lat' dir='ltr'>dc-</span> 
     </span>
     <span class='ocr_line' id='line_1_50' title="bbox 149 4581 1852 4657; baseline 0.001 -17"><span class='ocrx_word' id='word_1_611' title='bbox 149 4600 214 4657; x_wconf 86' lang='lat' dir='ltr'>quae</span> <span class='ocrx_word' id='word_1_612' title='bbox 230 4587 300 4639; x_wconf 90' lang='lat' dir='ltr'>sunt</span> <span class='ocrx_word' id='word_1_613' title='bbox 314 4582 417 4639; x_wconf 90' lang='lat' dir='ltr'>mertis</span> <span class='ocrx_word' id='word_1_614' title='bbox 432 4587 577 4656; x_wconf 81' lang='lat' dir='ltr'>perpetue</span> <span class='ocrx_word' id='word_1_615' title='bbox 594 4581 791 4637; x_wconf 86' lang='lat' dir='ltr'>indeficientia</span> <span class='ocrx_word' id='word_1_616' title='bbox 817 4585 971 4639; x_wconf 89' lang='lat' dir='ltr'>tormenta.</span> <span class='ocrx_word' id='word_1_617' title='bbox 1028 4583 1146 4640; x_wconf 83' lang='lat' dir='ltr'>luerunt</span> <span class='ocrx_word' id='word_1_618' title='bbox 1160 4600 1193 4639; x_wconf 90' lang='lat' dir='ltr'>ee</span> <span class='ocrx_word' id='word_1_619' title='bbox 1208 4587 1339 4656; x_wconf 91' lang='lat' dir='ltr'>tempore</span> <span class='ocrx_word' id='word_1_620' title='bbox 1354 4583 1408 4639; x_wconf 87' lang='lat' dir='ltr'>viri</span> <span class='ocrx_word' id='word_1_621' title='bbox 1429 4583 1528 4656; x_wconf 89' lang='lat' dir='ltr'>magni</span> <span class='ocrx_word' id='word_1_622' title='bbox 1543 4587 1572 4640; x_wconf 92' lang='lat' dir='ltr'>et</span> <span class='ocrx_word' id='word_1_623' title='bbox 1586 4582 1724 4656; x_wconf 89' lang='lat' dir='ltr'>religiosi,</span> <span class='ocrx_word' id='word_1_624' title='bbox 1740 4581 1852 4655; x_wconf 84' lang='lat' dir='ltr'>quibus</span> 
     </span>
     <span class='ocr_line' id='line_1_51' title="bbox 149 4669 1851 4744; baseline -0.001 -15"><span class='ocrx_word' id='word_1_625' title='bbox 149 4672 230 4729; x_wconf 85' lang='lat' dir='ltr'>Sicut</span> <span class='ocrx_word' id='word_1_626' title='bbox 245 4671 324 4728; x_wconf 90' lang='lat' dir='ltr'>enim</span> <span class='ocrx_word' id='word_1_627' title='bbox 339 4688 457 4728; x_wconf 89' lang='lat' dir='ltr'>carnem</span> <span class='ocrx_word' id='word_1_628' title='bbox 468 4670 589 4743; x_wconf 88' lang='lat' dir='ltr'>spiritus</span> <span class='ocrx_word' id='word_1_629' title='bbox 605 4669 774 4743; x_wconf 89' lang='lat' dir='ltr'>magisterio</span> <span class='ocrx_word' id='word_1_630' title='bbox 789 4669 930 4725; x_wconf 87' lang='lat' dir='ltr'>virtutum</span> <span class='ocrx_word' id='word_1_631' title='bbox 944 4675 974 4727; x_wconf 92' lang='lat' dir='ltr'>et</span> <span class='ocrx_word' id='word_1_632' title='bbox 1026 4671 1167 4744; x_wconf 89' lang='lat' dir='ltr'>iniquitas</span> <span class='ocrx_word' id='word_1_633' title='bbox 1183 4676 1265 4727; x_wconf 85' lang='lat' dir='ltr'>tanta</span> <span class='ocrx_word' id='word_1_634' title='bbox 1280 4689 1337 4726; x_wconf 91' lang='lat' dir='ltr'>non</span> <span class='ocrx_word' id='word_1_635' title='bbox 1354 4671 1474 4743; x_wconf 87' lang='lat' dir='ltr'>placuit,</span> <span class='ocrx_word' id='word_1_636' title='bbox 1486 4672 1631 4743; x_wconf 90' lang='lat' dir='ltr'>hodieque</span> <span class='ocrx_word' id='word_1_637' title='bbox 1645 4675 1805 4743; x_wconf 86' lang='lat' dir='ltr'>supersunt</span> <span class='ocrx_word' id='word_1_638' title='bbox 1819 4671 1851 4728; x_wconf 87' lang='lat' dir='ltr'>in</span> 
     </span>
     <span class='ocr_line' id='line_1_52' title="bbox 149 4757 1853 4833; baseline 0 -17"><span class='ocrx_word' id='word_1_639' title='bbox 149 4759 582 4817; x_wconf 87' lang='lat' dir='ltr'>sanctorumexercitiomorum</span> <span class='ocrx_word' id='word_1_640' title='bbox 592 4758 626 4814; x_wconf 90' lang='lat' dir='ltr'>ad</span> <span class='ocrx_word' id='word_1_641' title='bbox 634 4757 843 4829; x_wconf 89' lang='lat' dir='ltr'>capessendam</span> <span class='ocrx_word' id='word_1_642' title='bbox 855 4758 973 4814; x_wconf 91' lang='lat' dir='ltr'>immor·</span> <span class='ocrx_word' id='word_1_643' title='bbox 1026 4760 1128 4816; x_wconf 90' lang='lat' dir='ltr'>eodem</span> <span class='ocrx_word' id='word_1_644' title='bbox 1144 4776 1234 4833; x_wconf 85' lang='lat' dir='ltr'>regno</span> <span class='ocrx_word' id='word_1_645' title='bbox 1248 4758 1459 4832; x_wconf 91' lang='lat' dir='ltr'>quamplurimi</span> <span class='ocrx_word' id='word_1_646' title='bbox 1474 4760 1526 4833; x_wconf 93' lang='lat' dir='ltr'>qui</span> <span class='ocrx_word' id='word_1_647' title='bbox 1541 4759 1700 4816; x_wconf 89' lang='lat' dir='ltr'>miserante</span> <span class='ocrx_word' id='word_1_648' title='bbox 1710 4759 1768 4815; x_wconf 87' lang='lat' dir='ltr'>Deo</span> <span class='ocrx_word' id='word_1_649' title='bbox 1779 4776 1853 4816; x_wconf 88' lang='lat' dir='ltr'>nen·</span> 
     </span>
     <span class='ocr_line' id='line_1_53' title="bbox 148 4846 1852 4922; baseline -0.001 -17"><span class='ocrx_word' id='word_1_650' title='bbox 148 4849 272 4905; x_wconf 85' lang='lat' dir='ltr'>talitatis</span> <span class='ocrx_word' id='word_1_651' title='bbox 288 4849 394 4905; x_wconf 89' lang='lat' dir='ltr'>stolam</span> <span class='ocrx_word' id='word_1_652' title='bbox 409 4847 524 4904; x_wconf 88' lang='lat' dir='ltr'>erudire</span> <span class='ocrx_word' id='word_1_653' title='bbox 543 4851 572 4903; x_wconf 91' lang='lat' dir='ltr'>et</span> <span class='ocrx_word' id='word_1_654' title='bbox 587 4863 754 4920; x_wconf 86' lang='lat' dir='ltr'>promovere</span> <span class='ocrx_word' id='word_1_655' title='bbox 782 4846 916 4915; x_wconf 89' lang='lat' dir='ltr'>debebat,</span> <span class='ocrx_word' id='word_1_656' title='bbox 931 4847 972 4904; x_wconf 88' lang='lat' dir='ltr'>ita</span> <span class='ocrx_word' id='word_1_657' title='bbox 1027 4848 1097 4905; x_wconf 92' lang='lat' dir='ltr'>dum</span> <span class='ocrx_word' id='word_1_658' title='bbox 1112 4847 1179 4905; x_wconf 86' lang='lat' dir='ltr'>Baal</span> <span class='ocrx_word' id='word_1_659' title='bbox 1196 4865 1292 4921; x_wconf 91' lang='lat' dir='ltr'>genua</span> <span class='ocrx_word' id='word_1_660' title='bbox 1308 4853 1510 4916; x_wconf 79' lang='lat' dir='ltr'>our-veverunt,</span> <span class='ocrx_word' id='word_1_661' title='bbox 1523 4848 1573 4922; x_wconf 90' lang='lat' dir='ltr'>qui</span> <span class='ocrx_word' id='word_1_662' title='bbox 1588 4847 1742 4922; x_wconf 79' lang='lat' dir='ltr'>praeclaras</span> <span class='ocrx_word' id='word_1_663' title='bbox 1755 4846 1852 4921; x_wconf 88' lang='lat' dir='ltr'>digni-</span> 
     </span>
     <span class='ocr_line' id='line_1_54' title="bbox 147 4935 1849 5010; baseline 0.001 -17"><span class='ocrx_word' id='word_1_664' title='bbox 147 4955 214 4994; x_wconf 91' lang='lat' dir='ltr'>earo</span> <span class='ocrx_word' id='word_1_665' title='bbox 229 4938 365 4992; x_wconf 88' lang='lat' dir='ltr'>eumdem</span> <span class='ocrx_word' id='word_1_666' title='bbox 382 4940 555 4992; x_wconf 71' lang='lat' dir='ltr'>excecatum</span> <span class='ocrx_word' id='word_1_667' title='bbox 573 4940 601 4991; x_wconf 90' lang='lat' dir='ltr'>et</span> <span class='ocrx_word' id='word_1_668' title='bbox 616 4936 803 5008; x_wconf 74' lang='lat' dir='ltr'>praefocatum</span> <span class='ocrx_word' id='word_1_669' title='bbox 829 4935 973 5009; x_wconf 89' lang='lat' dir='ltr'>demergit</span> <span class='ocrx_word' id='word_1_670' title='bbox 1025 4942 1100 4992; x_wconf 90' lang='lat' dir='ltr'>tates</span> <span class='ocrx_word' id='word_1_671' title='bbox 1115 4935 1300 5010; x_wconf 89' lang='lat' dir='ltr'>pretiosiores</span> <span class='ocrx_word' id='word_1_672' title='bbox 1328 4953 1418 5010; x_wconf 90' lang='lat' dir='ltr'>quam</span> <span class='ocrx_word' id='word_1_673' title='bbox 1441 4936 1567 4994; x_wconf 90' lang='lat' dir='ltr'>salutem</span> <span class='ocrx_word' id='word_1_674' title='bbox 1589 4954 1674 4994; x_wconf 88' lang='lat' dir='ltr'>suam</span> <span class='ocrx_word' id='word_1_675' title='bbox 1689 4937 1784 4993; x_wconf 86' lang='lat' dir='ltr'>tacere</span> <span class='ocrx_word' id='word_1_676' title='bbox 1797 4953 1849 4994; x_wconf 91' lang='lat' dir='ltr'>ne·</span> 
     </span>
     <span class='ocr_line' id='line_1_55' title="bbox 147 5023 1849 5099; baseline 0 -16"><span class='ocrx_word' id='word_1_677' title='bbox 147 5042 246 5083; x_wconf 84' lang='lat' dir='ltr'>secum</span> <span class='ocrx_word' id='word_1_678' title='bbox 259 5025 294 5080; x_wconf 90' lang='lat' dir='ltr'>ad</span> <span class='ocrx_word' id='word_1_679' title='bbox 311 5025 476 5097; x_wconf 82' lang='lat' dir='ltr'>recipienda</span> <span class='ocrx_word' id='word_1_680' title='bbox 492 5023 611 5096; x_wconf 81' lang='lat' dir='ltr'>pramis</span> <span class='ocrx_word' id='word_1_681' title='bbox 625 5023 795 5080; x_wconf 85' lang='lat' dir='ltr'>interorum.</span> <span class='ocrx_word' id='word_1_682' title='bbox 805 5023 875 5080; x_wconf 90' lang='lat' dir='ltr'>llinc</span> <span class='ocrx_word' id='word_1_683' title='bbox 890 5024 969 5082; x_wconf 91' lang='lat' dir='ltr'>deni·</span> <span class='ocrx_word' id='word_1_684' title='bbox 1024 5023 1185 5098; x_wconf 87' lang='lat' dir='ltr'>glexerunt,</span> <span class='ocrx_word' id='word_1_685' title='bbox 1202 5025 1253 5082; x_wconf 89' lang='lat' dir='ltr'>sed</span> <span class='ocrx_word' id='word_1_686' title='bbox 1269 5029 1374 5081; x_wconf 91' lang='lat' dir='ltr'>cuncta</span> <span class='ocrx_word' id='word_1_687' title='bbox 1388 5026 1473 5099; x_wconf 89' lang='lat' dir='ltr'>quasi</span> <span class='ocrx_word' id='word_1_688' title='bbox 1485 5030 1614 5082; x_wconf 89' lang='lat' dir='ltr'>stercora</span> <span class='ocrx_word' id='word_1_689' title='bbox 1627 5028 1849 5098; x_wconf 84' lang='lat' dir='ltr'>reputantes.ut</span> 
     </span>
     <span class='ocr_line' id='line_1_56' title="bbox 147 5111 1847 5188; baseline -0.001 -17"><span class='ocrx_word' id='word_1_690' title='bbox 147 5131 203 5187; x_wconf 91' lang='lat' dir='ltr'>que</span> <span class='ocrx_word' id='word_1_691' title='bbox 212 5113 287 5186; x_wconf 90' lang='lat' dir='ltr'>perit</span> <span class='ocrx_word' id='word_1_692' title='bbox 297 5113 378 5180; x_wconf 83' lang='lat' dir='ltr'>fides,</span> <span class='ocrx_word' id='word_1_693' title='bbox 391 5113 706 5185; x_wconf 80' lang='lat' dir='ltr'>quoperdileclionenr</span> <span class='ocrx_word' id='word_1_694' title='bbox 717 5112 968 5184; x_wconf 86' lang='lat' dir='ltr'>operatur,lertis-</span> <span class='ocrx_word' id='word_1_695' title='bbox 1023 5112 1172 5169; x_wconf 85' lang='lat' dir='ltr'>Christum</span> <span class='ocrx_word' id='word_1_696' title='bbox 1187 5112 1401 5183; x_wconf 81' lang='lat' dir='ltr'>lucrifacerent,</span> <span class='ocrx_word' id='word_1_697' title='bbox 1418 5115 1454 5170; x_wconf 92' lang='lat' dir='ltr'>ad</span> <span class='ocrx_word' id='word_1_698' title='bbox 1469 5113 1669 5188; x_wconf 89' lang='lat' dir='ltr'>apestolorum</span> <span class='ocrx_word' id='word_1_699' title='bbox 1684 5111 1847 5186; x_wconf 89' lang='lat' dir='ltr'>principem</span> 
     </span>
     <span class='ocr_line' id='line_1_57' title="bbox 145 5200 1847 5278; baseline 0.001 -21"><span class='ocrx_word' id='word_1_700' title='bbox 145 5201 255 5258; x_wconf 89' lang='lat' dir='ltr'>simum</span> <span class='ocrx_word' id='word_1_701' title='bbox 271 5206 477 5274; x_wconf 86' lang='lat' dir='ltr'>argumentum</span> <span class='ocrx_word' id='word_1_702' title='bbox 494 5201 657 5255; x_wconf 78' lang='lat' dir='ltr'>futurorum</span> <span class='ocrx_word' id='word_1_703' title='bbox 676 5201 861 5268; x_wconf 71' lang='lat' dir='ltr'>bonorumet</span> <span class='ocrx_word' id='word_1_704' title='bbox 870 5219 968 5259; x_wconf 60' lang='lat' dir='ltr'>succe*</span> <span class='ocrx_word' id='word_1_705' title='bbox 1020 5206 1049 5258; x_wconf 89' lang='lat' dir='ltr'>et</span> <span class='ocrx_word' id='word_1_706' title='bbox 1064 5218 1264 5259; x_wconf 89' lang='lat' dir='ltr'>successorem</span> <span class='ocrx_word' id='word_1_707' title='bbox 1286 5203 1350 5276; x_wconf 88' lang='lat' dir='ltr'>ejus</span> <span class='ocrx_word' id='word_1_708' title='bbox 1378 5203 1551 5277; x_wconf 88' lang='lat' dir='ltr'>Gregorium</span> <span class='ocrx_word' id='word_1_709' title='bbox 1566 5220 1597 5261; x_wconf 91' lang='lat' dir='ltr'>se</span> <span class='ocrx_word' id='word_1_710' title='bbox 1612 5219 1665 5278; x_wconf 93' lang='lat' dir='ltr'>pre</span> <span class='ocrx_word' id='word_1_711' title='bbox 1677 5200 1847 5259; x_wconf 84' lang='lat' dir='ltr'>detonsione</span> 
     </span>
     <span class='ocr_line' id='line_1_58' title="bbox 144 5288 1846 5366; baseline 0.001 -21"><span class='ocrx_word' id='word_1_712' title='bbox 144 5288 187 5345; x_wconf 90' lang='lat' dir='ltr'>dit</span> <span class='ocrx_word' id='word_1_713' title='bbox 198 5288 968 5363; x_wconf 83' lang='lat' dir='ltr'>perssdia,desperatieniscreatrix,exstinctisqueocu·</span> <span class='ocrx_word' id='word_1_714' title='bbox 1020 5289 1087 5347; x_wconf 86' lang='lat' dir='ltr'>fidei</span> <span class='ocrx_word' id='word_1_715' title='bbox 1102 5290 1298 5347; x_wconf 90' lang='lat' dir='ltr'>contulerunt.</span> <span class='ocrx_word' id='word_1_716' title='bbox 1315 5291 1423 5349; x_wconf 86' lang='lat' dir='ltr'>Contra</span> <span class='ocrx_word' id='word_1_717' title='bbox 1436 5309 1523 5366; x_wconf 92' lang='lat' dir='ltr'>quem</span> <span class='ocrx_word' id='word_1_718' title='bbox 1539 5308 1629 5364; x_wconf 87' lang='lat' dir='ltr'>quam</span> <span class='ocrx_word' id='word_1_719' title='bbox 1650 5289 1741 5364; x_wconf 90' lang='lat' dir='ltr'>impie</span> <span class='ocrx_word' id='word_1_720' title='bbox 1755 5289 1846 5347; x_wconf 88' lang='lat' dir='ltr'>etiam</span> 
     </span>
     <span class='ocr_line' id='line_1_59' title="bbox 142 5374 1846 5452; baseline 0.004 -21"><span class='ocrx_word' id='word_1_721' title='bbox 142 5374 179 5431; x_wconf 92' lang='lat' dir='ltr'>lis</span> <span class='ocrx_word' id='word_1_722' title='bbox 189 5375 321 5446; x_wconf 89' lang='lat' dir='ltr'>rationis,</span> <span class='ocrx_word' id='word_1_723' title='bbox 333 5377 440 5450; x_wconf 91' lang='lat' dir='ltr'>quihus</span> <span class='ocrx_word' id='word_1_724' title='bbox 454 5393 553 5432; x_wconf 81' lang='lat' dir='ltr'>verum</span> <span class='ocrx_word' id='word_1_725' title='bbox 568 5375 723 5431; x_wconf 87' lang='lat' dir='ltr'>honesturn</span> <span class='ocrx_word' id='word_1_726' title='bbox 738 5381 767 5433; x_wconf 89' lang='lat' dir='ltr'>et</span> <span class='ocrx_word' id='word_1_727' title='bbox 777 5394 884 5450; x_wconf 88' lang='lat' dir='ltr'>purum</span> <span class='ocrx_word' id='word_1_728' title='bbox 897 5378 967 5436; x_wconf 90' lang='lat' dir='ltr'>utile</span> <span class='ocrx_word' id='word_1_729' title='bbox 1020 5379 1183 5436; x_wconf 91' lang='lat' dir='ltr'>secundum</span> <span class='ocrx_word' id='word_1_730' title='bbox 1198 5377 1278 5452; x_wconf 90' lang='lat' dir='ltr'>leges</span> <span class='ocrx_word' id='word_1_731' title='bbox 1292 5378 1391 5438; x_wconf 82' lang='lat' dir='ltr'>seculi</span> <span class='ocrx_word' id='word_1_732' title='bbox 1416 5388 1515 5438; x_wconf 89' lang='lat' dir='ltr'>aetum</span> <span class='ocrx_word' id='word_1_733' title='bbox 1539 5381 1579 5438; x_wconf 90' lang='lat' dir='ltr'>sit</span> <span class='ocrx_word' id='word_1_734' title='bbox 1593 5382 1604 5405; x_wconf 84' lang='grc'><em>·</em></span> <span class='ocrx_word' id='word_1_735' title='bbox 1620 5379 1712 5437; x_wconf 91' lang='lat' dir='ltr'>totius</span> <span class='ocrx_word' id='word_1_736' title='bbox 1727 5392 1846 5452; x_wconf 85' lang='lat' dir='ltr'>quoque</span> 
     </span>
     <span class='ocr_line' id='line_1_60' title="bbox 142 5462 1845 5543; baseline 0.003 -22"><span class='ocrx_word' id='word_1_737' title='bbox 142 5462 269 5522; x_wconf 89' lang='lat' dir='ltr'>discerni</span> <span class='ocrx_word' id='word_1_738' title='bbox 284 5464 367 5532; x_wconf 85' lang='lat' dir='ltr'>solet,</span> <span class='ocrx_word' id='word_1_739' title='bbox 382 5464 489 5523; x_wconf 88' lang='lat' dir='ltr'>vivitur</span> <span class='ocrx_word' id='word_1_740' title='bbox 503 5465 533 5521; x_wconf 91' lang='lat' dir='ltr'>in</span> <span class='ocrx_word' id='word_1_741' title='bbox 548 5463 687 5522; x_wconf 89' lang='lat' dir='ltr'>servitute</span> <span class='ocrx_word' id='word_1_742' title='bbox 702 5481 855 5535; x_wconf 88' lang='lat' dir='ltr'>sensuum,</span> <span class='ocrx_word' id='word_1_743' title='bbox 871 5470 904 5523; x_wconf 91' lang='lat' dir='ltr'>ut</span> <span class='ocrx_word' id='word_1_744' title='bbox 919 5484 967 5542; x_wconf 79' lang='lat' dir='ltr'>ap</span> <span class='ocrx_word' id='word_1_745' title='bbox 1020 5467 1182 5540; x_wconf 87' lang='lat' dir='ltr'>gestionem</span> <span class='ocrx_word' id='word_1_746' title='bbox 1198 5467 1317 5540; x_wconf 91' lang='lat' dir='ltr'>negotii,</span> <span class='ocrx_word' id='word_1_747' title='bbox 1334 5468 1366 5525; x_wconf 91' lang='lat' dir='ltr'>in</span> <span class='ocrx_word' id='word_1_748' title='bbox 1380 5485 1438 5543; x_wconf 93' lang='lat' dir='ltr'>quo</span> <span class='ocrx_word' id='word_1_749' title='bbox 1462 5469 1603 5528; x_wconf 77' lang='lat' dir='ltr'>decenmo</span> <span class='ocrx_word' id='word_1_750' title='bbox 1615 5473 1645 5527; x_wconf 90' lang='lat' dir='ltr'>et</span> <span class='ocrx_word' id='word_1_751' title='bbox 1658 5483 1692 5526; x_wconf 93' lang='lat' dir='ltr'>eo</span> <span class='ocrx_word' id='word_1_752' title='bbox 1704 5465 1800 5542; x_wconf 85' lang='lat' dir='ltr'>magis</span> <span class='ocrx_word' id='word_1_753' title='bbox 1813 5467 1845 5526; x_wconf 87' lang='lat' dir='ltr'>in</span> 
     </span>
    </p>
   </div>
   <div class='ocr_carea' id='block_1_3' title="bbox 0 0 1912 6006">
    <p class='ocr_par' dir='ltr' id='par_1_5' title="bbox 0 0 1912 6006">
     <span class='ocr_line' id='line_1_61' title="bbox 0 0 1912 6006; baseline 0 2"><span class='ocrx_word' id='word_1_754' title='bbox 0 0 1912 6006; x_wconf 95' lang='lat' dir='ltr'> </span> 
     </span>
    </p>
   </div>
  </div>
 </body>
</html>
