3816 6006
53 282 145 349 8888·
618 275 809 351 uotitttdt
825 276 903 351 vt,
926 276 977 353 ΠΕ
999 275 1201 351 ῬΙᾚΡΟΒΕ.
1684 279 1769 353 tuot,

49 417 100 479 tae
111 412 144 479 in
157 429 191 477 no
202 416 266 477 tom
278 411 445 478 numeria
459 416 489 473 et
502 410 603 479 dubio,
618 414 651 473 ot
663 409 718 475 troo
733 427 803 477 eum
816 426 882 474 ora,
895 411 927 492 Α
938 412 969 464 et
981 407 1070 467 odore
1084 425 1207 479 suorum
1221 424 1342 483 operum
1353 413 1382 464 et
1396 423 1522 476 morum,
1535 424 1589 465 noa
1603 408 1764 477 delectetur

49 501 144 572 tione,
157 517 175 566 ιι
191 499 313 565 uenies
327 498 534 564 exaudiuntur.
547 499 624 563 Nom,
638 498 778 565 Matthias
792 515 810 559 e
826 499 883 563 Deo
936 500 966 555 et
978 495 1080 566 allicit,
1094 500 1122 553 et
1138 513 1190 570 spe
1204 496 1359 555 suavitatis
1380 512 1438 569 qus
1464 495 1602 553 iruuntur
1616 495 1710 553 suncti
1734 496 1766 555 iu

49 595 161 662 ιιοιιοιιι
176 592 296 664 regente
306 586 417 651 electuri
428 592 523 656 estet
534 590 747 651 annumeratus
760 591 806 651 ost
819 592 882 655 tutu
937 584 1100 658 petrianos
1116 581 1216 643 trahit.
1230 587 1261 641 ln
1283 585 1381 642 inturo
1395 601 1462 641 vero
1479 589 1569 658 gustu
1585 600 1645 640 sua
1660 583 1765 641 incita·

51 678 256 752 motitoquum
267 680 471 747 numium
481 675 721 748 electionequam
731 679 881 744 sortetmn
936 674 1005 732 bitis
1017 673 1170 733 suavitatis
1186 691 1238 730 nos
1253 675 1283 730 in
1294 678 1437 730 aternum
1450 674 1579 730 satiabit.
1594 672 1624 728 Si
1635 671 1686 729 itta
1696 673 1768 730 inei·

49 771 300 841 potestateque
326 763 501 832 ministerio,
517 763 630 828 emeris
654 763 806 837 apostolis,
821 769 883 827 tam
937 761 1019 827 iubili
1043 762 1207 830 dulcedine,
1220 762 1325 819 iratres
1354 763 1422 829 urei.
1437 763 1467 818 in
1494 767 1637 818 eternum
1665 762 1767 822 satiari

48 857 82 914 in
96 855 179 919 omlis
193 872 283 929 quem
298 855 330 920 iu
345 857 432 918 terra
445 852 527 921 Unde
542 853 683 916 hodierna
695 853 742 918 die
755 854 791 919 de
806 857 884 919 terre
936 850 1083 925 cupimus,
1097 852 1128 908 in
1154 850 1371 925 pulchritudine
1396 852 1461 924 ejus
1484 850 1676 918 admiremur,
1693 855 1721 906 ct
1735 851 1766 907 in

48 949 235 1020 assumptas,
243 960 313 1009 ouso
322 943 434 1009 ueteris
450 940 592 1015 apostolis
605 943 635 1006 iu
647 941 719 1002 uuio
734 940 884 1017 glorifice«
937 940 1025 999 odore
1040 942 1105 1013 ejus
1119 956 1284 1006 curramus,
1295 944 1325 997 ct
1339 941 1369 997 in
1395 957 1445 1012 spe
1468 939 1632 1008 trahamur,
1649 944 1767 996 orantes

49 1033 312 1105 inemundatum
326 1032 471 1103 muudum
482 1031 782 1105 tentaturumque
796 1031 884 1099 moti*
937 1043 1005 1087 cum
1021 1045 1131 1102 sponsa
1146 1033 1174 1086 et
1188 1028 1319 1086 dieentes
1333 1045 1365 1084 :u
1377 1028 1471 1086 ‘trahe
1484 1044 1530 1084 me
1541 1032 1607 1102 post
1620 1031 1657 1096 te,
1671 1044 1770 1084 curre-

49 1126 117 1183 tum
127 1127 158 1182 et
167 1121 341 1185 intercessio
350 1119 437 1189 tooiot
447 1136 501 1185 nos
511 1120 575 1179 uite
584 1125 699 1185 eterne
709 1110 884 1193 adjudicari,
938 1133 1006 1177 tuus
1020 1117 1050 1173 in
1066 1117 1153 1175 odore
1164 1122 1382 1191 unguentorum
1397 1121 1515 1174 tuorum
1527 1117 1618 1191 (Ceut.
1631 1116 1680 1190 ri.»
1692 1116 1766 1173 Con·

50 1210 196 1286 largiente
223 1209 347 1279 βοωιιιο
371 1213 472 1275 nostru
495 1208 566 1273 Jteu
590 1208 720 1277 Christe,
741 1208 792 1282 qui
816 1224 884 1277 curn
937 1205 1086 1265 venienter
1100 1210 1200 1271 autem
1216 1206 1319 1263 aittdt
1331 1207 1381 1279 ties
1394 1207 1427 1264 de
1441 1207 1533 1265 radice
1550 1209 1609 1282 ejus
1632 1207 1766 1276 urceum,

55 1300 179 1367 intueat
189 1299 301 1374 Spiritu
315 1303 418 1363 uncto
427 1296 537 1364 uiuitet
552 1302 655 1372 regnet
665 1297 745 1362 Deus
759 1314 810 1371 por
825 1313 886 1361 utu·
939 1294 1079 1370 quoniam
1095 1311 1154 1357 non
1170 1295 1206 1352 de
1221 1295 1338 1353 insitivo
1352 1294 1481 1365 surculo,
1494 1296 1545 1353 sed
1562 1296 1597 1354 de
1607 1295 1670 1352 sota
1680 1310 1768 1352 earne

57 1387 108 1459 uie
120 1388 228 1458 secute
242 1388 427 1455 aetolorum,
442 1389 545 1451 enen.
938 1381 1069 1458 Virginis
1084 1382 1148 1441 sine
1175 1399 1262 1459 opere
1276 1382 1353 1441 uirili
1377 1388 1535 1458 conceptus
1564 1388 1609 1442 est
1623 1383 1765 1441 Christus.

209 1478 267 1544 i't'to
280 1477 340 1545 diui
352 1477 478 1543 ttutdtiae
489 1493 540 1550 por
554 1477 727 1541 uersurum.
939 1471 1150 1535 Convenieuter
1165 1488 1283 1548 qnoque
1307 1472 1359 1541 ait,
1380 1473 1514 1542 anecdot,
1532 1472 1671 1547 quoniam
1686 1472 1769 1529 (thri-

90 1564 130 1695 fitpi
146 1562 287 1629 usuoiu
301 1581 369 1634 οιιιιι
384 1567 463 1629 unt
473 1581 551 1631 ιιιιιιιι
561 1581 597 1631 οι
607 1562 889 1646 septuagintadies.
940 1565 1005 1627 etus
1020 1561 1126 1627 merito
1141 1560 1320 1619 humilitatis
1334 1560 1521 1621 altitudinem
1534 1562 1651 1620 virtutis
1665 1578 1768 1619 aseen-

74 1654 94 1699 u

52 1653 71 1764 ς
108 1653 145 1707 to,
162 1641 265 1719 Ptflitt
279 1636 418 1725 undosior
442 1635 585 1715 apostolis
606 1636 809 1717 duodecimus,
823 1632 888 1719 luto
940 1649 993 1720 dit,
1005 1666 1064 1707 uon
1078 1648 1175 1715 solum
1191 1652 1224 1709 ut
1237 1654 1315 1708 esset
1337 1656 1426 1724 eaput
1449 1651 1540 1708 tetius
1554 1649 1700 1720 deniesiae,
1716 1650 1769 1707 sed

73 1707 139 1769 edu
154 1707 323 1787 proditoris,
345 1712 558 1776 annumeratus
576 1711 622 1764 est
635 1712 703 1778 (Act.
720 1711 752 1777 ι).
767 1705 839 1771 time
854 1722 884 1761 ιιι

51 1778 194 1836 immo„
217 1778 439 1853 mmmmm
467 1778 580 1852 nyseus
609 1778 699 1835 maris
727 1782 840 1862 portus,
858 1737 1030 1857 Θὶιὶοιὶιιιιι
1044 1738 1176 1807 ascendit
1191 1754 1280 1814 super
1294 1738 1448 1797 cherubim
1464 1745 1493 1797 et
1508 1739 1700 1840 seraphim-et
1714 1755 1767 1795 su.

52 1849 161 1909 Phasis
174 1850 283 1907 fluuius
304 1855 359 1917 est,
375 1850 516 1907 omnibus
533 1849 667 1906 herberie
681 1853 711 1906 ot
724 1848 890 1906 carnivoris
941 1827 1095 1903 901'0oe102
1111 1826 1248 1887 ⁰ffll⁰ffl¹1¹
1274 1845 1367 1901 usque
1383 1829 1421 1885 &d
1441 1832 1536 1886 P⁸t¹⁸¹⁸
1560 1828 1767 1902 oequfflstssfflfflo

73 1922 225 1989 rediesrit
239 1922 441 1996 druuqetium.
459 1921 592 1988 Mortuus
615 1926 659 1988 cot
681 1925 778 1988 antem
795 1920 825 1976 in
841 1919 890 1988 Se-
941 1916 1026 1983 nobie
1036 1915 1204 1992 relinquens
1214 1915 1381 1990 exemplum
1395 1921 1429 1977 ut
1437 1934 1602 1976 mereamur
1612 1917 1769 1979 ascendero

53 1940 211 2075 iastopoIi,
223 1992 321 2073 ibique
336 2010 427 2073 prope
443 1991 587 2071 templum
603 1991 680 2051 Solis
696 1991 841 2071 sepultus.
942 2006 978 2070 qd
993 2004 1132 2067 emiorum
1148 2003 1345 2067 alorudinem,
1772 2066 1777 2075 .

442 2099 501 2161 xv.
977 2093 1099 2163 Quantis
1122 2097 1219 2157 autom
1235 2095 1354 2155 doniea
1375 2095 1485 2170 Spiritu
1510 2100 1611 2155 sancto
1635 2101 1714 2154 esset
1737 2095 1771 2152 il·

209 2205 240 2251 ip
260 2205 494 2254 nonnumquam
513 2203 611 2253 anam
628 2203 737 2254 mern,
941 2181 1114 2249 lustceurdus
1128 2185 1267 2257 ostendit,
1284 2201 1352 2250 cum
1367 2186 1467 2242 subdit
1484 2203 1490 2242 :
1510 2192 1542 2245 ur
1559 2189 1707 2259 requiescet
1719 2203 1770 2242 ou·

91 2275 255 2348 deraditur
268 2279 349 2348 uirou
368 2277 402 2342 de
421 2276 514 2343 rudius
532 2279 616 2346 terso,
631 2284 657 2341 tt
670 2278 720 2348 tior
742 2275 775 2342 do
798 2275 890 2344 rodite
939 2288 990 2346 per
1004 2288 1067 2331 eum
1080 2273 1203 2347 Spiritus
1222 2276 1344 2331 Domini.
1361 2274 1424 2332 Non
1440 2275 1536 2331 solum
1551 2277 1629 2332 enim
1644 2275 1770 2349 Spiritus

60 2367 120 2439 eju
134 2365 527 2439 memdetdsnottetuttie
542 2363 891 2433 verbiqiretreochacie·
943 2365 1075 2430 euectus,
1091 2361 1143 2425 sed
1167 2362 1256 2421 etiam
1285 2367 1347 2420 tota
1375 2363 1504 2420 Trinitas
1520 2364 1550 2420 in
1567 2363 1771 2421 homineJesu

58 2455 140 2528 simi,
156 2453 289 2528 prodixit
314 2453 383 2519 olim
410 2454 503 2521 Isaiae
528 2453 672 2528 prophete
686 2453 835 2522 conatum
858 2454 888 2519 iu
942 2449 1056 2511 Christo
1070 2451 1238 2525 requiescit,
1252 2450 1281 2508 id
1297 2455 1342 2509 est
1355 2456 1505 2526 gratanter
1520 2453 1656 2526 quiescit.
1673 2454 1706 2508 ln
1720 2469 1771 2508 en·

58 2559 149 2600 earne
162 2548 330 2611 venturum,
342 2543 498 2609 ostendeus
509 2543 578 2613 triu,
594 2543 706 2610 soilieet
720 2543 797 2607 uode
810 2545 890 2609 esset
943 2539 1014 2607 teris
1030 2539 1139 2614 quippe
1162 2539 1333 2599 homiuibus
1357 2540 1469 2612 aliquid
1485 2548 1530 2598 est
1549 2542 1627 2615 quod
1651 2541 1710 2598 Deo
1724 2541 1770 2598 di·

58 2631 341 2706 utiundus,quuotis
355 2629 442 2695 denis
457 2648 474 2694 ι
489 2631 602 2706 Spiritu
616 2635 718 2699 saneto
733 2633 810 2697 esent
824 2629 890 2695 iltu-
943 2628 1061 2704 oplieet3
1076 2628 1107 2687 in
1123 2628 1237 2689 Christo
1266 2632 1363 2692 entem
1392 2629 1467 2686 nihil
1494 2633 1539 2687 est
1559 2630 1603 2688 uei
1619 2631 1675 2688 suit
1689 2630 1769 2703 quod

59 2717 364 2793 struduo,etquelio
377 2734 447 2792 arga
469 2717 543 2783 otios
558 2722 636 2783 esset
655 2718 784 2785 iuturus.
801 2716 890 2779 Porro
943 2717 1002 2789 Deo
1017 2716 1231 2791 beneplacitum
1258 2734 1315 2785 noo
1341 2717 1389 2788 sit,
1405 2722 1479 2775 teste
1502 2722 1587 2776 Patre
1602 2719 1652 2792 qui
1676 2719 1711 2776 de
1734 2735 1768 2778 eo

60 2808 139 2876 uude
160 2812 239 2871 oret
262 2807 406 2871 ertantur
430 2806 527 2882 ptimo
551 2807 680 2873 ostendit
702 2823 769 2868 uum
793 2805 888 2877 etrite
943 2805 1016 2871 dixit
1031 2823 1056 2862 :e
1073 2805 1126 2865 liic
1149 2809 1193 2868 est
1208 2805 1300 2864 Filius
1314 2822 1399 2865 meus
1414 2806 1551 2877 dilectus,
1565 2807 1596 2864 in
1620 2824 1678 2881 quo
1692 2808 1768 2865 mihi

58 2896 357 2975 teutonorum
372 2895 563 2969 euticetem,
578 2896 665 2966 utico
678 2895 712 2960 do
727 2895 890 2971 reticeatur
944 2896 1016 2959 tene
1030 2893 1195 2970 complaoui
1205 2897 1316 2967 (Mutet.
1328 2896 1399 2969 rut.»
1410 2896 1469 2954 Noe
1484 2912 1564 2970 ergo,
1580 2898 1683 2954 tratres
1698 2896 1767 2966 mei,

59 2985 194 3051 ww·
209 2984 419 3063 Moiuphoritu,
438 2985 543 3049 stauos
567 2983 636 3056 moi,
652 2988 738 3045 vocet
760 2984 890 3055 toditem
944 3000 1031 3046 enine
1045 2983 1123 3058 quod
1148 2982 1207 3040 Deo
1230 2983 1368 3058 displicet
1389 2984 1579 3042 excludamus
1595 2983 1718 3042 anobis.
1737 2983 1767 3040 Si

59 3089 162 3144 ιοιιιοιι
175 3073 259 3138 iesse
273 3072 365 3151 patris
380 3073 488 3143 Devid;
499 3072 612 3149 virgam
622 3089 689 3137 vero
704 3073 819 3137 emtam
828 3072 890 3140 Vir·
943 3072 1078 3139 volumus
1094 3072 1172 3146 quod
1192 3072 1270 3131 Deus
1288 3074 1453 3147 requiescat
1467 3075 1497 3130 in
1514 3074 1609 3143 nobis,
1625 3073 1768 3133 evitemus

58 3159 207 3243 pinemot
220 3162 322 3225 florem
331 3162 494 3227 Christum·
505 3161 599 3228 uate
609 3161 771 3237 quippeest
785 3161 846 3233 imo
859 3150 925 3227 etc
943 3165 1062 3236 peecata
1076 3177 1128 3234 per
1143 3177 1207 3234 qun
1229 3161 1307 3219 Deus
1326 3164 1472 3221 excutitur
1486 3180 1504 3219 a
1518 3163 1613 3220 nohis.
1630 3162 1769 3235 Sequitur

59 3247 176 3319 occulta
185 3249 215 3311 in
227 3253 316 3328 terrm
327 3255 357 3314 et
364 3256 465 3313 tomen
476 3268 555 3317 euos
569 3249 664 3325 surgit
673 3250 761 3311 arbor
770 3265 888 3325 magua.
943 3251 974 3309 iu
989 3254 1070 3309 textu
1087 3266 1094 3307 :
1113 3249 1236 3324 Spiritus
1258 3253 1404 3325 sapientior
1425 3261 1452 3310 et
1476 3253 1638 3322 inretiectus,
1654 3253 1769 3326 spiritus

59 3336 108 3403 Sio
123 3338 214 3417 stirps
228 3338 311 3407 Jeese
326 3339 383 3407 tuit
395 3338 457 3405 ime
481 3344 511 3408 et
534 3338 659 3406 occulto,
672 3338 812 3412 quonium
827 3336 889 3416 pte·
943 3339 1054 3399 comitii
1067 3347 1094 3396 et
1105 3339 1292 3413 tortitudinis,
1308 3343 1422 3414 spiritu
1449 3342 1575 3399 ruentis
1602 3347 1628 3398 et
1649 3341 1769 3415 pietatis,

60 3425 310 3505 bouumttesee,
322 3428 352 3493 id
366 3432 411 3489 est
426 3427 537 3492 nulline
553 3427 728 3498 nominie,et
742 3430 840 3492 ιιιιιοιι
856 3443 891 3493 οι
943 3428 1092 3502 etreptrtit
1102 3429 1405 3501 cumopiritustimoris
1414 3429 1770 3487 Domiut.Unusestenim
1846 3435 1848 3441 '

59 3531 94 3575 eu
109 3519 180 3583 note
192 3520 239 3578 est
252 3516 359 3597 regetis
374 3517 460 3579 linea.
473 3517 507 3576 ut
518 3517 596 3583 sieut
610 3516 772 3583 nesciretur
781 3514 831 3580 uhi
844 3531 889 3580 es·
944 3517 1078 3592 spiritus,
1095 3516 1146 3574 sed
1161 3516 1275 3574 diversa
1302 3520 1371 3574 sunt
1393 3517 1457 3590 ejus
1481 3518 1568 3575 dona.
1585 3519 1639 3586 Qui
1664 3534 1771 3587 nomen

60 3607 106 3664 set
119 3604 213 3674 rudis,
224 3603 282 3667 uisi
296 3610 416 3686 propter
428 3607 563 3668 arborem
579 3604 648 3663 inde
658 3609 837 3681 surgentem,
849 3603 892 3672 itu
945 3622 1032 3667 suum
1049 3604 1135 3665 donis
1151 3605 1213 3663 suis
1228 3605 1293 3662 ideo
1303 3606 1417 3676 tribuit,
1430 3608 1569 3680 quoniam
1582 3624 1617 3665 ea
1630 3607 1660 3663 in
1672 3606 1771 3680 aliquo

60 3691 143 3755 niue
155 3693 263 3755 notitia
278 3694 402 3759 eesetde
416 3694 510 3764 iesse,
522 3693 581 3759 nisi
596 3709 648 3769 pec
658 3692 768 3767 regium
783 3693 891 3759 lineam
945 3712 1099 3770 nunquam
1118 3693 1303 3768 derelinquit.
1312 3695 1366 3762 Qui
1374 3695 1452 3752 enim
1463 3696 1552 3753 habet
1560 3696 1771 3770 denespiritus

59 3798 95 3847 ex
111 3797 145 3840 eo
161 3781 377 3855 procedentem.
386 3783 476 3860 Virgo
486 3798 604 3861 quoque
615 3786 661 3845 est
671 3781 771 3859 plaut.
783 3783 890 3861 virens,
945 3784 1050 3855 suncti,
1062 3783 1152 3842 hebet
1162 3782 1304 3858 Spiritum
1315 3787 1462 3855 sanetum,
1473 3786 1502 3842 ot
1513 3784 1564 3858 qui
1579 3784 1667 3842 habet
1681 3784 1772 3859 Spiri-

59 3873 142 3939 reeta
152 3873 181 3931 ut
190 3871 327 3931 rotunda.
339 3869 387 3935 Sic
400 3871 488 3935 beuta
494 3871 583 3949 uirgo
593 3870 650 3930 ruit
663 3869 751 3944 ριοιιο
760 3870 797 3931 ab
810 3870 891 3937 omni
944 3877 1009 3945 turn
1020 3872 1264 3943 sanctum‚hobet
1273 3874 1337 3946 ejus
1347 3873 1434 3941 duna,
1444 3874 1606 3948 presertim
1617 3891 1684 3931 cum
1697 3871 1770 3939 nihil

58 3957 138 4020 nudo
148 3956 297 4029 uitiorum,
307 3959 365 4022 tuit
374 3957 472 4021 uirens
484 3960 564 4023 omui
575 3958 670 4024 virore
681 3957 893 4036 uirtutum,iuit
944 3961 1025 4030 eliud
1036 3961 1075 4021 eit
1086 3962 1228 4037 Spiritum
1239 3966 1374 4021 sanctum
1385 3963 1599 4037 habere,quem
1614 3964 1679 4037 ejus
1694 3963 1771 4031 done

60 4052 142 4109 route
157 4047 334 4111 rectitudine
348 4045 532 4121 inundent,
547 4047 603 4109 iuit
617 4047 744 4109 rotunde
756 4046 893 4116 rotundiv
945 4049 1064 4111 hebere.
1076 4049 1163 4109 Porro
1173 4049 1204 4105 in
1217 4050 1339 4109 Domino
1351 4054 1451 4109 nostro
1467 4056 1539 4110 suut
1552 4057 1676 4126 septem,
1686 4051 1715 4107 id
1726 4053 1771 4109 est

60 4139 120 4204 tate
131 4136 332 4212 perfeetionis.
342 4137 376 4200 In
386 4137 455 4201 tiore
463 4153 530 4196 vero
539 4140 610 4196 sunt
620 4137 685 4210 tria,
693 4135 891 4214 pulchritudo,
946 4137 1047 4203 omnia
1060 4138 1137 4195 dona
1147 4138 1276 4211 Spiritus
1291 4138 1396 4196 saneti.
1406 4139 1511 4197 Omnia
1520 4141 1627 4214 quippe
1638 4140 1727 4197 habet
1739 4138 1770 4196 in

61 4225 136 4285 udor
150 4227 179 4286 et
200 4241 278 4300 spes.
296 4225 329 4287 ln
350 4225 468 4290 tihrieto
484 4242 602 4304 quoque
627 4225 682 4287 suit
705 4223 893 4303 pulchritudo
945 4227 1254 4303 potestate,quieaeui
1266 4226 1433 4301 vuitpotest
1444 4229 1523 4299 dare,
1535 4230 1586 4285 sed
1600 4228 1629 4284 in
1642 4247 1697 4287 usu
1712 4245 1771 4287 non

61 4311 196 4377 omnium
211 4313 365 4378 uirtutum.
380 4313 462 4379 Unde
473 4315 509 4379 de
520 4331 553 4374 eo
564 4314 708 4388 scriptum
723 4316 769 4376 est
783 4331 808 4370 :e
825 4314 894 4392 Spe·
944 4316 1045 4386 habet,
1061 4314 1118 4372 nisi
1133 4331 1167 4373 sa
1180 4332 1244 4390 que
1260 4320 1375 4390 oportet
1389 4333 1457 4372 eum
1472 4316 1589 4374 habere.
1600 4317 1772 4375 Poenitentie

61 4489 126 4565 ipso
142 4507 259 4569 quoque
272 4492 330 4553 tuit
345 4493 417 4557 odor
430 4492 565 4559 omnium
579 4492 723 4555 bonarum
738 4490 889 4571 virtutum.
905 4518 930 4587 D
947 4494 1123 4570 senatique
1136 4492 1270 4550 Christus
1286 4493 1315 4550 in
1331 4511 1362 4550 se
1377 4511 1435 4550 non
1451 4494 1548 4564 hebet,
1560 4494 1700 4567 quoniam
1713 4510 1771 4551 uon

62 4574 144 4638 Unde
159 4577 195 4637 de
209 4595 243 4638 oo
258 4577 402 4661 scriptum
428 4584 473 4641 est
485 4598 510 4638 :u
521 4581 594 4639 Ecce
614 4581 686 4638 odor
709 4578 764 4639 ulii
778 4579 836 4643 nei
851 4580 892 4637 si·
945 4587 1067 4660 oportet.
1078 4582 1209 4639 Primum
1221 4581 1332 4639 donum
1345 4592 1387 4640 est
1399 4583 1727 4657 sapientiedivmorum,
1740 4584 1774 4638 ut

62 4668 114 4729 cut
128 4665 201 4729 odor
221 4666 285 4747 egri
308 4667 398 4744 pieni,
414 4668 462 4729 eui
485 4668 636 4733 benedixit
655 4668 800 4727 Dominus
814 4668 891 4739 (Gerr.
945 4672 1049 4735 notitia
1064 4671 1205 4728 trinitatis
1220 4670 1250 4726 in
1266 4671 1387 4742 unitate,
1403 4678 1433 4729 et
1450 4672 1571 4729 unitatis
1586 4673 1616 4728 in
1631 4670 1771 4737 trinitate,

61 4754 226 4827 ”intulit
248 4755 279 4813 iu
303 4756 459 4837 Evangelio
481 4757 609 4833 legimus
634 4757 775 4830 quonium
792 4778 806 4817 κ
821 4757 896 4824 abitt
947 4764 975 4819 et
989 4760 1095 4818 notitia
1119 4760 1286 4816 divinorum
1312 4765 1484 4826 seretorum,
1512 4760 1616 4817 notitia
1643 4758 1771 4830 creandi,

62 4841 163 4917 opinio
183 4845 247 4916 eius
274 4862 326 4918 per
354 4849 446 4909 totam
470 4846 619 4927 regionem
645 4847 747 4921 (Mutii
765 4847 893 4922 tv).n1n
947 4846 1147 4916 conservandi,
1161 4846 1353 4920 propagandi,
1370 4850 1399 4902 et
1419 4830 1601 4920 gutiernandi
1625 4847 1771 4904 universa.

63 4930 228 5009 ipnoetiam
239 4934 296 4995 tuit
306 4938 389 4997 eteet
402 4952 471 5015 spes
486 4936 599 4997 fructus
614 4936 724 4994 eterni.
735 4935 816 5000 Unde
831 4936 894 5016 ipse
948 4936 1029 5002 Quod
1045 4936 1156 4993 donum
1173 4936 1240 5009 quis
1255 4935 1351 5009 megis
1372 4936 1477 4992 hebuit
1491 4953 1579 5009 quam
1601 4936 1650 4993 ille
1665 4936 1716 5010 qui
1730 4952 1774 4994 ee

62 5024 186 5083 vocatur
214 5038 231 5079 a
259 5022 410 5097 prophetis
445 5025 630 5098 inspectatio
659 5024 792 5103 gentium
817 5024 893 5098 (ch.
946 5023 1163 5088 sontialiterest
1177 5024 1383 5098 sapientiaDei
1395 5024 1500 5095 Patris,
1512 5026 1601 5100 etqui
1612 5043 1679 5083 cum
1690 5026 1774 5083 Patre

62 5112 151 5180 mx),
166 5115 195 5175 ui
215 5110 404 5173 Desideratus
433 5113 547 5179 eunctis
574 5113 721 5190 gentibus*
741 5114 821 5186 (App.
850 5117 893 5186 ιι).
949 5113 1108 5172 nbeurno
1129 5115 1229 5171 omnia
1250 5114 1408 5187 disposuit,
1424 5117 1453 5172 et
1477 5115 1506 5171 in
1531 5114 1776 5190 tempereomuia

65 5196 155 5258 Porro
164 5203 234 5264 tnnc
243 5206 365 5261 uocatur
380 5201 435 5266 ssas
445 5221 451 5273 ;
462 5206 673 5265 uunevocatur
683 5202 806 5267 fructuos.
818 5207 894 5271 Quo·
949 5205 1037 5272 orest,
1050 5206 1201 5259 conservet
1212 5207 1242 5259 et
1256 5202 1395 5277 regitiitt
1410 5208 1508 5261 tamen
1524 5205 1603 5263 istud
1619 5206 1728 5262 donum
1744 5204 1775 5261 in

64 5286 147 5347 nium
163 5287 226 5362 ipse
241 5288 292 5361 qui
308 5289 454 5357 moisen
475 5291 532 5350 iios
545 5292 577 5351 in
596 5291 654 5361 uis,
664 5290 723 5353 erit
737 5291 850 5351 fructus
865 5291 896 5355 in
949 5296 1081 5364 tempore
1094 5294 1268 5363 accepturus
1284 5291 1401 5364 dicitur,
1414 5294 1553 5366 quoniam
1569 5296 1647 5368 quod
1661 5297 1723 5352 eret
1737 5291 1773 5365 ei,

66 5374 268 5456 patriu,Nuuc
281 5377 361 5445 euim
376 5377 595 5453 pulchritudino
608 5395 732 5447 suerum
743 5379 896 5453 uirtutum,
950 5380 1115 5444 secundum
1130 5381 1209 5456 quud
1223 5380 1301 5440 Deus
1316 5386 1421 5442 nature
1435 5387 1489 5456 est,
1502 5385 1613 5443 iactum
1628 5389 1673 5443 est
1686 5383 1713 5442 ei
1727 5399 1776 5441 ee·

100 5551 141 5630 (6)
156 5549 278 5629 susm,
294 5553 347 5619 lib.
363 5559 392 5630 2,
407 5573 468 5643 cop,
484 5557 512 5641 t,
525 5545 602 5622 Hist.
618 5557 725 5632 socies,
778 5598 784 5611 .

233 5681 370 5752 Ριιιοι.
391 5683 478 5753 out.
1587 5690 1643 5768 χχ
