3816 6006
46 280 52 287 “
111 274 154 336 87
585 281 775 344 COSCELlN
781 284 788 340 l
812 283 1128 347 caaruaatattsts
1149 284 1340 347 Mcaacttt.
1774 285 1816 352 88

110 407 177 476 bus,
192 413 221 465 ct
236 409 335 465 omnia
350 390 447 466 rerum
464 409 580 484 gaudia,
598 411 705 468 Christi
728 413 931 469 resurrectioni
946 417 973 482 Α
988 415 1082 471 sancti
1098 416 1235 490 martyris
1250 415 1306 489 (95)
1321 416 1700 476 ltenslmiWinoltelcumbe
1710 421 1783 492 prat
1800 452 1812 463 ·

111 501 141 553 et
154 497 342 570 paschalibus
357 500 461 555 diebus
478 499 639 556 resultant:
657 501 708 556 tali
724 518 851 574 namque
866 505 936 557 tem·

111 603 181 658 porc
196 587 293 643 decuit
309 588 368 644 hac
383 589 468 645 beata
479 585 844 663 pignorareperiri,qaaein
853 594 934 646 ater·

112 691 180 730 nam
195 675 319 748 gloriam
335 695 408 735 notro
423 678 495 734 coelo
511 685 539 734 et
554 696 628 734 nova
642 685 719 735 terra
734 680 841 735 debent
856 696 936 735 resu-

112 762 223 820 scitari.

150 854 193 909 11.
210 855 342 929 Congrue
358 857 445 913 etiam
462 859 581 931 provida
597 859 645 913 Dei
664 856 768 931 gratia,
785 860 866 913 tanto
887 856 934 912 lu·

115 941 193 998 mine
208 944 364 1016 declarato,
383 948 445 1019 ipso
463 949 565 1004 iratres
581 948 681 1003 eodem
696 946 742 1001 die
753 944 934 1012 exhilaravit,

114 1046 174 1103 quo
188 1049 238 1088 cos
251 1035 309 1104 jam
327 1038 435 1091 exactis
451 1038 550 1092 decem
567 1036 652 1091 annia
667 1036 766 1090 obitus
778 1033 935 1091 clarissimi

115 1120 198 1177 ducis
214 1123 268 1195 (91)
283 1123 450 1191 Ethelvvini,
463 1126 627 1180 t'undatoris
638 1123 936 1180 Ramcsieusiscoeno

115 1207 166 1276 bii,
184 1211 374 1280 destituerat;
392 1230 479 1285 quem
495 1213 935 1286 hierelpauciscommemorarc

115 1299 151 1355 ad
176 1301 301 1372 gratiam
327 1302 420 1376 ipsius
440 1304 565 1376 pertinet
581 1302 723 1359 Ecclesia.
740 1302 818 1358 luter
833 1308 936 1357 cetera

114 1387 220 1455 oracta,
237 1390 936 1458 hacmonasteriurn,annuentcbeatissimoCbo·

111 1477 936 1552 raeipontillceOsvvaldo,cucpitetperlecit3prediorum·

989 507 1088 572 cerat,
1105 503 1184 561 filius
1200 521 1317 578 qaoque
1332 505 1437 579 Edgari
1462 511 1613 585 successor
1638 508 1810 564 Ctbelrcdus
1859 564 1861 568 ,

989 592 1813 671 canobio(eetcetestgeproposaerat;quodsuggesttona

989 681 1199 756 archicpiscopi
1215 683 1270 756 (97)
1285 683 1380 751 Siriei,
1398 688 1519 756 paterna
1535 685 1642 758 pietate
1657 690 1810 742 canarno·

989 775 1052 825 tum
1067 776 1097 826 et
1111 772 1240 827 dicatum
1257 773 1420 839 monachis,
1437 773 1631 841 ordinaverat,
1648 790 1700 847 pro
1718 773 1813 830 sancti

989 858 1088 916 fratris
1104 861 1160 928 sui,
1176 861 1288 917 scilicet
1302 863 1451 927 Edwardi,
1468 862 1557 936 regali
1574 863 1713 936 martyrio
1724 867 1814 935 etpro

990 949 1071 1021 regni
1094 966 1188 1005 muro.
1214 951 1285 1007 Cum
1309 950 1363 1006 hoc
1379 967 1447 1025 ergo
1463 950 1577 1025 egregio
1592 956 1725 1008 consorte
1741 943 1811 1008 Ger·

990 1055 1077 1094 mano
1092 1038 1227 1112 egregius
1244 1039 1326 1095 Pater
1340 1039 1504 1111 Ed'aothus,
1521 1041 1652 1097 oratione
1666 1044 1695 1096 et
1721 1039 1813 1096 absti-

991 1126 1090 1182 nentia
1115 1128 1275 1199 premisse,
1302 1143 1368 1200 rege
1383 1132 1413 1184 et
1428 1129 1572 1202 episeopis
1588 1129 1763 1196 laventibus,
1781 1130 1812 1185 S.

989 1215 1116 1271 Yvonem
1132 1215 1283 1272 transtulit
1297 1218 1326 1272 in
1343 1218 1532 1274 Ramesiense
1547 1216 1760 1274 habitaculum.
1777 1216 1812 1272 lli

989 1303 1098 1378 gemini
1109 1304 1239 1373 abbates,
1248 1304 1327 1361 velut
1335 1305 1444 1380 gemini
1453 1306 1540 1362 boves
1551 1305 1671 1376 Christi,
1680 1302 1815 1362 ferebant

990 1406 1087 1449 arcam
1103 1394 1270 1448 testamenti
1280 1392 1341 1461 Dei,
1352 1394 1381 1450 S.
1391 1394 1520 1450 Yvoaem
1530 1393 1703 1451 antistitem.
1712 1392 1813 1451 Ceteri

990 1481 1094 1537 tratres
1109 1481 1158 1554 qui
1175 1487 1377 1550 convenerant,
1394 1482 1524 1555 reliquos
1539 1488 1657 1539 sanctos
1671 1475 1739 1539 cum
1762 1480 1814 1538 illo

113 1581 170 1638 que
180 1571 208 1622 et
217 1574 455 1626 ornamentorum
466 1570 625 1643 opulentia,
638 1573 671 1625 ut
682 1569 823 1626 hactenus
834 1568 933 1635 claret,
989 1575 1119 1644 repertos
1134 1571 1304 1626 evehebant.
1322 1571 1427 1644 lugens
1442 1571 1529 1627 turba
1538 1570 1734 1644 prosequitur,
1744 1585 1814 1627 rura

113 1656 225 1727 extulit,
251 1659 521 1732 monachorumque
545 1658 769 1715 contubernium
794 1657 934 1723 instituit,
990 1664 1019 1716 et
1033 1659 1140 1733 oppida
1154 1659 1211 1716 huc
1227 1661 1398 1729 conlluunt;
1413 1658 1607 1733 viripotentes
1623 1660 1720 1716 oamdi
1743 1672 1816 1716 ertit·v

113 1748 275 1817 martyrum
292 1765 407 1820 quoque
423 1749 613 1822 gemellorum
625 1749 681 1819 (92)
692 1746 837 1803 Ethelredi
849 1751 935 1818 atque
990 1753 1140 1805 currentes
1156 1748 1279 1822 populos
1293 1749 1465 1806 admittunt.
1483 1748 1585 1805 Preces
1600 1753 1628 1805 et
1643 1747 1815 1822 hymnileu·

112 1817 937 1909 athelbrictigermanorumcorporibusillustravtujaml
990 1837 1085 1894 disoni
1102 1854 1168 1892 aera
1183 1837 1811 1910 gratificant:coelumipsumsanctislavars,

113 1936 170 1993 que
194 1924 230 1978 ad
255 1923 434 1980 altissimum
460 1924 622 1997 principem
645 1923 780 1997 pulsante
795 1923 935 1995 languore
989 1925 1032 1982 sol
1057 1925 1126 1982 totis
1151 1925 1241 1982 radiis
1264 1927 1430 1999 adgaudere
1448 1917 1612 1993 vitabatur,
1628 1926 1701 1982 adeo
1717 1926 1813 1982 dulcis

111 2011 278 2067 vocabatur.
296 2013 350 2079 Qui
365 2031 382 2068 a
395 2014 426 2068 B.
438 2013 493 2086 (93)
501 2013 600 2086 llltego
608 2017 678 2068 tunc
687 2011 820 2085 presule,
830 2011 934 2068 deinde
989 2013 1062 2070 hora
1075 2018 1104 2070 et
1119 2014 1181 2070 dies
1197 2032 1300 2070 serena
1315 2013 1461 2071 illuxerat.

112 2104 249 2173 martyre,
266 2102 447 2158 confessione
462 2101 588 2172 solutus,
609 2100 672 2157 oleo
695 2104 812 2167 unctus,
836 2099 935 2156 divina
1024 2102 1068 2158 13.
1083 2102 1227 2158 asserunt
1241 2102 1330 2158 etiam
1346 2102 1478 2176 plerique
1492 2100 1593 2158 fideles
1607 2101 1684 2175 quod
1696 2100 1813 2159 totoiti·

111 2189 316 2245 communionc
332 2193 466 2257 retectus,
483 2191 540 2246 tine
555 2194 676 2262 argente
691 2188 864 2260 suppliciter
871 2194 935 2244 orat
988 2207 1057 2246 nere
1071 2189 1163 2260 huJus
1179 2191 1286 2247 lestivae
1297 2190 1510 2258 translationis,
1522 2190 1658 2247 columba
1668 2189 1813 2247 candidis·

111 2281 240 2333 astantes
257 2283 369 2351 septem
387 2279 517 2351 psalmos
533 2279 688 2334 decantare
706 2275 931 2350 poenitentiales.
988 2279 1064 2334 sima
1078 2279 1305 2350 supervolaverit
1315 2279 1431 2351 glebam
1444 2279 1606 2335 beatissimi
1616 2279 1737 2350 Yvonis,
1747 2285 1809 2335 tam

109 2363 161 2421 llis
185 2366 276 2423 finitis
301 2368 427 2441 imponit
448 2373 612 2423 extromum
629 2365 761 2422 Psalterii
778 2381 931 2439 organum,
988 2366 1205 2439 contemplabili
1223 2367 1384 2423 maltorum
1399 2367 1551 2437 miraculo,
1568 2372 1601 2424 ut
1615 2382 1680 2425 cam
1696 2367 1812 2424 coelitus

108 2455 229 2512 [cadiae
244 2459 402 2513 Decianum.
419 2457 473 2512 Ubi
489 2454 832 2512 veroultimumverbum
842 2453 933 2525 hujus
987 2456 1139 2513 advenisse
1150 2457 1178 2511 in
1188 2456 1811 2530 gratiamSanctiomniumessotattestatio.

108 2541 204 2598 ultimi
220 2544 320 2616 hymni
338 2546 490 2609 cauebant,
507 2545 570 2616 ipse
584 2549 681 2598 mente
695 2547 723 2598 ct
739 2542 832 2598 oeulis
859 2542 931 2598 coelo
987 2542 1121 2600 Occurrit
1133 2558 1200 2599 eum
1217 2542 1329 2615 reliqua
1337 2537 1421 2615 plebe
1430 2543 1628 2600 Ramesisusis
1637 2547 1761 2610 caterva,
1771 2542 1812 2600 al·

109 2630 241 2688 intentus
257 2649 324 2688 cum
339 2632 381 2689 eis
396 2632 593 2705 psallebatur
601 2631 686 2687 tertio
696 2631 827 2703 repetiit:
839 2629 933 2687 Omnis
987 2631 1033 2688 bis
1041 2632 1209 2698 candidata,
1220 2637 1248 2687 et
1256 2631 1412 2703 purpureis
1420 2632 1572 2688 ornatibus
1581 2632 1726 2700 redimita,
1736 2644 1809 2705 prar-

109 2720 224 2791 spiritua
239 2722 331 2778 territet
344 2723 498 2779 Dominam.
517 2721 622 2792 Sisque
638 2720 667 2774 in
677 2719 836 2786 hocverbo,
846 2735 932 2775 eruce
986 2719 1083 2775 ferens
1096 2719 1240 2775 crucifera
1255 2718 1361 2775 Christi
1376 2718 1519 2777 vexillaet
1530 2719 1808 2794 aurata-Crangelie,

111 2806 226 2864 Domini
242 2828 272 2866 sc
288 2811 465 2882 consignans
481 2811 607 2877 dextera,
623 2814 652 2864 et
667 2807 767 2864 oculos
793 2807 932 2863 claudens
986 2811 1015 2864 ct
1029 2806 1183 2880 splendida
1197 2802 1365 2864 sanctorum
1381 2807 1499 2876 scrinia,
1515 2814 1543 2865 ct
1565 2807 1808 2866 candelabrorum

111 2896 243 2964 sinistra,
260 2900 395 2970 spiritum
412 2899 509 2954 emisit
524 2899 552 2953 in
570 2898 626 2952 tide
641 2895 793 2952 Trinitatis
808 2896 933 2953 etmise·
985 2895 1109 2962 lamina,
1135 2900 1164 2952 ct
1186 2895 1402 2952 thuribulorum
1429 2897 1548 2953 incensa
1562 2895 1766 2970 thymiamata,
1781 2903 1811 2953 et

111 2984 246 3053 ricordia,
262 2987 453 3061 sepaltusqae
469 2992 513 3043 est
523 2987 661 3042 incudem
671 2985 932 3057 monasterioqaod
986 2986 1128 3058 quidquid
1146 2985 1240 3058 potuit
1255 2987 1368 3042 devotio
1382 2985 1487 3042 votiva.
1499 2986 1640 3042 Cantibus
1651 2987 1808 3060 etoymba·

110 3074 302 3132 edificaverat
317 3083 417 3133 saacto
435 3077 511 3132 Patri
528 3076 679 3132 canedulo
692 3092 698 3129 :
713 3074 762 3147 qui
788 3073 864 3128 sicut
888 3072 929 3128 illi
985 3074 1022 3131 lis
1036 3080 1065 3131 et
1078 3074 1285 3131 tintinnabulis
1299 3079 1360 3130 teto
1368 3074 1491 3131 resultat
1499 3075 1611 3131 insula:
1622 3074 1811 3148 resplendent

109 3167 289 3223 mansionem
303 3167 514 3239 praeparatitia
526 3170 612 3228 terra,
624 3162 932 3237 itaabipsorecipien·
947 3152 968 3220 C
987 3163 1066 3223 silva
1080 3167 1109 3220 et
1124 3162 1257 3221 buznina.
1274 3163 1322 3220 Sic
1337 3163 1449 3237 angelis
1463 3162 1808 3236 desapcrexsultantibns

109 3254 165 3311 dus
180 3256 309 3311 creditur
323 3256 353 3309 in
370 3273 453 3310 stiam
472 3255 654 3309 mansionem
672 3269 841 3324 supernam,
858 3253 933 3308 inter
986 3269 1055 3309 eum
1070 3253 1199 3308 humano
1214 3253 1313 3317 choro,
1330 3251 1463 3325 pretiosa
1478 3249 1643 3325 margarite
1657 3251 1751 3307 votivo
1766 3251 1808 3306 in·

109 3345 320 3400 monachorum
337 3343 492 3409 consortia,
509 3343 622 3397 dicente
638 3340 931 3396 Salvatorisclemen·
986 3341 1120 3397 feruntur
1134 3341 1252 3412 templo.
1270 3343 1345 3396 Tum
1362 3342 1504 3414 hymnum
1518 3339 1744 3396 Ambrosianum
1761 3339 1809 3394 de-

77 3441 81 3445 '
108 3431 167 3487 tia:
184 3456 197 3481 «
211 3433 263 3498 Oui
275 3432 375 3505 recipit
379 3435 496 3502 justam
506 3431 534 3486 in
546 3431 662 3486 nornine
669 3429 742 3501 justi
748 3470 754 3494 ,
766 3431 930 3484 mercedem
985 3417 1105 3486 cautam
1120 3428 1284 3497 laudisone,
1301 3430 1406 3485 abbate
1421 3429 1557 3486 Ednotho'
1570 3433 1721 3503 gratanter
1734 3428 1807 3484 inei·

104 3519 180 3591 justi
196 3520 318 3591 accipiet
334 3521 445 3592 (iacula.
462 3538 489 3587 x,
506 3520 561 3590 51),
575 3541 589 3568 »
600 3517 769 3589 Hujusergo
780 3516 929 3572 tristitiam
984 3518 1092 3591 picato,
1112 3521 1144 3577 le
1155 3521 1240 3576 Deam
1256 3520 1410 3589 laudamus,
1427 3520 1650 3592 subsequantur
1675 3518 1809 3576 missalia

108 3608 220 3664 saneris
234 3608 336 3664 iisdem
352 3608 500 3674 Kalendis,
518 3612 551 3663 ut
566 3605 738 3676 dictumest,
749 3603 930 3661 abstersitil-
984 3607 1136 3676 solemnia,
1153 3612 1182 3664 ct
1196 3607 1259 3665 dies
1272 3608 1807 3681 S.Yvonistranslatiousquartaldas

106 3695 260 3753 luminatia
275 3698 306 3753 Β.
323 3697 440 3754 Yvonis.
983 3695 1064 3751 lunii
1080 3701 1260 3764 consecrata,
1273 3696 1415 3754 indicitur
1429 3702 1569 3770 perpetuo
1584 3696 1768 3754 celebranda.

216 3853 219 3858 ,
425 3784 542 3842 CAPUT
561 3783 609 3841 Ill.
1020 3787 1063 3841 ll.
1078 3788 1209 3859 Cumque
1224 3787 1335 3842 attatim
1345 3786 1581 3855 sollicitarentur,
1592 3785 1732 3859 quonlam
1743 3783 1805 3841 loco

200 3877 360 3931 Trirnalatio
375 3877 495 3946 eorporis
510 3874 538 3930 S.
557 3875 651 3930 l'aouia
668 3872 833 3928 Rammium.
983 3874 1133 3932 decentirs
1148 3892 1216 3932 oum
1231 3874 1481 3943 thesaurizarent;
1500 3875 1562 3948 ipse
1572 3874 1693 3948 pervigil
1705 3875 1808 3931 sutlra·

141 3965 185 4019 19.
200 3965 358 4038 Postquam
374 3962 595 4019 sanctissimam
612 3978 718 4033 corpus
734 3959 811 4016 beati
835 3957 928 4016 Patris
981 3965 1065 4035 gatar
1078 3964 1148 4030 Yvo,
1165 3968 1253 4020 noctu
1267 3962 1559 4020 visuscuidamlratri
1570 3962 1809 4032 devetademan·

104 4047 927 4125 Yvonis,divinituspraemunstratam‚divinaaspiratione
981 4051 1031 4106 dat
1046 4051 1121 4108 Patri
1139 4053 1319 4121 monasterii,
1336 4057 1369 4108 ut
1383 4068 1451 4108 eum
1467 4051 1518 4107 tali
1530 4051 1592 4108 loco
1604 4051 1805 4118 reconderant,

104 4140 213 4215 placuit
229 4141 394 4198 Remesiam
411 4140 578 4208 transterri3
593 4136 749 4194 accersitus
762 4134 926 4192 tamosissi-
980 4155 1038 4213 quo
1053 4140 1159 4213 cuique
1173 4142 1210 4197 ad
1224 4141 1384 4198 orationem
1401 4139 1581 4197 accessibilis
1595 4143 1681 4196 asset.
1696 4137 1805 4212 Sisque

94 4223 923 4303 =musabbast94)Germauus,Floriacensisinstitutionis,
980 4227 1079 4284 relatis
1095 4229 1186 4286 saeris
1202 4230 1324 4298 artibus,
1341 4246 1374 4286 ac
1389 4228 1517 4303 pretioso
1532 4240 1629 4302 panno
1652 4226 1802 4292 involutis,

103 4319 155 4393 qui
170 4320 288 4392 praelato
303 4319 440 4375 Oswaldo
456 4315 661 4387 archipresuli
676 4315 727 4370 diu
742 4313 922 4382 adhaeserat;
978 4317 1124 4389 repositus
1139 4322 1184 4373 est
1194 4317 1224 4373 in
1235 4335 1358 4375 ascensu
1370 4308 1544 4390 presbyterii
1558 4331 1564 4372 :
1577 4315 1627 4371 ubi
1640 4314 1739 4372 adhuc
1749 4314 1806 4372 cla·

102 4425 191 4482 quem
207 4408 274 4464 inde
289 4407 502 4481 glorisissimus
518 4423 567 4461 rex
591 4405 723 4477 Cdgarus
747 4401 929 4487 monasterio·
977 4408 1030 4475 ret,
1043 4405 1151 4462 osculis
1165 4412 1193 4462 et
1208 4403 1637 4477 oculisattrectabilishpparat
1644 4401 1803 4477 planccoeli

135 4552 195 4636 (91)
211 4554 243 4608 ln
257 4553 325 4609 Vita
340 4553 369 4608 S.
386 4548 516 4607 Osivaldi
531 4548 666 4604 Atticinus
681 4545 788 4627 dicitur
802 4561 866 4627 cap.
891 4548 920 4614 2,
936 4517 960 4583 D
1011 4548 1066 4621 (95)
1080 4547 1192 4604 Colitur
1206 4549 1235 4605 S.
1253 4546 1422 4612 Kenclmus,
1439 4564 1489 4602 rex
1504 4544 1692 4628 Marciorum,
1705 4544 1740 4601 tr
1751 4544 1803 4601 lu·

101 4625 151 4681 ubi
166 4642 230 4696 ejus
244 4623 445 4697 genealogiam
460 4620 644 4676 deduximus.
663 4620 786 4674 Donarra
801 4617 836 4672 ab
856 4633 920 4689 ipso
975 4618 1017 4687 lir,
1042 4621 1078 4676 de
1104 4637 1162 4692 quo
1186 4624 1214 4675 et
1239 4617 1476 4676 winckelcumbe
1491 4616 1669 4672 monasterio
1684 4633 1714 4672 m
1729 4631 1799 4688 agro

100 4696 170 4752 huie
185 4694 362 4751 monasterio
378 4695 454 4748 t'acta
468 4687 919 4764 explicanturinMonasticoltn-
975 4679 1513 4759 Clocestronsi,cousuleMonastlcum
1524 4686 1718 4762 anglicanum
1728 4703 1797 4761 pag.

100 4766 215 4895 glicano
230 4782 297 4839 pag.
313 4767 376 4836 231,
394 4773 421 4820 et
436 4779 500 4836 pag.
519 4762 572 4818 239
586 4761 693 4835 legitur
708 4783 722 4811 u
734 4760 859 4816 donasse
867 4761 922 4815 200
975 4762 1029 4818 t82
1042 4767 1071 4818 et
1086 4778 1152 4834 sqq.

121 4839 185 4895 idas
198 4842 290 4894 terrae.
303 4859 317 4886 a
1008 4832 1067 4901 (96)
1082 4832 1202 4900 Celeaiqc
1216 4832 1244 4886 in
1261 4837 1340 4888 textu
1350 4834 1405 4895 est,
1414 4827 1798 4902 astinmatgineSlreptoaia,

134 4912 190 4979 (92)
206 4908 347 4964 Coluntur
361 4907 391 4961 hi
407 4911 549 4978 martyres
565 4905 599 4960 12
614 4903 757 4969 Octobris,
776 4901 919 4958 Ramesiae
974 4903 1135 4961 Sbaatbarie
1158 4901 1187 4956 in
1213 4918 1282 4974 agro
1298 4901 1464 4958 Dorsetensi
1479 4918 1487 4970 ;
1503 4906 1532 4957 st
1546 4899 1588 4956 ita
1601 4899 1707 4953 debere
1722 4908 1797 4965 esse,

99 4999 130 5038 sc
152 4981 218 5051 ulti,
232 4979 320 5036 eccisi
336 4978 413 5033 intra
427 4993 537 5033 annum
553 4978 616 5031 (ibat.
974 4973 1121 5049 colligitur
1145 4990 1179 5027 ex
1203 4989 1269 5028 mox
1284 4973 1412 5029 indicato
1429 4969 1561 5028 Eduardo
1578 4974 1644 5044 rege
1660 4975 1797 5037 manare,

131 4999 190 5125 iat)
215 5051 332 5132 Ellegus
355 5054 426 5104 tunc
450 5053 512 5103 erat
526 5047 680 5119 episcopus
694 5042 916 5112 wintoniensis,
973 5046 1009 5101 de
1024 5061 1082 5118 quo
1098 5050 1125 5100 et
1140 5044 1218 5098 dicto
1233 5044 1411 5100 munasterio
1425 5034 1484 5098 late
1495 5047 1591 5099 actum
1604 5045 1648 5096 sat
1659 5040 1695 5096 ad
1707 5039 1800 5112 hujus

98 5129 199 5197 postea
215 5121 452 5193 archiepiscopus
468 5118 695 5181 Cantuaricnsis,
714 5134 761 5172 an.
779 5115 849 5170 1012
870 5132 917 5171 oc·
972 5117 1044 5172 Acta
1057 5133 1127 5171 xvrn
1142 5114 1247 5169 Martii.
1690 5180 1697 5192 .

98 5196 177 5252 cisus
192 5197 226 5250 19
240 5192 359 5266 Aprilis,
376 5208 433 5264 quo
449 5191 495 5247 die
509 5194 579 5246 Acta
593 5190 657 5260 ejus
672 5187 894 5244 illustravimus.
1008 5187 1066 5257 (97)
1084 5184 1206 5241 Siricius
1221 5182 1329 5239 dicitur
1345 5183 1456 5239 sedisse
1470 5182 1546 5255 apud
1560 5179 1798 5247 Cantharrenses,

133 5267 188 5338 (91)
204 5265 354 5321 aimoinus
367 5264 396 5319 in
412 5263 478 5318 Vita
493 5264 521 5318 S.
538 5261 666 5317 Ahboais
682 5259 796 5315 abbatis
813 5258 919 5314 Floria·
973 5257 1008 5314 ab
1019 5257 1171 5313 anessae
1182 5250 1795 5335 tltt5,qaotemporeregnabatllthelredus,

96 5338 203 5405 censis,
221 5355 268 5392 an.
286 5338 355 5391 1091
365 5334 541 5407 interempti,
552 5335 585 5388 13
594 5331 773 5396 Novembris,
785 5329 918 5384 meminit
972 5327 1082 5384 scilicet
1098 5333 1163 5400 post
1173 5329 1202 5382 S.
1213 5325 1379 5382 Eduardam
1392 5325 1521 5388 tratrem,
1532 5340 1579 5379 an.
1588 5322 1642 5406 918
1650 5328 1792 5387 occisum,

96 5408 186 5479 hujus
210 5407 347 5465 Germani
363 5431 377 5457 a
394 5425 428 5462 ex
451 5423 533 5462 sacro
559 5403 634 5460 l'lori
659 5402 755 5458 acensi
772 5399 917 5472 asstrmpti
971 5400 1113 5472 usquead
1131 5415 1240 5452 anniam
1256 5400 1343 5457 ttlltt;
1361 5396 1425 5451 idco
1440 5392 1795 5475 tenpoevaadrctus,apud

97 5467 292 5549 monasteri03
310 5503 323 5530 »
351 5479 399 5535 sed
424 5493 575 5551 perperam
600 5476 724 5531 attalem
747 5473 917 5526 ltumcaencia
971 5469 1262 5542 Huntingdonensem
1280 5469 1319 5522 Da
1335 5466 1409 5522 Vitis
1424 5472 1592 5522 sauctorum
1608 5460 1729 5537 Angites,
1743 5463 1795 5519 ubi

95 5555 257 5608 errorirrstcrii
268 5551 389 5608 statuit:
417 5551 489 5606 sorte
506 5549 542 5605 ol)
559 5547 634 5602 lianc
649 5542 871 5600 translationem
888 5543 917 5596 in
972 5542 1027 5599 sub
1042 5558 1076 5599 eo
1092 5538 1198 5612 corpus
1213 5539 1373 5596 revelatum
1389 5538 1419 5594 S.
1435 5535 1543 5593 Yvonis
1558 5534 1609 5592 ait.

95 5638 222 5680 errorcm
239 5625 395 5681 adductus.
