3816 6006
59 266 118 329 eei
442 262 652 330 remusati
674 265 841 330 cinnor.
864 258 965 329 eisd.
989 265 1194 330 hisboset.
1210 254 1334 344 -LlB,
1358 266 1385 328 l.
1704 265 1765 328 811

60 401 115 458 biae
126 416 216 472 quam
225 398 346 455 luxuria
357 404 445 472 atque
457 401 564 472 rapinae
582 401 765 458 immodestia
783 400 886 457 debili·
901 402 927 469 Α
942 400 1135 474 audistis,qui
1146 401 1181 456 ab
1193 401 1345 457 obsidione
1357 404 1415 454 tam
1428 399 1513 455 anxia
1526 416 1557 455 sc
1571 402 1764 458 removerunt.

59 492 210 547 tabentur.
222 479 297 545 'lum
315 489 435 561 proinde
449 490 525 546 facto
536 491 669 558 consilio,
683 491 831 561 ejecerunt
846 491 888 546 fe·
944 489 997 545 Aiii
1012 497 1130 563 propter
1153 496 1323 564 egestatem,
1341 487 1389 544 alii
1405 495 1523 563 prepter
1546 487 1702 562 ignaviam,
1717 488 1766 544 alii

58 579 157 636 mines
166 579 203 635 de
213 578 420 644 exercitu,tam
430 580 670 652 conjugasquam
681 579 888 649 inauraritatas,
942 595 1008 635 vero
1025 583 1141 652 propter
1163 579 1265 635 mortis
1289 578 1433 645 timorem,
1451 577 1587 651 primitus
1612 593 1768 650 pauperes,

59 685 108 740 ne,
119 667 240 724 luxuria
256 667 393 724 sordibus
407 668 601 740 coinquinati,
617 670 741 725 Domino
757 669 890 742 displice·
943 669 1048 724 deinde
1063 667 1231 741 locupletes.
1245 669 1328 724 Titne
1339 668 1505 741 Stephanus
1515 659 1613 723 comes
1622 666 1768 723 blesensis

58 765 135 816 rent.
148 758 205 816 ilie
218 775 286 815 vero
302 757 332 814 in
348 758 452 815 castris
472 759 611 815 affinibus
632 765 701 815 tune
717 760 772 816 sibi
788 759 887 834 hospi·
943 758 979 813 ab
995 759 1122 814 exercitu
1137 757 1283 825 discessit,
1296 762 1325 813 et
1347 775 1397 830 per
1413 774 1492 814 mare
1507 757 1537 812 iu
1555 755 1706 812 Franciam
1723 772 1768 812 re·

56 849 101 905 tia
115 852 351 920 assumpserunt.
365 848 491 904 Desolaii
509 849 702 905 enimomnes
718 854 811 917 eraut,
827 855 888 906 tam
942 848 1088 919 patriavit.
1101 848 1182 904 Unde
1198 847 1348 904 doluimus
1367 865 1479 914 omnes,
1493 847 1633 919 quoniam
1649 847 1769 903 vireret

57 941 137 995 lame
151 954 239 1011 quam
253 936 397 993 occisione
410 937 591 1011 quotidiana,
605 943 665 995 tam
681 939 786 995 divites
797 956 887 1012 quam
942 936 1136 1009 probissimus
1160 941 1188 993 et
1212 935 1295 993 valde
1318 937 1433 993 nobilis.
1451 939 1511 1004 Quo
1527 937 1705 1005 discedente,
1722 953 1768 993 se·

57 1042 213 1099 pauperes.
225 1025 260 1080 Et
275 1024 332 1080 nisi
353 1025 429 1081 Deus
449 1042 510 1092 eoa,
521 1030 661 1099 tauquam
678 1028 773 1083 bonus
789 1031 888 1100 pastor
942 1027 1041 1098 quenti
1053 1026 1241 1083 discessionis
1259 1045 1317 1083 sua
1333 1027 1380 1082 die
1396 1027 1466 1082 urbs
1481 1025 1635 1081 Antiochia
1648 1028 1693 1081 est
1707 1029 1766 1081 tra·

58 1131 128 1172 oves
156 1128 236 1182 snas,
251 1114 396 1187 gregatim
424 1115 646 1189 constringeret,
672 1116 773 1189 procul
798 1117 887 1174 dubio
941 1116 1012 1171 dite.
1025 1116 1054 1172 Si
1080 1120 1302 1189 perseverasset,
1319 1117 1445 1172 multum
1468 1115 1536 1171 inda
1562 1131 1628 1171 cum
1654 1113 1765 1170 ceteris

57 1203 180 1262 omnino
195 1202 262 1259 inde
273 1202 456 1275 aufugerent,
468 1203 727 1261 licetebsidionem
734 1206 887 1278 jurassent
940 1206 1090 1278 gauderet.
1104 1205 1213 1261 ideirco
1225 1206 1333 1263 factum
1347 1209 1391 1262 est
1405 1206 1430 1261 ei
1447 1204 1500 1260 hoc
1516 1203 1546 1259 in
1562 1201 1763 1276 opprobrium.

57 1292 260 1349 obtinendam.
276 1292 360 1348 Multi
375 1298 472 1348 tamen
495 1300 612 1366 propter
626 1295 711 1368 panis
727 1295 886 1352 necessita·
940 1294 998 1350 Nec
1012 1295 1130 1366 prodest
1145 1295 1284 1367 cuiquam
1307 1296 1417 1352 bonum
1433 1293 1560 1360 initium,
1577 1292 1602 1348 si
1617 1293 1690 1349 bene
1705 1309 1764 1350 non

57 1388 129 1451 tem,
141 1398 193 1455 per
205 1380 305 1455 plures
317 1381 379 1438 dies
391 1383 560 1454 querebant
575 1401 626 1457 per
637 1384 756 1441 castella
770 1385 887 1459 propin·
939 1383 1057 1439 finierit.
1076 1384 1107 1439 ln
1123 1384 1210 1440 rebus
1233 1389 1330 1441 autem
1347 1383 1475 1450 Domini,
1487 1399 1520 1439 co
1543 1382 1621 1455 qnod
1647 1379 1765 1438 mentiri

57 1472 163 1545 quiora
176 1488 241 1544 quac
257 1470 345 1526 victui
362 1488 416 1527 suo
433 1477 517 1527 eraut
531 1475 705 1542 necessaria,
719 1492 771 1530 nec
786 1478 887 1546 postea
939 1471 1230 1543 noliem,cavcudu1n
1256 1479 1315 1541 cst;
1341 1490 1377 1529 ne
1401 1473 1430 1528 in
1456 1472 1614 1545 aliquantis
1641 1469 1763 1539 deviem,
1781 1532 1784 1536 ⁴

57 1563 237 1616 revertentes
252 1558 288 1614 ad
308 1559 479 1631 exercitum,
494 1561 677 1617 obsidionem
701 1562 819 1635 penitus
841 1562 884 1617 di·
939 1561 1187 1625 mnitabreviaho.
1200 1563 1242 1619 Ab
1255 1562 1318 1636 ipse
1329 1566 1427 1619 autem
1439 1578 1539 1618 mense
1549 1560 1675 1629 Octobri,
1688 1563 1766 1617 tran·

56 1648 226 1705 mittebant.
239 1648 320 1704 'l'nne
341 1650 481 1721 temporis
498 1651 625 1707 vidimus
640 1669 732 1706 uuum
748 1651 884 1707 ruborem
939 1668 1041 1708 scursa
1064 1651 1160 1708 hicme
1185 1652 1328 1725 sequenti.
1343 1655 1371 1708 ct
1394 1651 1498 1707 deinde
1521 1667 1609 1707 verno
1632 1654 1765 1723 ternpore

56 1739 87 1794 in
103 1737 176 1795 cralo
192 1735 368 1803 mirabilem,
379 1737 500 1811 iusuper
510 1739 657 1795 sensimus
674 1744 755 1795 terrae
771 1745 882 1796 motum
939 1741 1119 1813 usquedum
1136 1741 1315 1797 subintraret
1338 1741 1445 1797 lunius
1469 1740 1591 1809 mensis,
1606 1738 1689 1796 urbis
1712 1739 1765 1796 ob·

56 1826 273 1901 magnum‚qui
298 1844 351 1882 nos
376 1827 496 1900 pavidos
512 1828 638 1885 reddidit
661 1845 772 1886 omnes.
800 1828 883 1886 llulti
937 1829 1012 1886 sidio
1037 1829 1214 1903 perduravit.
1232 1829 1379 1886 Multoties
1402 1829 1521 1885 interim
1546 1828 1712 1885 invasiones
1736 1831 1766 1884 et

55 1917 146 1973 etiam
160 1915 299 1972 viderunt
311 1917 459 1988 quoddam
474 1917 591 1990 signum
608 1918 638 1973 in
653 1920 773 1974 modum
787 1919 883 1974 crucis
937 1918 1046 1992 praelia,
1063 1917 1243 1993 insidiasque
1268 1918 1370 1975 Franci
1386 1923 1415 1975 et
1434 1917 1521 1975 Turci
1547 1918 1671 1974 invicem
1696 1933 1765 1991 ege·

55 2006 228 2080 figuratum,
241 2004 336 2061 colore
354 2005 523 2077 alburnum,
534 2024 636 2064 versus
651 2008 791 2064 orientem
806 2012 883 2065 recto
938 2007 1186 2072 runtvineehant
1195 2007 1430 2065 etvincebantur.
1441 2007 1537 2066 Nostri
1549 2012 1648 2063 tamen
1657 2007 1765 2081 sepius

55 2095 176 2153 tramite
191 2095 340 2151 incedens.
938 2114 1026 2171 quam
1041 2096 1084 2152 illi
1104 2097 1337 2171 triumphabant.
1354 2096 1449 2154 Semel
1469 2097 1592 2170 contigit
1610 2095 1765 2171 plerosque

365 2184 480 2242 CAPUT
499 2185 573 2242 Vlll.
938 2187 973 2242 de
983 2185 1086 2243 Turris
1101 2186 1131 2242 in
1148 2186 1256 2243 fiumen
1272 2188 1398 2247 Fornum
1414 2186 1551 2261 fugiendo
1566 2186 1678 2255 cadere,
1690 2189 1719 2240 et
1733 2184 1765 2240 in

86 2278 172 2332 Anno
183 2279 281 2331 autem
297 2274 413 2330 Domini
430 2274 587 2331 millesimo
603 2276 792 2350 nonagesimo
804 2282 882 2334 octa·
939 2275 1001 2348 ipso
1014 2292 1126 2333 mersos
1140 2275 1294 2332 infeliciter
1306 2275 1434 2332 interire.
1448 2276 1495 2333 Cis
1507 2276 1632 2332 fernum
1649 2277 1678 2331 et
1691 2274 1766 2332 eitra

52 2382 99 2431 vo,
109 2368 268 2437 postquam
284 2363 334 2440 illa
344 2365 423 2436 regie
433 2363 613 2420 Antiocheno
623 2365 852 2439 circumquaque
868 2383 885 2423 a
939 2365 1075 2434 fernum,
1087 2370 1210 2437 utraque
1221 2382 1293 2439 gens
1308 2365 1431 2421 invicem
1450 2364 1599 2422 bellabant
1613 2380 1699 2437 sape.
1711 2367 1765 2420 tia-

53 2453 246 2510 multitudine
255 2453 352 2525 gentis
363 2459 469 2509 nestra
479 2455 757 2527 prorsusdevastata
770 2456 882 2513 fnisset.
939 2453 1152 2527 stellaquidcm
1168 2460 1235 2510 aute
1252 2455 1354 2510 urbem
1371 2459 1600 2527 composuerunt
1609 2454 1765 2526 optimates

55 2542 152 2616 magis
176 2542 329 2614 magisque
353 2544 478 2614 majores
494 2548 522 2599 et
538 2544 666 2600 minores
692 2545 768 2601 fame
793 2544 884 2601 nimia
939 2542 1163 2616 nostri,quibus
1179 2549 1281 2617 postea
1296 2545 1406 2600 Turaos
1429 2543 1574 2617 frequenti
1597 2543 1676 2600 exitu
1691 2540 1765 2599 assi·

54 2631 149 2688 vexati
177 2635 255 2686 sunt.
273 2631 355 2688 Tunc
383 2631 509 2688 famelici
533 2635 725 2690 comedebant
750 2634 885 2691 surculos
939 2632 1052 2699 lienteS,
1063 2631 1250 2689 vehementer
1273 2633 1575 2690 cohibueruntUude
1600 2631 1765 2689 hestiiseo·

55 2721 194 2778 fabarum
221 2720 251 2775 in
274 2721 352 2795 agris
377 2721 472 2776 adbuc
496 2723 701 2791 crescentium,
720 2722 885 2795 herbaeque
939 2739 1004 2778 rum
1022 2739 1131 2794 pascua
1141 2739 1216 2795 sape
1227 2723 1422 2779 abstulerunt.
1434 2723 1492 2779 Nec
1507 2723 1543 2778 ab
1557 2721 1684 2778 externis
1698 2736 1767 2794 pro·

56 2809 249 2867 multimodas
264 2815 293 2865 et
306 2809 366 2867 sale
380 2811 560 2880 inconditae,
577 2813 701 2868 carduos
717 2813 817 2880 etiam,
833 2813 885 2886 qui
938 2811 1039 2867 vinciae
1054 2812 1200 2868 Armeniis
1217 2811 1379 2884 quidquam
1402 2812 1524 2868 allatum
1540 2811 1605 2867 fuit.
1617 2811 1698 2883 Saepe
1721 2813 1766 2865 ta·

56 2903 177 2973 propter
190 2897 338 2972 lignorum
356 2899 552 2956 deficientiam
567 2917 625 2957 nou
649 2902 721 2957 hene
737 2902 809 2959 cocti
827 2901 885 2958 iin-
940 2917 1006 2957 men
1021 2899 1078 2973 ipsi
1093 2902 1129 2956 ad
1154 2898 1319 2957 laciendum
1336 2906 1452 2956 nostros
1477 2901 1680 2973 procedebant.
1692 2898 1765 2955 Cum

55 3005 132 3061 guas
156 2987 399 3043 manducantium
425 2989 641 3062 depungebant,
658 3006 760 3062 equos,
785 2992 885 3048 asinos
939 2994 1036 3045 autem
1053 2989 1164 3062 placuit
1178 2990 1301 3046 Domino
1316 2990 1447 3046 laborem
1463 2988 1563 3062 populi
1576 2989 1621 3045 sui
1632 2998 1775 3044 consum·‘

56 3076 255 3150 camelosque,
281 3093 368 3134 canes
395 3077 482 3133 etiam
511 3083 540 3135 et
564 3096 673 3135 mures.
696 3081 885 3153 pauperiores
940 3075 1766 3152 mare,fersitanprecibuseorumplacatus‚quiquotidie

56 3166 148 3223 etiam
164 3165 324 3223 bestiarum
348 3165 427 3222 coria
441 3168 642 3240 comedebant,
656 3174 684 3225 et
699 3170 777 3242 qued
802 3170 883 3230 nefas
898 3150 921 3219 C
941 3184 1041 3241 preces
1052 3167 1118 3225 inde
1129 3168 1276 3240 supplices
1287 3169 1312 3225 ei
1324 3168 1494 3236 fundebant,
1505 3167 1649 3223 concessit
1660 3165 1767 3238 pietate

55 3261 102 3313 eet
116 3256 223 3325 dicere,
237 3272 337 3311 mures
353 3261 381 3311 ct
405 3273 497 3329 grana
512 3256 540 3312 in
558 3258 735 3315 stereoribus
760 3263 883 3331 reperta.
940 3274 1005 3325 sua,
1022 3275 1073 3330 per
1088 3258 1258 3313 eorumdem
1274 3258 1435 3313 'lurcorum
1451 3257 1593 3325 fraudem,
1611 3253 1766 3311 traditione

57 3345 193 3418 Frigora,
223 3343 328 3418 flagra,
352 3343 478 3411 calores,
504 3345 618 3418 pluvias
645 3349 751 3403 densas
768 3354 887 3421 propter
940 3344 1122 3402 clandestina
1148 3347 1250 3401 urbem
1267 3344 1440 3401 Christianis
1463 3344 1555 3400 reddi.
1568 3342 1672 3399 Audite
1696 3358 1764 3416 ergo

56 3434 152 3491 Deum
168 3433 300 3507 perpessi
315 3439 394 3490 sunt.
408 3434 543 3490 Tentoria
560 3436 647 3492 etiam
665 3438 728 3508 jam
744 3442 827 3493 erant
841 3437 885 3492 in·
939 3435 1072 3491 fraudem
1090 3442 1116 3491 ei
1133 3452 1191 3491 non
1207 3436 1350 3491 fraudem.

55 3527 198 3592 veterata,
210 3521 350 3579 imbrium
362 3523 605 3581 inundationibus
615 3527 778 3598 putrefacta
788 3531 816 3582 et
826 3525 885 3582 dis·
1262 3524 1376 3580 CAPUT
1397 3524 1443 3580 ui.

57 3612 230 3686 rupta.0ua
249 3611 285 3668 de
308 3612 445 3680 re‚multi
462 3629 562 3669 eorum
579 3616 695 3671 nonnisi
712 3615 783 3672 coelo
808 3621 886 3689 tege·
976 3615 1117 3687 Apparuit
1139 3615 1217 3670 enim
1242 3615 1385 3670 Dominus
1399 3619 1498 3670 noster
1520 3614 1636 3670 cuidam
1660 3614 1765 3684 Tereo,

57 3702 177 3759 bantur.
190 3701 291 3774 ltaque
305 3701 358 3768 iili,
373 3702 458 3774 quasi
474 3720 580 3759 aurum
597 3709 640 3759 ter
654 3704 714 3778 igni
731 3706 886 3778 probatum
940 3704 1035 3777 gratia
1051 3720 1104 3759 sua
1119 3702 1264 3775 praeleeto,
1275 3707 1303 3759 ct
1318 3703 1390 3758 dixit
1402 3704 1427 3759 ei
1445 3720 1474 3758 :u
1491 3703 1704 3775 Expergiecere,
1716 3700 1767 3774 qui

57 3790 229 3865 septiesque
243 3797 412 3864 purgatum,
422 3792 602 3863 jamdudum
614 3795 775 3862 aDomino,
787 3794 888 3867 utopi·
942 3792 1064 3848 dormis.
1078 3792 1190 3864 Impero
1207 3792 1260 3848 tibi
1276 3796 1308 3848 ut
1324 3792 1428 3848 reddas
1437 3790 1620 3847 Antiochiam
1632 3787 1768 3846 Christia-

58 3879 315 3954 nor‚praeleeti,et
335 3881 364 3936 in
389 3881 556 3938 calamitate
580 3886 663 3939 tanta
687 3883 888 3951 examinatio
942 3880 998 3936 nis.
1011 3880 1159 3936 »Miratus
1185 3884 1284 3936 autem
1304 3880 1512 3948 ilie,visionem
1541 3878 1623 3935 illam
1653 3875 1767 3934 silentio

58 3968 261 4043 peccatissuis
273 3971 387 4043 purgati
402 3974 478 4026 sunt.
492 3971 548 4026 Diu
559 3972 637 4027 enim
652 3972 850 4046 agonizantes,
863 3971 888 4028 si
942 3969 1023 4026 texit.
1036 3970 1144 4025 lterum
1161 3974 1259 4025 autem
1275 3970 1412 4043 apparuit
1425 3970 1451 4026 ei
1465 3969 1625 4025 Dominus:
1641 3989 1654 4018 u
1671 3965 1769 4023 Redde

59 4058 149 4115 etiam
159 4057 277 4131 gladius
287 4059 540 4131 percussoris'non
553 4061 676 4131 deesset,
684 4060 814 4135 martyrii
825 4077 889 4116 eur·
943 4059 1046 4114 urbem
1067 4059 1195 4126 Francis,
1217 4058 1327 4131 inquit;
1345 4076 1410 4115 sum
1436 4059 1543 4115 etenim
1559 4056 1701 4125 Christus,
1718 4053 1769 4129 qui

60 4165 128 4205 sum
143 4146 401 4204 multivolunioric
415 4147 622 4222 complessent.
636 4149 767 4207 Forsitan
779 4151 888 4222 ajusto
944 4148 998 4203 hoc
1012 4146 1065 4202 tibi
1078 4147 1179 4220 jubeo.
1192 4170 1205 4198 n
1218 4147 1375 4204 Meditatus
1397 4153 1496 4204 autem
1517 4146 1565 4203 ille
1582 4161 1682 4202 seeum
1698 4143 1769 4218 quid

58 4237 113 4293 iob
129 4236 255 4309 gratiam
273 4237 346 4292 tanti
362 4236 485 4310 exempli
503 4243 704 4310 sumpserunt,
719 4238 814 4312 quiin
829 4243 889 4295 tor·
943 4237 1011 4293 inde
1024 4236 1154 4294 facturus
1168 4236 1333 4304 esset,abiit
1348 4237 1383 4292 ad
1395 4237 1548 4293 dominum
1561 4252 1659 4306 suum,
1671 4233 1770 4291 Antio·
1880 4278 1890 4290 .

60 4324 169 4382 mentis
180 4324 310 4397 corporis
321 4326 366 4382 sui
378 4326 507 4383 animam
519 4344 660 4400 purgans,
670 4329 763 4384 Deum
775 4344 890 4401 semper
944 4325 1016 4381 chire
1032 4324 1142 4381 seilicet
1155 4326 1329 4399 principem,
1346 4330 1374 4381 et
1388 4325 1530 4381 visionem
1547 4322 1625 4380 iilam
1641 4321 1771 4379 innotuit

60 4413 889 4490 inmentetenuit.Cumpaganisbellant,propterDeum
945 4415 980 4471 ei.
997 4414 1049 4470 Cui
1079 4414 1230 4487 respondit
1258 4414 1305 4471 ille
1325 4431 1332 4470 :
1350 4437 1363 4465 u
1389 4413 1527 4486 Nunquid
1556 4411 1768 4486 phantasmati,

60 4502 206 4560 laborant.
219 4503 298 4560 Licet
317 4503 396 4560 Deus
417 4505 468 4577 qni
484 4510 590 4562 cuncta
610 4511 700 4574 creat,
712 4510 809 4563 creata
828 4524 890 4562 rno-
905 4527 928 4593 D
946 4500 1770 4574 brute,visobedire‘l»iieversusautemille,postmodum

61 4593 155 4659 derat,
174 4592 325 4649 moderata
339 4597 495 4664 sustentat,
507 4594 612 4650 virtute
626 4596 780 4668 gubernat,
797 4595 890 4668 possit
945 4591 1035 4648 siluit.
1051 4592 1102 4647 Cui
1127 4610 1245 4649 rursum
1270 4593 1411 4649 Dominus
1435 4591 1583 4665 apparuit,
1608 4589 1770 4662 inquiens:

61 4697 187 4754 queque
200 4680 263 4736 vult
278 4685 426 4739 momento
449 4701 506 4739 nnc
530 4685 690 4752 destruere,
702 4684 795 4741 sentio
812 4685 889 4756 quod
946 4705 959 4733 u
972 4685 1028 4737 Cur
1038 4699 1095 4737 non
1107 4681 1228 4754 explesti
1240 4683 1318 4755 qnod
1327 4678 1424 4754 jussi?
1438 4682 1499 4738 Neu
1511 4686 1556 4737 eet
1570 4679 1622 4735 tibi
1639 4677 1774 4734 hesitan-

60 4770 182 4826 verbere
196 4769 431 4828 Christianorum
447 4772 551 4828 annuit
575 4790 705 4847 paganos
721 4773 763 4830 ita
776 4774 889 4843 subrui,
946 4772 1031 4840 dum;
1049 4787 1117 4826 uam
1129 4771 1179 4843 qui
1190 4770 1245 4827 boe
1255 4772 1366 4844 impero
1377 4771 1519 4827 Dominus
1531 4787 1597 4826 sum
1608 4767 1772 4825 omnium.»

62 4858 113 4931 qni
128 4862 173 4914 tot
187 4859 370 4931 temporibus
389 4866 494 4918 cuncta
509 4879 573 4934 qnae
598 4862 648 4918 Dei
675 4867 754 4931 sunt,
772 4862 891 4937 permit·
947 4860 997 4916 lile
1012 4864 1110 4917 autem
1128 4877 1185 4916 non
1208 4860 1336 4934 amplius
1359 4861 1508 4928 dubitans,
1520 4859 1681 4933 prudenter
1704 4871 1773 4913 cum

60 4951 141 5004 tonte
157 4945 232 5020 ipso,
244 4947 341 5005 viliter
353 4951 628 5022 pessumdederunt.
639 4951 820 5009 Christianos
831 4951 894 5024 qui·
946 4951 1016 5005 viris
1025 4951 1134 5007 nostris
1150 4955 1220 5006 tunc
1229 4952 1327 5024 egitut
1338 4951 1392 5006 suh
1406 4947 1634 5006 machinationis
1643 4964 1703 5003 suae
1714 4950 1775 5003 stu·

62 5035 131 5092 dem
147 5035 184 5090 ab
200 5035 272 5107 ipsis
288 5036 392 5094 furcis
407 5038 548 5111 permittit
561 5040 652 5095 occidi
672 5041 706 5095 ad
725 5041 894 5098 salvationis
949 5040 997 5096 die
1013 5041 1115 5095 urbem
1137 5041 1310 5113 acciperent.
1325 5042 1385 5107 Quo
1410 5038 1571 5112 prolocuto,
1583 5044 1611 5093 et
1634 5035 1695 5092 filio
1721 5051 1775 5093 suc

63 5127 271 5197 augmentum,
283 5126 394 5183 furcos
409 5132 507 5184 autem
523 5129 559 5185 ad
580 5128 747 5184 animarum
772 5147 893 5187 suarum
949 5129 1068 5184 Francis
1094 5129 1161 5185 dato
1185 5129 1296 5196 obside,
1313 5129 1430 5185 domino
1455 5127 1566 5184 seilicet
1592 5125 1774 5196 Boamuudo,

66 5213 295 5284 detrimentum;
311 5231 434 5287 quorum
452 5219 594 5290 quosdam
611 5222 709 5274 tamen
725 5219 789 5290 jam
806 5219 894 5276 saluti
949 5221 1033 5273 noete
1047 5218 1173 5289 quadam
1185 5218 1341 5291 perseaias
1352 5219 1386 5274 de
1397 5217 1514 5274 chordis
1525 5216 1618 5272 factas
1628 5215 1730 5290 viginti
1740 5215 1776 5271 de

69 5302 304 5376 predestinatos,
317 5304 426 5377 placuit
440 5307 499 5362 Deo
513 5311 582 5362 tunc
598 5324 615 5363 a
629 5308 830 5365 sacerdotibus
846 5327 896 5367 aa
950 5306 1108 5363 clientibus
1121 5307 1230 5363 uostris
1240 5325 1292 5379 per
1303 5308 1380 5364 muri
1394 5315 1545 5364 summum
1560 5305 1730 5362 intromisit.
1741 5303 1777 5360 iit

68 5391 141 5449 stris
159 5391 312 5467 baptizari.
325 5395 395 5463 Quos
409 5397 715 5468 ecimpraedeeiioavit,
731 5397 779 5454 hos
801 5406 828 5454 et
848 5416 895 5456 vo·
950 5394 1778 5471 nonmorniacta,statimportaapertaest.Franciomnes

67 5483 152 5552 raah,
169 5498 285 5539 necnon
304 5485 502 5558 magnificavit
512 5486 598 5559 (eoin.
608 5503 668 5554 vui,
679 5487 735 5556 80).
749 5487 822 5555 Quid
838 5488 895 5561 igi·
949 5486 1103 5560 praeparati
1119 5484 1266 5542 civitatem
1291 5491 1361 5544 sunt
1375 5486 1512 5560 ingressi.
1528 5487 1564 5542 Et
1577 5502 1629 5558 per
1653 5481 1776 5540 chordas

63 5570 137 5638 turi
150 5571 240 5629 fuere
254 5570 373 5648 quidem
386 5573 422 5631 de
436 5573 544 5634 nostris
559 5573 745 5646 nonnulli,ut
759 5576 896 5654 superius
945 5577 1009 5656 iam
1033 5575 1208 5635 introierant
1230 5576 1427 5656 quadraginta
1441 5575 1558 5649 milites,
1575 5573 1626 5649 qui
1651 5571 1779 5652 quadra,

225 5696 361 5767 Perses.
383 5698 470 5790 ciri,
1574 5700 1616 5782 tii,
