3816 6006
122 177 201 239 i'ibi
629 175 760 236 ADDEN
765 174 826 235 Db.
843 194 884 219 -ε-
898 169 1097 234 nauatam
1118 169 1327 235 sanabala.
1758 169 1833 233 ΜΒ

121 327 211 368 rurum
223 309 308 381 retur,
324 316 352 368 et
364 324 422 367 roa
434 306 550 367 mmedit
560 309 686 382 papittus
695 325 730 367 ec
739 324 771 368 eo
780 308 848 381 (tob.
860 305 948 380 rum.)
962 305 990 374 Α
1004 321 1071 363 voro
1084 303 1241 378 Apostolus
1262 304 1371 363 icatur
1385 316 1419 362 se
1431 301 1554 376 nescire,
1570 319 1610 361 an
1624 302 1720 363 imrit
1732 307 1832 379 rapas

122 400 244 466 Quando
259 397 347 454 etiam
363 396 466 455 volunt
478 398 572 455 Deum
583 399 714 472 judicem
730 398 768 455 ad
783 396 946 454 misericor·
1001 393 1031 449 iu
1047 411 1166 468 corpore
1180 399 1210 451 et
1223 394 1324 450 anima
1334 392 1434 463 simul,
1450 406 1488 450 an
1503 397 1719 467 estraoarpus,
1734 394 1833 452 aalma

122 488 200 543 dium
224 487 271 544 sui
293 486 446 558 inclinare,
471 486 567 544 solent
590 488 666 544 bona
682 504 737 543 sus
751 503 897 551 enarrare,
914 488 947 542 ut
1000 482 1113 540 seilicet
1136 486 1298 556 assumpta.
1324 483 1384 540 Hoc
1399 483 1513 551 tratres,
1538 486 1642 540 contra
1665 481 1830 540 illosarro·

120 575 276 634 Ezechias:
300 578 439 646 barrato,
466 577 572 650 inquit,
595 577 728 649 pumaodo
747 576 946 632 ambulaverim
1000 589 1070 629 neos
1085 577 1143 645 est,
1158 573 1209 646 qui
1219 573 1369 629 affirmant
1384 589 1415 629 se
1430 571 1460 628 in
1471 589 1530 629 una
1545 575 1629 630 nocte
1638 571 1831 646 corporaliter

119 673 251 726 mramte
275 666 305 722 ire
328 668 443 723 ueritate
466 664 689 738 (troi.xxxv111.)
710 665 831 733 Quando
856 665 944 722 etiam
999 661 1110 719 multas
1127 663 1261 736 regiones
1271 666 1462 732 transmeare,
1474 661 1666 729 manducare,
1680 665 1713 719 et
1721 661 1828 739 bibere,

120 755 213 814 uncti
222 755 425 829 predicatores
433 754 535 811 volunt
543 755 729 828 persuadere,
741 758 774 811 ut
782 753 840 812 sibi
850 754 945 828 magis
999 755 1027 806 et
1041 755 1109 824 post
1122 767 1261 808 remeare.
1278 751 1351 808 Gum
1361 750 1518 824 Apostolus
1529 750 1641 826 spiritu
1651 754 1761 807 nuato
1771 749 1828 824 pis-

121 845 308 917 aequiescant
334 860 424 918 quam
448 844 824 917 pseudopraedicatoribus,
850 843 945 900 solent
998 857 1055 897 nus
1080 840 1203 898 dieatse
1232 841 1343 897 nescire
1371 840 1518 914 quomodo
1533 839 1563 896 in
1586 839 1699 897 omium
1729 844 1826 914 raptus

120 950 152 990 se
167 934 372 990 commendare
395 937 425 990 et
446 932 504 990 illis
528 933 673 1007 preferre,
695 937 728 990 ut
741 933 897 1006 Apostolus
913 933 943 988 in
998 927 1095 998 luerit,
1112 928 1414 986 idemdebumiiitate
1428 947 1461 986 so
1474 929 1674 997 oommeudat,
1692 930 1823 987 sumsit:

119 1021 174 1079 boo
188 1021 270 1079 loco:
288 1023 481 1080 Commendat
495 1026 592 1078 autem
609 1040 640 1079 se
656 1020 807 1096 apostolus
823 1022 853 1078 in
868 1038 943 1095 qua·
996 1017 1029 1072 Et
1044 1034 1078 1074 ae
1101 1018 1262 1088 mupaitudo
1285 1021 1481 1076 revelationum
1496 1019 1611 1076 eataltm
1624 1035 1679 1086 ure,
1695 1018 1780 1076 wass
1791 1026 1825 1076 at

118 1115 194 1178 tuor,
211 1111 242 1168 in
257 1128 372 1186 genero,
383 1112 413 1168 in
428 1111 602 1181 ministerio,
619 1112 648 1168 iu
664 1111 900 1178 revelationibus,
912 1111 942 1167 in
995 1108 1067 1162 mitt
1079 1109 1389 1167 stimulasearaiomecs
1399 1108 1635 1179 marimanam
1645 1109 1824 1180 primoris

117 1200 293 1258 humilitate.
310 1201 342 1257 ln
357 1201 453 1275 primo
466 1219 498 1258 uo
512 1207 608 1274 aquai
630 1200 707 1268 aliis,
727 1201 757 1256 in
773 1201 901 1257 secundo
915 1203 943 1256 et
993 1197 1096 1268 ptiar,
1112 1199 1167 1253 eto.
1184 1198 1256 1254 ane
1267 1198 1372 1255 iratres
1380 1198 1450 1267 mei,
1460 1214 1528 1254 oum
1538 1201 1584 1253 tot
1594 1195 1824 1254 silantisvirta·

118 1290 203 1348 terlio
218 1307 249 1348 se
264 1291 380 1364 pratert
392 1291 445 1356 als,
462 1290 491 1347 in
512 1295 617 1363 quarto
631 1308 663 1347 aa
681 1289 818 1346 humiliat
831 1289 899 1346 aliia
914 1293 943 1346 et
995 1284 1075 1340 tibus
1083 1285 1262 1343 sublimatus
1269 1285 1516 1360 essetbpastolus,
1526 1286 1822 1344 adooasarvationon

117 1379 183 1435 sibi.
199 1384 238 1436 De
250 1395 357 1452 geu-ere
372 1397 403 1437 se
418 1380 615 1449 commendat,
629 1384 658 1436 et
673 1379 741 1436 aliis
756 1382 860 1451 aquat,
872 1395 941 1435 cum
995 1373 1182 1443 humilitatis,
1208 1375 1295 1432 datus
1310 1379 1356 1433 est
1368 1375 1394 1432 ei
1410 1392 1427 1433 a
1441 1375 1500 1433 Deo
1514 1374 1661 1433 stimulus
1672 1375 1785 1443 earnm,
1797 1381 1823 1433 st

116 1468 205 1524 dicit:
222 1469 335 1526 Hebraei
347 1476 413 1525 errat
425 1478 451 1525 et
465 1486 523 1539 epo,
540 1473 594 1526 ele.
611 1469 754 1526 Nobilitas
769 1473 797 1525 et
811 1468 941 1542 probitas
995 1461 1118 1535 augelus
1131 1463 1245 1520 Satara
1260 1464 1296 1520 sd
1311 1464 1536 1537 inquietandum
1559 1467 1588 1521 at
1601 1463 1822 1521 humiliandum

115 1560 274 1630 parentum
287 1558 324 1613 ad
338 1557 411 1613 nibil
427 1557 507 1614 aliud
523 1557 620 1614 valent
635 1558 823 1631 sequacibus,
836 1557 940 1614 tratres
994 1568 1072 1620 eum,
1090 1552 1207 1609 Etcum
1223 1557 1338 1627 rogaret
1358 1553 1442 1610 illum
1458 1571 1475 1610 a
1490 1570 1521 1611 se
1540 1554 1696 1623 remorari,
1713 1554 1823 1611 dictum

116 1645 251 1716 mei,nisi
262 1648 299 1704 ad
308 1647 716 1704 emulationemimitutionis.
728 1647 852 1703 Hinoest
862 1647 940 1719 quod
995 1644 1041 1697 est
1053 1641 1079 1696 ei
1100 1659 1117 1698 u
1131 1642 1276 1698 Domino:
1293 1643 1402 1716 Sufficit
1416 1643 1467 1701 tibi
1480 1644 1576 1714 protis
1587 1656 1672 1711 meae
1686 1645 1821 1703 mmai-

116 1735 231 1810 antiqui
242 1735 388 1810 imagines
401 1740 430 1792 et
444 1737 605 1810 probitates
620 1741 776 1810 parentum
786 1735 881 1792 solent
895 1736 941 1792 de·
994 1739 1038 1786 tas
1053 1733 1083 1787 ia
1094 1731 1254 1803 infimitate
1266 1733 1418 1806 perficitur.
1432 1733 1602 1806 Magnitudo
1613 1733 1696 1790 ssim
1707 1734 1822 1790 mults

115 1823 235 1899 pingere
250 1823 286 1882 ad
302 1825 525 1882 incitamentum
542 1825 669 1883 illiorum
693 1830 722 1882 et
741 1831 892 1899 nepotum,
908 1829 940 1881 ut
994 1820 1069 1876 uolet
1083 1820 1245 1894 superbire,
1257 1821 1314 1877 uisi
1323 1826 1504 1894 temperetur
1513 1837 1548 1878 ers
1562 1820 1820 1888 humanatam·

114 1914 215 1971 eosad
230 1914 434 1988 patrizandum
459 1913 624 1971 incitarent.
641 1913 938 1986 Situverodegene-
993 1908 1147 1967 humilitus
1174 1914 1257 1967 muts
1285 1911 1386 1968 luitis
1412 1909 1512 1978 Paulo,
1530 1915 1684 1969 utcontra
1710 1922 1819 1970 morem

114 2020 172 2073 ras,
181 2008 558 2077 qusrepsrenlumtuorum
568 2003 750 2061 nobilitatem
757 2004 863 2076 jactas.
875 2003 938 2059 Non
993 1997 1148 2055 hominum
1172 1999 1369 2068 montorium,
1393 2001 1471 2058 bona
1494 2017 1551 2058 sua
1576 2001 1626 2058 vin
1651 2005 1683 2059 et
1703 2007 1818 2060 casatus

113 2096 142 2149 le
152 2092 249 2165 juvat,
264 2094 316 2150 ssd
330 2094 461 2150 damnat.
476 2094 539 2150 Non
556 2093 634 2150 eninr
650 2110 685 2149 er
698 2091 798 2165 probis
812 2091 938 2164 parenti·
993 2094 1152 2158 enarraret,
1168 2088 1355 2147 infirmitates
1365 2107 1432 2147 vero
1448 2107 1517 2148 suas
1532 2091 1667 2164 gaudens
1682 2093 1817 2166 aperiret

113 2181 170 2239 hus
181 2182 325 2253 naseiaed
335 2183 441 2256 probos
452 2186 587 2256 parentes
597 2180 873 2249 imitari,laudabile
883 2184 935 2238 est.
992 2178 1119 2234 Libenter
1132 2179 1282 2249 ptoriabor,
1294 2178 1400 2252 inquit,
1416 2181 1447 2236 in
1462 2180 1672 2251 infimitatrbaa
1685 2182 1767 2250 mea,
1789 2188 1818 2238 a

114 2271 186 2327 ilinc
201 2276 245 2327 est
260 2271 338 2344 quod
352 2270 496 2328 Dominus
510 2271 527 2327 J
531 2271 621 2328 udaia
635 2269 795 2326 incredulis
812 2271 938 2342 inpetro
992 2267 1126 2323 intrabitet
1148 2269 1178 2324 ia
1202 2286 1245 2325 me
1259 2271 1347 2325 uirtus
1364 2271 1474 2326 Christi.
1489 2269 1583 2327 Nemo
1595 2270 1699 2344 igilur,
1715 2271 1817 2328 iratres

112 2358 261 2416 Abraham
281 2360 484 2433 gloriantibus,
501 2359 562 2416 ait:
589 2361 620 2416 Si
641 2360 696 2432 filii
721 2360 840 2417 Abrabae
862 2362 936 2429 estis,
992 2356 1060 2423 mei,
1077 2375 1162 2414 nemo
1186 2362 1320 2414 nostrum
1340 2359 1539 2428 infirmitates,
1553 2357 1684 2430 labores,
1700 2364 1731 2417 et
1744 2360 1816 2417 silli·

112 2463 194 2520 opera
216 2448 335 2506 aeroas
357 2450 449 2521 [coia.
468 2448 515 2506 l'or
538 2465 573 2505 ec
593 2456 672 2521 patre
694 2447 802 2505 diabole
823 2450 895 2517 estis,
911 2457 937 2505 et
991 2445 1103 2503 clionee
1114 2447 1269 2520 fugiatve!
1282 2449 1488 2505 aseremoveri
1498 2449 1649 2522 deposcat,
1661 2450 1815 2523 quiaqund

112 2535 249 2594 maereo
270 2539 359 2611 putris
384 2539 566 2594 destributae
588 2540 679 2611 faeere
693 2540 781 2606 (toan.
797 2541 872 2606 vui.)
898 2542 936 2594 De
990 2535 1125 2593 caminus
1145 2553 1227 2605 auro,
1243 2538 1321 2610 quod
1348 2537 1420 2594 lima
1447 2539 1533 2605 ferro,
1562 2538 1644 2610 quod
1658 2538 1731 2612 gelu
1745 2546 1814 2605 sate,

112 2624 276 2684 ministeriu
304 2643 336 2684 se
365 2626 432 2683 aliis
458 2627 582 2700 prefert,
612 2642 679 2683 cum
699 2625 787 2682 dicit:
817 2626 937 2684 biniotri
990 2623 1045 2681 hoe
1060 2626 1172 2681 confert
1193 2625 1343 2685 tribulatio
1354 2627 1446 2699 justo.
1462 2626 1562 2694 Quid?
1586 2626 1678 2684 illum
1700 2633 1813 2703 purgat,

113 2715 217 2772 Christi
223 2724 289 2772 suat
302 2724 328 2773 et
342 2733 401 2788 epo,
416 2724 449 2772 at
461 2718 553 2773 minas
567 2718 675 2789 cupieris
691 2715 789 2772 dicam.
798 2715 934 2788 ptarepo.
989 2712 1100 2782 elimat,
1116 2715 1309 2789 splendificat.
1334 2716 1414 2774 Unde
1438 2716 1539 2782 David,
1554 2720 1601 2774 Da
1611 2717 1687 2773 stibi
1708 2717 1813 2791 inquit,

110 2805 152 2862 Ao
166 2804 194 2863 si·
206 2805 329 2863 diceret:
341 2805 372 2862 ln
388 2805 544 2879 hoc,quod
559 2804 821 2879 mealiispratero,
832 2805 936 2878 loquor
989 2805 1129 2860 aramum
1143 2804 1175 2862 de
1198 2806 1376 2863 tribulatione
1398 2806 1483 2878 (Prot.
1500 2807 1568 2875 ux)
1594 2805 1624 2862 id
1650 2810 1699 2864 est
1723 2807 1813 2864 tribu-

110 2899 144 2952 ut
159 2894 258 2952 minus
273 2894 400 2966 sapiens,
418 2895 557 2969 quoniam
573 2895 673 2951 minus
688 2894 807 2967 sapiens
821 2895 935 2967 sapien·
988 2890 1127 2949 lationem
1142 2894 1188 2951 fac
1203 2895 1277 2952 mibi
1292 2895 1322 2950 in
1343 2894 1486 2952 auxilium
1509 2895 1676 2969 provenire.
1691 2897 1812 2954 (tremas

108 2983 194 3052 tium,
212 2988 256 3042 est
271 3001 302 3041 se
329 2983 395 3041 aliis
424 2985 569 3058 preferre.
593 2984 675 3041 Unde
689 2988 718 3040 et
732 2988 832 3058 postca
846 2983 932 3042 dicit:
987 2979 1088 3055 itaque
1103 2982 1219 3040 fidelem
1235 2983 1401 3041 animarum
1417 2984 1812 3058 purificatorem,utbicnos

107 3075 209 3130 Factus
219 3090 282 3130 sum
289 3075 442 3146 insipieus:
457 3090 503 3131 uos
516 3075 704 3143 incoepistis.
718 3074 781 3128 Non
791 3077 890 3129 tamen
901 3072 931 3128 in
946 3060 967 3128 C
987 3076 1101 3145 purget,
1127 3089 1182 3129 nos
1202 3073 1349 3145 purilioet,
1364 3090 1400 3130 ne
1415 3074 1445 3130 iu
1469 3074 1583 3141 tuturo,
1596 3073 1628 3129 in
1645 3075 1745 3132 lurore
1760 3091 1810 3132 suo

108 3161 552 3237 hooquodssaliisprsiersbat,
562 3162 782 3235 insipieuserut,
793 3162 931 3234 quianon
986 3165 1091 3232 arguat
1107 3176 1170 3229 uos,
1187 3177 1222 3216 ne
1237 3160 1268 3216 in
1284 3161 1329 3216 ira
1342 3177 1397 3218 sua
1410 3160 1547 3234 corripiat
1559 3177 1624 3229 uos,
1643 3162 1698 3218 sed
1712 3161 1809 3219 statim

108 3251 333 3324 objactantiam,
343 3251 796 3310 sedobutilitatemsubditorum
805 3252 932 3308 hocvere
985 3252 1124 3305 exeuntes
1148 3251 1184 3305 de
1208 3249 1350 3322 corporali
1366 3249 1494 3314 miseria,
1521 3267 1576 3307 nos
1590 3250 1619 3305 in
1638 3251 1810 3308 thesaurum

107 3341 932 3415 etsapienterlaciebat.lnduobusautemprobatseplus
985 3355 1073 3395 suum
1088 3339 1210 3413 resipiat
1223 3339 1302 3397 Deus
1318 3345 1346 3396 et
1354 3341 1498 3397 Dominus
1507 3344 1607 3397 nostm
1615 3341 1671 3414 qui
1682 3340 1812 3399 in-Triui·

106 3431 218 3488 celeris
226 3430 396 3488 ministrum
405 3429 512 3488 Christi
520 3430 673 3503 esse,qula
683 3429 749 3503 plus
760 3430 894 3503 sequitur
903 3434 932 3487 et
984 3432 1044 3485 lata
1060 3429 1267 3502 periectavivit
1277 3429 1516 3503 etregnatDeus,
1531 3430 1698 3502 peremnia
1708 3429 1811 3490 wenis

105 3515 238 3576 imitatur
253 3536 321 3576 eum
337 3521 366 3575 iu
378 3518 513 3576 exteriori
528 3520 674 3592 passione,
686 3519 756 3576 utin
768 3517 929 3588 laboribus,
984 3517 1169 3575 saeculorum.
1184 3520 1287 3576 Amen.

105 3608 135 3664 in
151 3608 371 3676 afflictionibus,
386 3608 416 3665 in
431 3608 580 3682 perieulis,
598 3614 627 3665 et
648 3609 777 3665 interiori
793 3625 930 3682 eompas·
1264 3627 1417 3684 Hopflfflg
1431 3624 1524 3683 thlX.

105 3697 198 3766 sione,
215 3697 291 3753 utin
307 3696 503 3754 sollicitudine
518 3698 652 3755 omnium
673 3697 877 3754 bioolesiurum.
895 3699 930 3754 Et
1196 3716 1335 3756 numurus
1353 3716 1383 3755 m
1406 3715 1592 3755 successus.

104 3786 174 3859 quia
188 3785 355 3844 infirmatur
370 3802 439 3844 cum
463 3787 592 3855 infirmo,
610 3787 706 3843 uritur
721 3804 788 3843 cum
803 3787 929 3844 seanda-
1018 3790 1088 3846 Gara
1101 3790 1183 3845 turba
1203 3790 1328 3862 plurima
1350 3790 1534 3855 convenirent,
1556 3797 1583 3845 et
1595 3788 1630 3846 de
1652 3790 1807 3847 armatu

103 3874 201 3933 liaato.
216 3875 281 3934 Hac
296 3881 422 3949 pensent
435 3875 546 3950 prelati
561 3875 695 3933 Ecclesia
719 3875 770 3948 qui
785 3875 928 3933 extolluu·
979 3885 1159 3951 properarent
1173 3878 1208 3949 ael
1221 3879 1321 3947 taam,
1334 3878 1407 3934 dixit
1418 3895 1468 3951 per
1481 3877 1719 3935 similitudinem:
1736 3880 1807 3935 &rii

103 3968 152 4022 tur
168 3969 197 4023 ot
210 3965 374 4040 gloriantur
389 3966 424 4022 de
449 3964 612 4022 ministerio
628 3965 747 4034 Christi,
773 3965 844 4039 quia
857 3971 928 4024 sunt
981 3969 1031 4040 qui
1043 3970 1161 4024 seminat
1174 3970 1311 4025 saninare
1323 3983 1415 4025 semea
1428 3984 1510 4024 saum
1524 3968 1600 4041 (tue.
1611 3969 1693 4040 urm)
1705 3972 1735 4024 et
1747 3967 1808 4024 reli·

103 4056 278 4127 sacerdotes,
290 4055 431 4129 episcopi,
439 4058 467 4112 et
477 4053 653 4128 populorum
662 4055 806 4128 magistri.
818 4054 849 4112 Si
858 4060 929 4112 sunt
982 4073 1051 4129 qua.
1064 4057 1243 4114 Dominuset
1253 4057 1547 4130 Redemptornoater,
1556 4055 1807 4115 tralrasoiiarissi·

101 4160 169 4201 vere
185 4143 314 4201 ministri
329 4143 448 4214 Christi,
464 4144 618 4201 imitentur
641 4162 718 4211 eum,
736 4161 794 4201 non
809 4144 839 4199 in
854 4144 928 4201 divi·
982 4146 1034 4214 mi,
1050 4162 1102 4219 per
1111 4146 1212 4203 omnia
1223 4163 1276 4202 nos
1286 4145 1447 4216 instruens,
1458 4149 1676 4219 ateepersape
1686 4146 1806 4220 ligurus

101 4232 150 4290 ais
165 4237 196 4290 et
209 4233 402 4304 debebimus
416 4234 446 4290 in
457 4250 565 4308 pompa
574 4238 603 4291 et
613 4234 772 4291 ambitione
782 4233 925 4304 seculari,
980 4233 1062 4307 ioqui
1075 4237 1298 4305 demonstraret,
1321 4235 1455 4309 exposuit
1474 4235 1646 4308 parabolam
1660 4236 1765 4305 istam,
1776 4237 1806 4291 ut

102 4338 166 4396 qua
182 4321 317 4381 Christus
340 4339 456 4397 semper
471 4324 634 4381 detestatus
648 4328 702 4380 est.
720 4323 778 4380 Sed
792 4322 823 4379 iu
837 4323 925 4382 eisin
980 4323 1010 4380 in
1026 4325 1184 4398 parabolis,
1193 4341 1268 4398 quas
1275 4341 1432 4398 persenon
1442 4324 1807 4400 exponebat,signilioarot

102 4411 211 4485 quibus
225 4412 358 4469 imitatur
372 4429 440 4469 oum
455 4412 573 4480 Paulus,
590 4413 620 4468 in
632 4412 769 4486 passione
779 4412 924 4480 exteriori,
940 4435 964 4503 D
979 4413 1389 4488 spiritualemintelligenliam
1395 4413 1804 4489 similiterosseonarman.

101 4500 133 4558 iu
140 4501 341 4571 laboribus,in
349 4501 568 4570 afflictionibus,
577 4499 782 4574 injejuniis,in
792 4501 924 4558 Ecclesia
979 4504 1029 4560 Dat
1042 4503 1177 4577 igitur,ut
1185 4504 1247 4577 ipse
1255 4504 1306 4573 ait,
1318 4520 1417 4561 semen
1428 4505 1549 4561 verbum
1559 4503 1625 4569 Dei,
1635 4519 1712 4579 ager
1724 4521 1805 4562 mou

101 4591 364 4666 persecutionibus.
382 4591 449 4648 Sint
458 4590 575 4648 solliciti
590 4608 642 4664 pro
655 4591 803 4661 Ecclesiie,
820 4595 853 4647 ut
867 4608 925 4649 nou
980 4595 1046 4663 dus,
1063 4594 1224 4652 seminator
1237 4594 1380 4664 Christus,
1396 4595 1447 4668 quui
1461 4596 1500 4652 de
1522 4596 1593 4652 mnu
1606 4594 1709 4654 Patria
1727 4596 1804 4661 exiit,

99 4696 149 4736 eas
164 4679 335 4754 exspolient,
352 4682 402 4737 sed
418 4684 452 4736 ut
470 4697 521 4737 eas
535 4681 684 4738 instruant
697 4683 726 4736 et
740 4686 923 4755 supportent.
979 4687 1012 4741 ut
1027 4701 1127 4741 semen
1141 4684 1264 4740 verbum
1279 4684 1331 4741 Dei
1346 4683 1402 4741 hoo
1415 4683 1445 4741 in
1461 4685 1576 4742 mando
1588 4684 1764 4754 seminaret,
1777 4688 1805 4740 at

100 4769 231 4843 Lugeant
254 4787 322 4827 oum
348 4769 528 4844 lugentibus,
551 4770 698 4843 gaudeant
712 4786 780 4827 eum
794 4771 924 4844 gauden-
978 4773 1067 4830 etiam
1083 4773 1208 4847 quilibet
1217 4775 1398 4847 predicator,
1410 4773 1461 4847 qui
1471 4775 1804 4832 secundummammo*

98 4857 188 4926 tibus,
204 4860 391 4917 infirmentur
405 4877 472 4917 eum
489 4859 719 4928 infirmantibus,
736 4860 809 4916 fiant
825 4861 925 4917 omnia
978 4861 1081 4918 dulum
1092 4863 1128 4919 ds
1142 4869 1252 4920 secreto
1268 4864 1523 4936 contemplationis
1538 4880 1599 4921 suae
1614 4863 1652 4922 aa
1668 4864 1804 4922 snudin-

98 4948 246 5006 omnibus.
263 4951 304 5007 De
320 4947 545 5007 revelationibus
561 4965 592 5005 se
608 4949 924 5023 commendatbposto
977 4952 1048 5008 dum
1062 4953 1194 5009 homines
1204 4953 1291 5009 debet
1300 4953 1387 5010 exire.
1399 4952 1455 5010 Sed
1466 4953 1631 5022 bominum,
1642 4954 1806 5027 quibusna-

40 5110 43 5114 .
98 5035 155 5103 lus,
171 5055 239 5096 uum
254 5039 295 5096 ait
308 5057 339 5096 se
353 5045 472 5113 raptum
487 5055 582 5111 usque
600 5037 637 5094 ad
660 5037 779 5094 tertium
805 5038 921 5096 caelum.
978 5038 1803 5117 menverbunDoipropnniturmuttaespeciosauntbtnn

98 5125 172 5183 ilino
195 5130 312 5186 discant
334 5133 465 5200 pastores
488 5127 624 5185 Ecclesiae
648 5127 711 5201 rapi
727 5127 869 5184 desiderio
885 5130 922 5186 ad
977 5131 1096 5204 quidem
1112 5136 1192 5198 sunt,
1209 5131 1259 5204 qui
1275 5148 1327 5188 nee
1342 5136 1370 5189 et
1380 5132 1452 5189 illud
1467 5131 1570 5189 audire
1583 5131 1699 5200 volunt,
1715 5137 1750 5189 ut
1763 5129 1805 5187 illi

97 5214 236 5288 saluata,
262 5221 291 5273 et
305 5233 339 5272 ea
354 5232 405 5289 per
420 5216 573 5274 lectionem
593 5221 624 5274 et
646 5217 923 5290 contemplationem
977 5221 1085 5294 quibus
1100 5221 1243 5278 Dominus
1250 5220 1304 5277 ait:
1318 5223 1371 5290 Qut
1383 5237 1419 5279 aa
1432 5225 1542 5289 Deoest,
1556 5221 1803 5279 rmbaDsiuadit:

97 5303 243 5370 meditari,
256 5307 289 5359 ut
298 5304 359 5361 sint
368 5305 450 5379 digni
459 5305 556 5363 vocari
566 5306 620 5363 viri
629 5306 843 5364 desideriorum
853 5323 921 5364 cum
973 5320 1119 5385 propterea
1147 5327 1193 5369 vos
1219 5326 1275 5368 nort
1303 5311 1416 5384 audam,
1445 5314 1512 5385 pura
1539 5306 1644 5370 eaDrs
1668 5311 1805 5370 noum

96 5392 225 5463 Daniele,
242 5397 387 5467 guawuus
409 5395 553 5454 Dominus
568 5395 679 5470 aperiat
693 5395 736 5453 eis
751 5401 863 5454 secreta
876 5414 922 5455 sa-
976 5401 1063 5474 (Joarr.
1082 5403 1164 5474 vital:
1180 5401 1220 5457 at
1229 5399 1371 5473 propbeta
1383 5407 1476 5461 rora
1487 5403 1545 5459 ata
1558 5400 1714 5460 emmam
1724 5401 1804 5461 ram

95 5481 214 5559 piomia
227 5498 300 5557 suae,
315 5484 354 5544 ed
367 5500 451 5546 suam
468 5486 637 5548 stallorum
652 5484 822 5547 utilitatem.
838 5488 924 5558 Quod
974 5490 1122 5552 liatdirera
1136 5491 1278 5567 menas,
1293 5491 1485 5567 rieatusptair
1494 5491 1591 5554 arde
1608 5491 1807 5554 elom
