<?xml version="1.0" encoding="UTF-8"?>
<!DOCTYPE html PUBLIC "-//W3C//DTD XHTML 1.0 Transitional//EN"
    "http://www.w3.org/TR/xhtml1/DTD/xhtml1-transitional.dtd">
<html xmlns="http://www.w3.org/1999/xhtml" xml:lang="en" lang="en">
 <head>
  <title>
</title>
<meta http-equiv="Content-Type" content="text/html;charset=utf-8" />
  <meta name='ocr-system' content='tesseract 3.04.00' />
  <meta name='ocr-capabilities' content='ocr_page ocr_carea ocr_par ocr_line ocrx_word'/>
</head>
<body>
  <div class='ocr_page' id='page_1' title='image "./patrologiaecurs93unkngoog_0632.png"; bbox 0 0 3816 6006; ppageno 0'>
   <div class='ocr_carea' id='block_1_1' title="bbox 471 272 1687 353">
    <p class='ocr_par' dir='ltr' id='par_1_1' title="bbox 471 272 1687 353">
     <span class='ocr_line' id='line_1_1' title="bbox 471 272 1687 353; baseline 0.01 -17"><span class='ocrx_word' id='word_1_1' title='bbox 471 272 619 349; x_wconf 73' lang='lat' dir='ltr'>REGUM,</span> <span class='ocrx_word' id='word_1_2' title='bbox 643 272 744 353; x_wconf 72' lang='lat' dir='ltr'>ltro,</span> <span class='ocrx_word' id='word_1_3' title='bbox 766 273 852 336; x_wconf 80' lang='lat' dir='ltr'>DPP.</span> <span class='ocrx_word' id='word_1_4' title='bbox 875 275 926 338; x_wconf 79' lang='lat' dir='ltr'>AD</span> <span class='ocrx_word' id='word_1_5' title='bbox 947 276 1094 343; x_wconf 82' lang='lat' dir='ltr'>LUDOV.</span> <span class='ocrx_word' id='word_1_6' title='bbox 1116 275 1200 342; x_wconf 85' lang='lat' dir='ltr'>JDN.</span> <span class='ocrx_word' id='word_1_7' title='bbox 1607 278 1687 348; x_wconf 62' lang='grc' dir='ltr'>ΒΜ</span> 
     </span>
    </p>
   </div>
   <div class='ocr_carea' id='block_1_2' title="bbox 77 409 1690 1021">
    <p class='ocr_par' dir='ltr' id='par_1_2' title="bbox 77 409 1690 1021">
     <span class='ocr_line' id='line_1_2' title="bbox 77 409 1687 491; baseline 0.006 -23"><span class='ocrx_word' id='word_1_8' title='bbox 77 409 220 480; x_wconf 87' lang='lat' dir='ltr'>‚salutem</span> <span class='ocrx_word' id='word_1_9' title='bbox 235 427 303 468; x_wconf 90' lang='lat' dir='ltr'>cum</span> <span class='ocrx_word' id='word_1_10' title='bbox 318 409 397 467; x_wconf 92' lang='lat' dir='ltr'>omni</span> <span class='ocrx_word' id='word_1_11' title='bbox 415 413 557 466; x_wconf 90' lang='lat' dir='ltr'>conventu</span> <span class='ocrx_word' id='word_1_12' title='bbox 574 410 708 477; x_wconf 85' lang='lat' dir='ltr'>fratrum,</span> <span class='ocrx_word' id='word_1_13' title='bbox 720 415 749 465; x_wconf 92' lang='lat' dir='ltr'>et</span> <span class='ocrx_word' id='word_1_14' title='bbox 764 427 806 467; x_wconf 90' lang='lat' dir='ltr'>se·</span> <span class='ocrx_word' id='word_1_15' title='bbox 820 411 848 478; x_wconf 82' lang='grc' dir='ltr'><strong>Α</strong></span> <span class='ocrx_word' id='word_1_16' title='bbox 862 412 933 470; x_wconf 90' lang='lat' dir='ltr'>estis</span> <span class='ocrx_word' id='word_1_17' title='bbox 949 412 979 468; x_wconf 92' lang='lat' dir='ltr'>in</span> <span class='ocrx_word' id='word_1_18' title='bbox 995 412 1128 482; x_wconf 90' lang='lat' dir='ltr'>Domino,</span> <span class='ocrx_word' id='word_1_19' title='bbox 1145 411 1292 472; x_wconf 85' lang='lat' dir='ltr'>civitatem</span> <span class='ocrx_word' id='word_1_20' title='bbox 1308 417 1440 472; x_wconf 89' lang='lat' dir='ltr'>sanctam</span> <span class='ocrx_word' id='word_1_21' title='bbox 1455 418 1485 473; x_wconf 89' lang='lat' dir='ltr'>et</span> <span class='ocrx_word' id='word_1_22' title='bbox 1498 414 1646 491; x_wconf 89' lang='lat' dir='ltr'>regionem</span> <span class='ocrx_word' id='word_1_23' title='bbox 1657 420 1687 477; x_wconf 89' lang='lat' dir='ltr'>et</span> 
     </span>
     <span class='ocr_line' id='line_1_3' title="bbox 77 501 1686 574; baseline 0.004 -17"><span class='ocrx_word' id='word_1_24' title='bbox 77 523 81 558; x_wconf 86' lang='grc' dir='ltr'>ι</span> <span class='ocrx_word' id='word_1_25' title='bbox 95 501 125 558; x_wconf 90' lang='lat' dir='ltr'>in</span> <span class='ocrx_word' id='word_1_26' title='bbox 142 501 268 557; x_wconf 91' lang='lat' dir='ltr'>Christo.</span> <span class='ocrx_word' id='word_1_27' title='bbox 862 502 1030 560; x_wconf 90' lang='lat' dir='ltr'>universam</span> <span class='ocrx_word' id='word_1_28' title='bbox 1045 503 1240 574; x_wconf 84' lang='lat' dir='ltr'>adjacentem,</span> <span class='ocrx_word' id='word_1_29' title='bbox 1252 508 1280 560; x_wconf 91' lang='lat' dir='ltr'>et</span> <span class='ocrx_word' id='word_1_30' title='bbox 1295 503 1445 561; x_wconf 87' lang='lat' dir='ltr'>universos</span> <span class='ocrx_word' id='word_1_31' title='bbox 1456 506 1522 562; x_wconf 88' lang='lat' dir='ltr'>fidei</span> <span class='ocrx_word' id='word_1_32' title='bbox 1538 506 1686 564; x_wconf 75' lang='lat' dir='ltr'>catholica</span> 
     </span>
     <span class='ocr_line' id='line_1_4' title="bbox 77 589 1687 666; baseline 0.004 -20"><span class='ocrx_word' id='word_1_33' title='bbox 77 591 128 647; x_wconf 89' lang='lat' dir='ltr'>itia</span> <span class='ocrx_word' id='word_1_34' title='bbox 143 595 248 646; x_wconf 79' lang='lat' dir='ltr'>nostra</span> <span class='ocrx_word' id='word_1_35' title='bbox 263 590 446 647; x_wconf 80' lang='lat' dir='ltr'>infirmitatis</span> <span class='ocrx_word' id='word_1_36' title='bbox 457 589 600 646; x_wconf 84' lang='lat' dir='ltr'>Dominus</span> <span class='ocrx_word' id='word_1_37' title='bbox 611 589 738 660; x_wconf 84' lang='lat' dir='ltr'>agnovit,</span> <span class='ocrx_word' id='word_1_38' title='bbox 756 589 807 644; x_wconf 91' lang='lat' dir='ltr'>do·</span> <span class='ocrx_word' id='word_1_39' title='bbox 862 591 1029 647; x_wconf 75' lang='lat' dir='ltr'><strong>charactere</strong></span> <span class='ocrx_word' id='word_1_40' title='bbox 1040 592 1487 666; x_wconf 83' lang='lat' dir='ltr'>insignitos,protegere,fovere,</span> <span class='ocrx_word' id='word_1_41' title='bbox 1500 601 1687 654; x_wconf 89' lang='lat' dir='ltr'>manutenere</span> 
     </span>
     <span class='ocr_line' id='line_1_5' title="bbox 79 678 1688 755; baseline 0.004 -20"><span class='ocrx_word' id='word_1_42' title='bbox 79 680 125 753; x_wconf 90' lang='lat' dir='ltr'>pie</span> <span class='ocrx_word' id='word_1_43' title='bbox 141 697 199 748; x_wconf 86' lang='lat' dir='ltr'>rex,</span> <span class='ocrx_word' id='word_1_44' title='bbox 222 681 299 751; x_wconf 91' lang='lat' dir='ltr'>quod</span> <span class='ocrx_word' id='word_1_45' title='bbox 316 696 362 736; x_wconf 89' lang='lat' dir='ltr'>res</span> <span class='ocrx_word' id='word_1_46' title='bbox 378 684 405 735; x_wconf 88' lang='lat' dir='ltr'>ct</span> <span class='ocrx_word' id='word_1_47' title='bbox 420 678 621 751; x_wconf 89' lang='lat' dir='ltr'>possessiones</span> <span class='ocrx_word' id='word_1_48' title='bbox 636 695 710 750; x_wconf 88' lang='lat' dir='ltr'>quas</span> <span class='ocrx_word' id='word_1_49' title='bbox 726 694 807 750; x_wconf 89' lang='lat' dir='ltr'>pere·</span> <span class='ocrx_word' id='word_1_50' title='bbox 863 697 896 736; x_wconf 90' lang='lat' dir='ltr'>ae</span> <span class='ocrx_word' id='word_1_51' title='bbox 907 681 1103 737; x_wconf 89' lang='lat' dir='ltr'>corroborare.</span> <span class='ocrx_word' id='word_1_52' title='bbox 1116 681 1145 737; x_wconf 83' lang='lat' dir='ltr'>Si</span> <span class='ocrx_word' id='word_1_53' title='bbox 1157 682 1256 754; x_wconf 88' lang='lat' dir='ltr'>itaque</span> <span class='ocrx_word' id='word_1_54' title='bbox 1267 682 1394 755; x_wconf 78' lang='lat' dir='ltr'>Spiritus</span> <span class='ocrx_word' id='word_1_55' title='bbox 1405 683 1519 740; x_wconf 92' lang='lat' dir='ltr'>consilii</span> <span class='ocrx_word' id='word_1_56' title='bbox 1532 685 1688 742; x_wconf 73' lang='lat' dir='ltr'>Serenitati</span> 
     </span>
     <span class='ocr_line' id='line_1_6' title="bbox 77 766 1690 847; baseline 0.004 -22"><span class='ocrx_word' id='word_1_57' title='bbox 77 774 175 825; x_wconf 88' lang='lat' dir='ltr'>sancto</span> <span class='ocrx_word' id='word_1_58' title='bbox 196 768 340 824; x_wconf 89' lang='lat' dir='ltr'>desiderio</span> <span class='ocrx_word' id='word_1_59' title='bbox 355 769 411 823; x_wconf 90' lang='lat' dir='ltr'>iter</span> <span class='ocrx_word' id='word_1_60' title='bbox 425 767 605 823; x_wconf 78' lang='lat' dir='ltr'>Hierusalem</span> <span class='ocrx_word' id='word_1_61' title='bbox 623 766 806 838; x_wconf 83' lang='lat' dir='ltr'>arripientes,</span> <span class='ocrx_word' id='word_1_62' title='bbox 862 775 964 825; x_wconf 78' lang='lat' dir='ltr'>vestra</span> <span class='ocrx_word' id='word_1_63' title='bbox 981 771 1142 842; x_wconf 77' lang='lat' dir='ltr'>magnificae</span> <span class='ocrx_word' id='word_1_64' title='bbox 1157 770 1311 843; x_wconf 83' lang='lat' dir='ltr'>inspiravit</span> <span class='ocrx_word' id='word_1_65' title='bbox 1325 771 1398 828; x_wconf 90' lang='lat' dir='ltr'>velle</span> <span class='ocrx_word' id='word_1_66' title='bbox 1413 771 1530 842; x_wconf 89' lang='lat' dir='ltr'>iterum,</span> <span class='ocrx_word' id='word_1_67' title='bbox 1547 774 1583 830; x_wconf 90' lang='lat' dir='ltr'>ad</span> <span class='ocrx_word' id='word_1_68' title='bbox 1599 775 1690 847; x_wconf 80' lang='lat' dir='ltr'>majo·</span> 
     </span>
     <span class='ocr_line' id='line_1_7' title="bbox 86 856 1689 926; baseline 0.004 -12"><span class='ocrx_word' id='word_1_69' title='bbox 86 857 203 914; x_wconf 91' lang='lat' dir='ltr'>videndi</span> <span class='ocrx_word' id='word_1_70' title='bbox 219 862 350 913; x_wconf 90' lang='lat' dir='ltr'>sanctam</span> <span class='ocrx_word' id='word_1_71' title='bbox 371 857 477 912; x_wconf 84' lang='lat' dir='ltr'>Christi</span> <span class='ocrx_word' id='word_1_72' title='bbox 494 856 735 912; x_wconf 87' lang='lat' dir='ltr'>resurrectionem</span> <span class='ocrx_word' id='word_1_73' title='bbox 752 857 808 911; x_wconf 92' lang='lat' dir='ltr'>snb</span> <span class='ocrx_word' id='word_1_74' title='bbox 862 876 924 915; x_wconf 90' lang='lat' dir='ltr'>rem</span> <span class='ocrx_word' id='word_1_75' title='bbox 940 875 1077 915; x_wconf 88' lang='lat' dir='ltr'>eoronam</span> <span class='ocrx_word' id='word_1_76' title='bbox 1092 859 1191 926; x_wconf 87' lang='lat' dir='ltr'>vestri,</span> <span class='ocrx_word' id='word_1_77' title='bbox 1208 859 1325 916; x_wconf 88' lang='lat' dir='ltr'>visitare</span> <span class='ocrx_word' id='word_1_78' title='bbox 1350 861 1447 917; x_wconf 86' lang='lat' dir='ltr'>locum</span> <span class='ocrx_word' id='word_1_79' title='bbox 1472 861 1523 918; x_wconf 90' lang='lat' dir='ltr'>ubi</span> <span class='ocrx_word' id='word_1_80' title='bbox 1545 866 1689 920; x_wconf 90' lang='lat' dir='ltr'>steterunt</span> 
     </span>
     <span class='ocr_line' id='line_1_8' title="bbox 77 945 1687 1021; baseline 0.004 -17"><span class='ocrx_word' id='word_1_81' title='bbox 77 963 209 1004; x_wconf 81' lang='lat' dir='ltr'>amanus</span> <span class='ocrx_word' id='word_1_82' title='bbox 222 951 335 1015; x_wconf 76' lang='lat' dir='ltr'>vestre,</span> <span class='ocrx_word' id='word_1_83' title='bbox 353 945 447 1003; x_wconf 88' lang='lat' dir='ltr'>salvas</span> <span class='ocrx_word' id='word_1_84' title='bbox 462 950 490 1001; x_wconf 89' lang='lat' dir='ltr'>et</span> <span class='ocrx_word' id='word_1_85' title='bbox 506 945 611 1001; x_wconf 85' lang='lat' dir='ltr'>illaesas</span> <span class='ocrx_word' id='word_1_86' title='bbox 636 945 806 1001; x_wconf 85' lang='lat' dir='ltr'>consistere.</span> <span class='ocrx_word' id='word_1_87' title='bbox 863 948 951 1020; x_wconf 87' lang='lat' dir='ltr'>pedes</span> <span class='ocrx_word' id='word_1_88' title='bbox 967 947 1082 1004; x_wconf 87' lang='lat' dir='ltr'>Domini</span> <span class='ocrx_word' id='word_1_89' title='bbox 1099 948 1298 1021; x_wconf 82' lang='lat' dir='ltr'>corporaliter,</span> <span class='ocrx_word' id='word_1_90' title='bbox 1315 950 1402 1005; x_wconf 92' lang='lat' dir='ltr'>modo</span> <span class='ocrx_word' id='word_1_91' title='bbox 1424 950 1568 1008; x_wconf 88' lang='lat' dir='ltr'>instanter</span> <span class='ocrx_word' id='word_1_92' title='bbox 1583 952 1687 1010; x_wconf 88' lang='lat' dir='ltr'>saltem</span> 
     </span>
    </p>
   </div>
   <div class='ocr_carea' id='block_1_3' title="bbox 77 1034 809 1555">
    <p class='ocr_par' dir='ltr' id='par_1_3' title="bbox 77 1034 809 1555">
     <span class='ocr_line' id='line_1_9' title="bbox 77 1034 809 1107; baseline -0.005 -14"><span class='ocrx_word' id='word_1_93' title='bbox 77 1053 94 1093; x_wconf 92' lang='lat' dir='ltr'>o</span> <span class='ocrx_word' id='word_1_94' title='bbox 108 1035 257 1092; x_wconf 86' lang='lat' dir='ltr'>altitudini</span> <span class='ocrx_word' id='word_1_95' title='bbox 273 1040 375 1092; x_wconf 79' lang='lat' dir='ltr'>vestra</span> <span class='ocrx_word' id='word_1_96' title='bbox 391 1035 603 1107; x_wconf 87' lang='lat' dir='ltr'>supplicamus,</span> <span class='ocrx_word' id='word_1_97' title='bbox 617 1039 763 1107; x_wconf 88' lang='lat' dir='ltr'>quatenus</span> <span class='ocrx_word' id='word_1_98' title='bbox 774 1034 809 1089; x_wconf 91' lang='lat' dir='ltr'>de</span> 
     </span>
     <span class='ocr_line' id='line_1_10' title="bbox 78 1123 808 1197; baseline -0.007 -14"><span class='ocrx_word' id='word_1_99' title='bbox 78 1127 162 1183; x_wconf 90' lang='lat' dir='ltr'>sdam</span> <span class='ocrx_word' id='word_1_100' title='bbox 179 1124 427 1191; x_wconf 83' lang='lat' dir='ltr'>malefactoribus,</span> <span class='ocrx_word' id='word_1_101' title='bbox 444 1125 494 1197; x_wconf 93' lang='lat' dir='ltr'>qui</span> <span class='ocrx_word' id='word_1_102' title='bbox 519 1129 628 1179; x_wconf 85' lang='lat' dir='ltr'>terram</span> <span class='ocrx_word' id='word_1_103' title='bbox 653 1123 808 1195; x_wconf 87' lang='lat' dir='ltr'>cujusdam</span> 
     </span>
     <span class='ocr_line' id='line_1_11' title="bbox 77 1211 808 1284; baseline -0.007 -14"><span class='ocrx_word' id='word_1_104' title='bbox 77 1213 139 1280; x_wconf 87' lang='lat' dir='ltr'>viri,</span> <span class='ocrx_word' id='word_1_105' title='bbox 150 1213 281 1270; x_wconf 86' lang='lat' dir='ltr'>videlicet</span> <span class='ocrx_word' id='word_1_106' title='bbox 294 1213 445 1269; x_wconf 88' lang='lat' dir='ltr'>Guillermi</span> <span class='ocrx_word' id='word_1_107' title='bbox 458 1214 493 1268; x_wconf 93' lang='lat' dir='ltr'>de</span> <span class='ocrx_word' id='word_1_108' title='bbox 509 1213 656 1284; x_wconf 87' lang='lat' dir='ltr'>Donperre</span> <span class='ocrx_word' id='word_1_109' title='bbox 674 1211 808 1267; x_wconf 89' lang='lat' dir='ltr'>incendio</span> 
     </span>
     <span class='ocr_line' id='line_1_12' title="bbox 77 1299 809 1376; baseline -0.007 -17"><span class='ocrx_word' id='word_1_110' title='bbox 77 1321 84 1359; x_wconf 84' lang='lat' dir='ltr'>r</span> <span class='ocrx_word' id='word_1_111' title='bbox 105 1303 293 1376; x_wconf 84' lang='lat' dir='ltr'>perversitate</span> <span class='ocrx_word' id='word_1_112' title='bbox 317 1307 530 1372; x_wconf 88' lang='lat' dir='ltr'>cremaverunt,</span> <span class='ocrx_word' id='word_1_113' title='bbox 548 1301 611 1373; x_wconf 93' lang='lat' dir='ltr'>ipso</span> <span class='ocrx_word' id='word_1_114' title='bbox 628 1299 809 1356; x_wconf 85' lang='lat' dir='ltr'>Hierusalem</span> 
     </span>
     <span class='ocr_line' id='line_1_13' title="bbox 77 1389 809 1462; baseline -0.005 -14"><span class='ocrx_word' id='word_1_115' title='bbox 77 1389 809 1462; x_wconf 71' lang='lat' dir='ltr'>montetalemindejustitiamplaceatl&#39;acere,quod</span> 
     </span>
     <span class='ocr_line' id='line_1_14' title="bbox 77 1477 809 1555; baseline -0.004 -18"><span class='ocrx_word' id='word_1_116' title='bbox 77 1477 809 1555; x_wconf 74' lang='lat' dir='ltr'>quiaudierit,ampliusnonprasumatconsimile·</span> 
     </span>
    </p>
   </div>
   <div class='ocr_carea' id='block_1_4' title="bbox 372 1659 420 1714">
    <p class='ocr_par' dir='ltr' id='par_1_4' title="bbox 372 1659 420 1714">
     <span class='ocr_line' id='line_1_15' title="bbox 372 1659 420 1714; baseline -0.021 0"><span class='ocrx_word' id='word_1_117' title='bbox 372 1659 420 1714; x_wconf 89' lang='grc' dir='ltr'><strong>ΙΙΙ.</strong></span> 
     </span>
    </p>
   </div>
   <div class='ocr_carea' id='block_1_5' title="bbox 77 1765 810 2891">
    <p class='ocr_par' dir='ltr' id='par_1_5' title="bbox 135 1765 657 1806">
     <span class='ocr_line' id='line_1_16' title="bbox 135 1765 657 1806; baseline -0.006 0"><span class='ocrx_word' id='word_1_118' title='bbox 135 1766 269 1806; x_wconf 74' lang='lat' dir='ltr'>armenica</span> <span class='ocrx_word' id='word_1_119' title='bbox 289 1767 367 1805; x_wconf 78' lang='lat' dir='ltr'>aneis</span> <span class='ocrx_word' id='word_1_120' title='bbox 386 1765 657 1804; x_wconf 74' lang='lat' dir='ltr'>aranosom&#39;uoaunr.</span> 
     </span>
    </p>

    <p class='ocr_par' dir='ltr' id='par_1_6' title="bbox 77 1836 809 2074">
     <span class='ocr_line' id='line_1_17' title="bbox 77 1836 809 1911; baseline 0 -18"><span class='ocrx_word' id='word_1_121' title='bbox 77 1856 174 1905; x_wconf 71' lang='lat' dir='ltr'>tovrco,</span> <span class='ocrx_word' id='word_1_122' title='bbox 188 1856 240 1911; x_wconf 92' lang='lat' dir='ltr'>per</span> <span class='ocrx_word' id='word_1_123' title='bbox 251 1838 301 1894; x_wconf 91' lang='lat' dir='ltr'>Dei</span> <span class='ocrx_word' id='word_1_124' title='bbox 313 1837 437 1911; x_wconf 88' lang='lat' dir='ltr'>gratiam</span> <span class='ocrx_word' id='word_1_125' title='bbox 451 1838 628 1893; x_wconf 80' lang='lat' dir='ltr'>Francorum</span> <span class='ocrx_word' id='word_1_126' title='bbox 638 1836 698 1911; x_wconf 91' lang='lat' dir='ltr'>regi</span> <span class='ocrx_word' id='word_1_127' title='bbox 707 1836 809 1910; x_wconf 89' lang='lat' dir='ltr'>glorio·</span> 
     </span>
     <span class='ocr_line' id='line_1_18' title="bbox 77 1926 807 2000; baseline -0.003 -16"><span class='ocrx_word' id='word_1_128' title='bbox 77 1926 807 2000; x_wconf 77' lang='lat' dir='ltr'>ro,Auacnrcospereamdemierosolymorumrex,</span> 
     </span>
     <span class='ocr_line' id='line_1_19' title="bbox 77 2034 122 2074; baseline 0.067 -3"><span class='ocrx_word' id='word_1_129' title='bbox 77 2034 122 2074; x_wconf 78' lang='lat' dir='ltr'>tm.</span> 
     </span>
    </p>

    <p class='ocr_par' dir='ltr' id='par_1_7' title="bbox 77 2106 810 2891">
     <span class='ocr_line' id='line_1_20' title="bbox 77 2106 808 2176; baseline -0.003 -13"><span class='ocrx_word' id='word_1_130' title='bbox 77 2106 808 2176; x_wconf 80' lang='lat' dir='ltr'>traoredimusinnotuisscserenitati,oharissime,</span> 
     </span>
     <span class='ocr_line' id='line_1_21' title="bbox 79 2194 807 2268; baseline -0.005 -14"><span class='ocrx_word' id='word_1_131' title='bbox 79 2214 145 2254; x_wconf 88' lang='lat' dir='ltr'>rum</span> <span class='ocrx_word' id='word_1_132' title='bbox 156 2213 189 2251; x_wconf 86' lang='lat' dir='ltr'>ex</span> <span class='ocrx_word' id='word_1_133' title='bbox 198 2195 476 2264; x_wconf 88' lang='lat' dir='ltr'>relationeveridion,</span> <span class='ocrx_word' id='word_1_134' title='bbox 489 2194 629 2267; x_wconf 88' lang='lat' dir='ltr'>quoniam</span> <span class='ocrx_word' id='word_1_135' title='bbox 639 2199 807 2268; x_wconf 86' lang='lat' dir='ltr'>postquam,</span> 
     </span>
     <span class='ocr_line' id='line_1_22' title="bbox 77 2283 808 2356; baseline -0.003 -14"><span class='ocrx_word' id='word_1_136' title='bbox 77 2285 232 2343; x_wconf 88' lang='lat' dir='ltr'>tisnostris</span> <span class='ocrx_word' id='word_1_137' title='bbox 248 2284 442 2356; x_wconf 79' lang='lat' dir='ltr'>exigentibus,</span> <span class='ocrx_word' id='word_1_138' title='bbox 460 2284 595 2356; x_wconf 89' lang='lat' dir='ltr'>princeps</span> <span class='ocrx_word' id='word_1_139' title='bbox 610 2283 808 2340; x_wconf 82' lang='lat' dir='ltr'>Antiochenus</span> 
     </span>
     <span class='ocr_line' id='line_1_23' title="bbox 77 2372 809 2447; baseline -0.004 -16"><span class='ocrx_word' id='word_1_140' title='bbox 77 2375 120 2431; x_wconf 90' lang='lat' dir='ltr'>eis</span> <span class='ocrx_word' id='word_1_141' title='bbox 144 2378 248 2447; x_wconf 88' lang='lat' dir='ltr'>captus</span> <span class='ocrx_word' id='word_1_142' title='bbox 275 2373 340 2439; x_wconf 88' lang='lat' dir='ltr'>fuit,</span> <span class='ocrx_word' id='word_1_143' title='bbox 357 2377 385 2428; x_wconf 88' lang='lat' dir='ltr'>et</span> <span class='ocrx_word' id='word_1_144' title='bbox 401 2389 502 2428; x_wconf 88' lang='lat' dir='ltr'>omnes</span> <span class='ocrx_word' id='word_1_145' title='bbox 519 2372 565 2427; x_wconf 93' lang='lat' dir='ltr'>sui</span> <span class='ocrx_word' id='word_1_146' title='bbox 580 2377 630 2428; x_wconf 92' lang='lat' dir='ltr'>aut</span> <span class='ocrx_word' id='word_1_147' title='bbox 643 2373 809 2445; x_wconf 89' lang='lat' dir='ltr'>captivitate</span> 
     </span>
     <span class='ocr_line' id='line_1_24' title="bbox 77 2462 808 2536; baseline -0.001 -17"><span class='ocrx_word' id='word_1_148' title='bbox 77 2468 143 2521; x_wconf 71' lang='lat' dir='ltr'>‚orte</span> <span class='ocrx_word' id='word_1_149' title='bbox 157 2464 261 2536; x_wconf 89' lang='lat' dir='ltr'>perditi</span> <span class='ocrx_word' id='word_1_150' title='bbox 279 2467 307 2518; x_wconf 91' lang='lat' dir='ltr'>et</span> <span class='ocrx_word' id='word_1_151' title='bbox 322 2462 504 2535; x_wconf 91' lang='lat' dir='ltr'>pessumdati</span> <span class='ocrx_word' id='word_1_152' title='bbox 520 2465 641 2529; x_wconf 90' lang='lat' dir='ltr'>sunt,cx</span> <span class='ocrx_word' id='word_1_153' title='bbox 651 2463 808 2534; x_wconf 86' lang='lat' dir='ltr'>improviso</span> 
     </span>
     <span class='ocr_line' id='line_1_25' title="bbox 77 2551 810 2625; baseline -0.003 -16"><span class='ocrx_word' id='word_1_154' title='bbox 77 2552 487 2625; x_wconf 86' lang='lat' dir='ltr'>venitrepentinusinteritus.</span> <span class='ocrx_word' id='word_1_155' title='bbox 501 2551 810 2607; x_wconf 79' lang='lat' dir='ltr'>Asaeeuloetenimin·</span> 
     </span>
     <span class='ocr_line' id='line_1_26' title="bbox 77 2640 808 2713; baseline -0.003 -15"><span class='ocrx_word' id='word_1_156' title='bbox 77 2660 104 2700; x_wconf 85' lang='lat' dir='ltr'>rs</span> <span class='ocrx_word' id='word_1_157' title='bbox 131 2647 324 2707; x_wconf 73' lang='lat' dir='ltr'>terremotus,</span> <span class='ocrx_word' id='word_1_158' title='bbox 350 2640 479 2707; x_wconf 90' lang='lat' dir='ltr'>castella,</span> <span class='ocrx_word' id='word_1_159' title='bbox 505 2645 611 2706; x_wconf 88' lang='lat' dir='ltr'>turres,</span> <span class='ocrx_word' id='word_1_160' title='bbox 638 2640 808 2713; x_wconf 89' lang='lat' dir='ltr'>municipia,</span> 
     </span>
     <span class='ocr_line' id='line_1_27' title="bbox 77 2729 809 2802; baseline -0.004 -15"><span class='ocrx_word' id='word_1_161' title='bbox 77 2731 218 2787; x_wconf 82' lang='lat' dir='ltr'>tferetam</span> <span class='ocrx_word' id='word_1_162' title='bbox 229 2731 257 2785; x_wconf 91' lang='lat' dir='ltr'>in</span> <span class='ocrx_word' id='word_1_163' title='bbox 275 2731 423 2786; x_wconf 87' lang='lat' dir='ltr'>montanis</span> <span class='ocrx_word' id='word_1_164' title='bbox 439 2747 528 2802; x_wconf 90' lang='lat' dir='ltr'>quam</span> <span class='ocrx_word' id='word_1_165' title='bbox 544 2730 573 2785; x_wconf 93' lang='lat' dir='ltr'>in</span> <span class='ocrx_word' id='word_1_166' title='bbox 592 2729 697 2802; x_wconf 87' lang='lat' dir='ltr'>planis,</span> <span class='ocrx_word' id='word_1_167' title='bbox 709 2729 809 2785; x_wconf 90' lang='lat' dir='ltr'>tamin</span> 
     </span>
     <span class='ocr_line' id='line_1_28' title="bbox 77 2818 809 2891; baseline -0.001 -17"><span class='ocrx_word' id='word_1_168' title='bbox 77 2820 136 2876; x_wconf 67' lang='lat' dir='ltr'>thia</span> <span class='ocrx_word' id='word_1_169' title='bbox 160 2836 247 2891; x_wconf 87' lang='lat' dir='ltr'>quam</span> <span class='ocrx_word' id='word_1_170' title='bbox 267 2819 297 2874; x_wconf 90' lang='lat' dir='ltr'>in</span> <span class='ocrx_word' id='word_1_171' title='bbox 311 2820 449 2875; x_wconf 88' lang='lat' dir='ltr'>omnibus</span> <span class='ocrx_word' id='word_1_172' title='bbox 465 2819 489 2874; x_wconf 92' lang='lat' dir='ltr'>ei</span> <span class='ocrx_word' id='word_1_173' title='bbox 507 2818 721 2890; x_wconf 87' lang='lat' dir='ltr'>adjacentibus,</span> <span class='ocrx_word' id='word_1_174' title='bbox 739 2823 809 2874; x_wconf 90' lang='lat' dir='ltr'>tune</span> 
     </span>
    </p>
   </div>
   <div class='ocr_carea' id='block_1_6' title="bbox 862 1035 1689 2084">
    <p class='ocr_par' dir='ltr' id='par_1_8' title="bbox 862 1035 1689 2084">
     <span class='ocr_line' id='line_1_29' title="bbox 863 1035 1687 1111; baseline 0.008 -19"><span class='ocrx_word' id='word_1_175' title='bbox 863 1037 893 1092; x_wconf 92' lang='lat' dir='ltr'>in</span> <span class='ocrx_word' id='word_1_176' title='bbox 904 1037 958 1092; x_wconf 90' lang='lat' dir='ltr'>hae</span> <span class='ocrx_word' id='word_1_177' title='bbox 967 1035 1194 1094; x_wconf 73' lang='lat' dir='ltr'>Christianitatis</span> <span class='ocrx_word' id='word_1_178' title='bbox 1209 1054 1317 1111; x_wconf 91' lang='lat' dir='ltr'>magna</span> <span class='ocrx_word' id='word_1_179' title='bbox 1327 1039 1498 1097; x_wconf 81' lang='lat' dir='ltr'>necessitate</span> <span class='ocrx_word' id='word_1_180' title='bbox 1507 1041 1687 1100; x_wconf 80' lang='lat' dir='ltr'>etanxietate</span> 
     </span>
     <span class='ocr_line' id='line_1_30' title="bbox 863 1125 1686 1201; baseline 0.009 -20"><span class='ocrx_word' id='word_1_181' title='bbox 863 1125 1048 1194; x_wconf 89' lang='lat' dir='ltr'>multimoda,</span> <span class='ocrx_word' id='word_1_182' title='bbox 1065 1126 1162 1182; x_wconf 89' lang='lat' dir='ltr'>venire</span> <span class='ocrx_word' id='word_1_183' title='bbox 1177 1144 1235 1182; x_wconf 92' lang='lat' dir='ltr'>non</span> <span class='ocrx_word' id='word_1_184' title='bbox 1250 1127 1408 1201; x_wconf 88' lang='lat' dir='ltr'>denegetis,</span> <span class='ocrx_word' id='word_1_185' title='bbox 1426 1144 1478 1185; x_wconf 91' lang='lat' dir='ltr'>nee</span> <span class='ocrx_word' id='word_1_186' title='bbox 1493 1128 1686 1188; x_wconf 81' lang='lat' dir='ltr'>differatisln</span> 
     </span>
     <span class='ocr_line' id='line_1_31' title="bbox 863 1214 1685 1288; baseline 0.007 -18"><span class='ocrx_word' id='word_1_187' title='bbox 863 1218 959 1271; x_wconf 90' lang='lat' dir='ltr'>vestra</span> <span class='ocrx_word' id='word_1_188' title='bbox 975 1214 1129 1272; x_wconf 88' lang='lat' dir='ltr'>sanctitate</span> <span class='ocrx_word' id='word_1_189' title='bbox 1144 1216 1222 1271; x_wconf 90' lang='lat' dir='ltr'>enim</span> <span class='ocrx_word' id='word_1_190' title='bbox 1239 1216 1370 1272; x_wconf 91' lang='lat' dir='ltr'>omnium</span> <span class='ocrx_word' id='word_1_191' title='bbox 1381 1221 1447 1273; x_wconf 89' lang='lat' dir='ltr'>vota</span> <span class='ocrx_word' id='word_1_192' title='bbox 1457 1217 1685 1288; x_wconf 70' lang='lat' dir='ltr'>conveniuntet,</span> 
     </span>
     <span class='ocr_line' id='line_1_32' title="bbox 864 1305 1686 1383; baseline 0.01 -25"><span class='ocrx_word' id='word_1_193' title='bbox 864 1320 915 1376; x_wconf 90' lang='lat' dir='ltr'>pre</span> <span class='ocrx_word' id='word_1_194' title='bbox 931 1308 1006 1361; x_wconf 91' lang='lat' dir='ltr'>nutu</span> <span class='ocrx_word' id='word_1_195' title='bbox 1021 1309 1116 1360; x_wconf 89' lang='lat' dir='ltr'>vestro</span> <span class='ocrx_word' id='word_1_196' title='bbox 1132 1310 1160 1361; x_wconf 92' lang='lat' dir='ltr'>et</span> <span class='ocrx_word' id='word_1_197' title='bbox 1183 1306 1278 1361; x_wconf 92' lang='lat' dir='ltr'>amico</span> <span class='ocrx_word' id='word_1_198' title='bbox 1301 1305 1435 1378; x_wconf 89' lang='lat' dir='ltr'>imperio,</span> <span class='ocrx_word' id='word_1_199' title='bbox 1452 1323 1505 1364; x_wconf 87' lang='lat' dir='ltr'>noa</span> <span class='ocrx_word' id='word_1_200' title='bbox 1520 1311 1549 1365; x_wconf 84' lang='lat' dir='ltr'>et</span> <span class='ocrx_word' id='word_1_201' title='bbox 1562 1325 1686 1383; x_wconf 88' lang='lat' dir='ltr'>regnum</span> 
     </span>
     <span class='ocr_line' id='line_1_33' title="bbox 864 1394 1686 1468; baseline 0.009 -19"><span class='ocrx_word' id='word_1_202' title='bbox 864 1397 998 1450; x_wconf 87' lang='lat' dir='ltr'>nostrum</span> <span class='ocrx_word' id='word_1_203' title='bbox 1013 1397 1106 1450; x_wconf 81' lang='lat' dir='ltr'>totum</span> <span class='ocrx_word' id='word_1_204' title='bbox 1123 1394 1333 1450; x_wconf 84' lang='lat' dir='ltr'>exsudabimus</span> <span class='ocrx_word' id='word_1_205' title='bbox 1348 1395 1435 1468; x_wconf 86' lang='lat' dir='ltr'>digne</span> <span class='ocrx_word' id='word_1_206' title='bbox 1450 1397 1519 1453; x_wconf 91' lang='lat' dir='ltr'>Deo.</span> <span class='ocrx_word' id='word_1_207' title='bbox 1529 1398 1569 1454; x_wconf 90' lang='lat' dir='ltr'>De</span> <span class='ocrx_word' id='word_1_208' title='bbox 1584 1403 1686 1456; x_wconf 76' lang='lat' dir='ltr'>catere</span> 
     </span>
     <span class='ocr_line' id='line_1_34' title="bbox 863 1482 1689 1558; baseline 0.011 -22"><span class='ocrx_word' id='word_1_209' title='bbox 863 1487 966 1539; x_wconf 80' lang='lat' dir='ltr'>vestra</span> <span class='ocrx_word' id='word_1_210' title='bbox 978 1483 1220 1540; x_wconf 87' lang='lat' dir='ltr'>commendamus</span> <span class='ocrx_word' id='word_1_211' title='bbox 1234 1482 1402 1556; x_wconf 81' lang='lat' dir='ltr'>paternitati</span> <span class='ocrx_word' id='word_1_212' title='bbox 1418 1486 1607 1558; x_wconf 75' lang='lat' dir='ltr'>presentium</span> <span class='ocrx_word' id='word_1_213' title='bbox 1617 1486 1689 1545; x_wconf 84' lang='lat' dir='ltr'>lato·</span> 
     </span>
     <span class='ocr_line' id='line_1_35' title="bbox 865 1572 1688 1646; baseline 0.006 -19"><span class='ocrx_word' id='word_1_214' title='bbox 865 1589 936 1639; x_wconf 89' lang='lat' dir='ltr'>rem,</span> <span class='ocrx_word' id='word_1_215' title='bbox 949 1589 1061 1646; x_wconf 77' lang='lat' dir='ltr'>magna</span> <span class='ocrx_word' id='word_1_216' title='bbox 1072 1572 1235 1629; x_wconf 89' lang='lat' dir='ltr'>honestatis</span> <span class='ocrx_word' id='word_1_217' title='bbox 1245 1573 1351 1641; x_wconf 88' lang='lat' dir='ltr'>virum,</span> <span class='ocrx_word' id='word_1_218' title='bbox 1364 1578 1392 1630; x_wconf 89' lang='lat' dir='ltr'>et</span> <span class='ocrx_word' id='word_1_219' title='bbox 1405 1574 1611 1646; x_wconf 87' lang='lat' dir='ltr'>venerabilem,</span> <span class='ocrx_word' id='word_1_220' title='bbox 1624 1576 1688 1632; x_wconf 85' lang='lat' dir='ltr'>Ma·</span> 
     </span>
     <span class='ocr_line' id='line_1_36' title="bbox 864 1661 1688 1738; baseline 0.007 -22"><span class='ocrx_word' id='word_1_221' title='bbox 864 1661 984 1717; x_wconf 78' lang='lat' dir='ltr'>mistria</span> <span class='ocrx_word' id='word_1_222' title='bbox 1000 1661 1291 1734; x_wconf 77' lang='lat' dir='ltr'>archipraesulem,ad</span> <span class='ocrx_word' id='word_1_223' title='bbox 1301 1662 1400 1718; x_wconf 91' lang='lat' dir='ltr'>omnia</span> <span class='ocrx_word' id='word_1_224' title='bbox 1410 1664 1484 1719; x_wconf 90' lang='lat' dir='ltr'>bene</span> <span class='ocrx_word' id='word_1_225' title='bbox 1495 1665 1609 1738; x_wconf 89' lang='lat' dir='ltr'>agenda</span> <span class='ocrx_word' id='word_1_226' title='bbox 1618 1668 1688 1722; x_wconf 88' lang='lat' dir='ltr'>stre·</span> 
     </span>
     <span class='ocr_line' id='line_1_37' title="bbox 865 1751 1689 1832; baseline 0.008 -28"><span class='ocrx_word' id='word_1_227' title='bbox 865 1766 968 1818; x_wconf 89' lang='lat' dir='ltr'>nuum,</span> <span class='ocrx_word' id='word_1_228' title='bbox 981 1755 1126 1822; x_wconf 88' lang='lat' dir='ltr'>quatenus</span> <span class='ocrx_word' id='word_1_229' title='bbox 1137 1767 1204 1807; x_wconf 88' lang='lat' dir='ltr'>cum</span> <span class='ocrx_word' id='word_1_230' title='bbox 1219 1751 1343 1825; x_wconf 90' lang='lat' dir='ltr'>benigne</span> <span class='ocrx_word' id='word_1_231' title='bbox 1358 1751 1516 1832; x_wconf 83' lang='lat' dir='ltr'>recipiatis,</span> <span class='ocrx_word' id='word_1_232' title='bbox 1528 1757 1556 1810; x_wconf 92' lang='lat' dir='ltr'>et</span> <span class='ocrx_word' id='word_1_233' title='bbox 1570 1753 1596 1810; x_wconf 92' lang='lat' dir='ltr'>ei</span> <span class='ocrx_word' id='word_1_234' title='bbox 1611 1753 1689 1811; x_wconf 70' lang='lat' dir='ltr'>deut</span> 
     </span>
     <span class='ocr_line' id='line_1_38' title="bbox 864 1838 1687 1915; baseline 0.007 -21"><span class='ocrx_word' id='word_1_235' title='bbox 864 1838 905 1894; x_wconf 93' lang='lat' dir='ltr'>ori</span> <span class='ocrx_word' id='word_1_236' title='bbox 922 1844 1020 1896; x_wconf 91' lang='lat' dir='ltr'>nostro</span> <span class='ocrx_word' id='word_1_237' title='bbox 1035 1840 1170 1897; x_wconf 87' lang='lat' dir='ltr'>credatis.</span> <span class='ocrx_word' id='word_1_238' title='bbox 1189 1840 1233 1896; x_wconf 94' lang='lat' dir='ltr'>llli</span> <span class='ocrx_word' id='word_1_239' title='bbox 1248 1840 1337 1909; x_wconf 89' lang='lat' dir='ltr'>enim,</span> <span class='ocrx_word' id='word_1_240' title='bbox 1353 1857 1389 1898; x_wconf 87' lang='lat' dir='ltr'>ne</span> <span class='ocrx_word' id='word_1_241' title='bbox 1404 1840 1591 1915; x_wconf 86' lang='lat' dir='ltr'>epistolarem</span> <span class='ocrx_word' id='word_1_242' title='bbox 1606 1859 1687 1900; x_wconf 84' lang='lat' dir='ltr'>exce·</span> 
     </span>
     <span class='ocr_line' id='line_1_39' title="bbox 863 1928 1689 1994; baseline 0.007 -11"><span class='ocrx_word' id='word_1_243' title='bbox 863 1928 1000 1984; x_wconf 78' lang='lat' dir='ltr'>daremus</span> <span class='ocrx_word' id='word_1_244' title='bbox 1021 1928 1204 1994; x_wconf 88' lang='lat' dir='ltr'>brevitatem,</span> <span class='ocrx_word' id='word_1_245' title='bbox 1231 1934 1342 1987; x_wconf 88' lang='lat' dir='ltr'>secreta</span> <span class='ocrx_word' id='word_1_246' title='bbox 1370 1935 1470 1989; x_wconf 89' lang='lat' dir='ltr'>nostra</span> <span class='ocrx_word' id='word_1_247' title='bbox 1484 1935 1516 1989; x_wconf 90' lang='lat' dir='ltr'>ut</span> <span class='ocrx_word' id='word_1_248' title='bbox 1527 1931 1610 1989; x_wconf 89' lang='lat' dir='ltr'>vobis</span> <span class='ocrx_word' id='word_1_249' title='bbox 1624 1931 1689 1989; x_wconf 86' lang='lat' dir='ltr'>viva</span> 
     </span>
     <span class='ocr_line' id='line_1_40' title="bbox 862 2016 1454 2084; baseline 0.007 -12"><span class='ocrx_word' id='word_1_250' title='bbox 862 2033 930 2073; x_wconf 91' lang='lat' dir='ltr'>voce</span> <span class='ocrx_word' id='word_1_251' title='bbox 946 2016 1097 2084; x_wconf 89' lang='lat' dir='ltr'>edisserat,</span> <span class='ocrx_word' id='word_1_252' title='bbox 1114 2017 1329 2075; x_wconf 89' lang='lat' dir='ltr'>commisimus.</span> <span class='ocrx_word' id='word_1_253' title='bbox 1345 2018 1454 2076; x_wconf 89' lang='lat' dir='ltr'>Valete.</span> 
     </span>
    </p>
   </div>
   <div class='ocr_carea' id='block_1_7' title="bbox 940 2162 1610 2324">
    <p class='ocr_par' dir='ltr' id='par_1_9' title="bbox 940 2162 1610 2324">
     <span class='ocr_line' id='line_1_41' title="bbox 1251 2162 1298 2216; baseline -0.043 0"><span class='ocrx_word' id='word_1_254' title='bbox 1251 2162 1298 2216; x_wconf 91' lang='lat' dir='ltr'>lV.</span> 
     </span>
     <span class='ocr_line' id='line_1_42' title="bbox 940 2248 1610 2324; baseline 0.006 -20"><span class='ocrx_word' id='word_1_255' title='bbox 940 2248 1096 2324; x_wconf 68' lang='lat' dir='ltr'>stasanor]</span> <span class='ocrx_word' id='word_1_256' title='bbox 1117 2265 1303 2306; x_wconf 81' lang='lat' dir='ltr'>rarnraacmn</span> <span class='ocrx_word' id='word_1_257' title='bbox 1321 2267 1344 2305; x_wconf 89' lang='lat' dir='ltr'>s.</span> <span class='ocrx_word' id='word_1_258' title='bbox 1364 2266 1610 2308; x_wconf 81' lang='lat' dir='ltr'>aasnansorroms.</span> 
     </span>
    </p>
   </div>
   <div class='ocr_carea' id='block_1_8' title="bbox 863 2373 1689 2892">
    <p class='ocr_par' dir='ltr' id='par_1_10' title="bbox 863 2373 1689 2714">
     <span class='ocr_line' id='line_1_43' title="bbox 898 2373 1688 2448; baseline 0.003 -19"><span class='ocrx_word' id='word_1_259' title='bbox 898 2376 943 2442; x_wconf 75' lang='lat' dir='ltr'>A,</span> <span class='ocrx_word' id='word_1_260' title='bbox 957 2374 1007 2431; x_wconf 92' lang='lat' dir='ltr'>Dei</span> <span class='ocrx_word' id='word_1_261' title='bbox 1018 2374 1113 2448; x_wconf 89' lang='lat' dir='ltr'>gratia</span> <span class='ocrx_word' id='word_1_262' title='bbox 1124 2374 1236 2431; x_wconf 82' lang='lat' dir='ltr'>Sanctae</span> <span class='ocrx_word' id='word_1_263' title='bbox 1247 2373 1478 2448; x_wconf 70' lang='lat' dir='ltr'>Besurmetionis</span> <span class='ocrx_word' id='word_1_264' title='bbox 1488 2373 1622 2432; x_wconf 72' lang='lat' dir='ltr'>Ecclesia</span> <span class='ocrx_word' id='word_1_265' title='bbox 1634 2391 1688 2448; x_wconf 90' lang='lat' dir='ltr'>pa·</span> 
     </span>
     <span class='ocr_line' id='line_1_44' title="bbox 864 2462 1689 2537; baseline 0.004 -19"><span class='ocrx_word' id='word_1_266' title='bbox 864 2462 1002 2530; x_wconf 89' lang='lat' dir='ltr'>triarcha,</span> <span class='ocrx_word' id='word_1_267' title='bbox 1018 2462 1192 2519; x_wconf 88' lang='lat' dir='ltr'>charissimo</span> <span class='ocrx_word' id='word_1_268' title='bbox 1221 2463 1280 2519; x_wconf 84' lang='lat' dir='ltr'>filio</span> <span class='ocrx_word' id='word_1_269' title='bbox 1305 2464 1461 2531; x_wconf 86' lang='lat' dir='ltr'>Luoovrco‚</span> <span class='ocrx_word' id='word_1_270' title='bbox 1477 2464 1578 2519; x_wconf 89' lang='lat' dir='ltr'>eadem</span> <span class='ocrx_word' id='word_1_271' title='bbox 1594 2463 1689 2537; x_wconf 89' lang='lat' dir='ltr'>gratia</span> 
     </span>
     <span class='ocr_line' id='line_1_45' title="bbox 863 2551 1688 2625; baseline 0.005 -19"><span class='ocrx_word' id='word_1_272' title='bbox 863 2551 972 2609; x_wconf 89' lang='lat' dir='ltr'>illustri</span> <span class='ocrx_word' id='word_1_273' title='bbox 987 2555 1164 2609; x_wconf 83' lang='lat' dir='ltr'>Francorum</span> <span class='ocrx_word' id='word_1_274' title='bbox 1181 2551 1250 2625; x_wconf 87' lang='lat' dir='ltr'>regi,</span> <span class='ocrx_word' id='word_1_275' title='bbox 1268 2551 1393 2608; x_wconf 87' lang='lat' dir='ltr'>salutem</span> <span class='ocrx_word' id='word_1_276' title='bbox 1410 2555 1437 2607; x_wconf 90' lang='lat' dir='ltr'>et</span> <span class='ocrx_word' id='word_1_277' title='bbox 1452 2556 1624 2609; x_wconf 90' lang='lat' dir='ltr'>cunctorum</span> <span class='ocrx_word' id='word_1_278' title='bbox 1639 2552 1688 2610; x_wconf 91' lang='lat' dir='ltr'>ho·</span> 
     </span>
     <span class='ocr_line' id='line_1_46' title="bbox 864 2641 1163 2714; baseline -0.01 -17"><span class='ocrx_word' id='word_1_279' title='bbox 864 2641 954 2697; x_wconf 89' lang='lat' dir='ltr'>stium</span> <span class='ocrx_word' id='word_1_280' title='bbox 967 2641 1163 2714; x_wconf 89' lang='lat' dir='ltr'>triumphurn.</span> 
     </span>
    </p>

    <p class='ocr_par' dir='ltr' id='par_1_11' title="bbox 865 2729 1688 2892">
     <span class='ocr_line' id='line_1_47' title="bbox 900 2729 1687 2803; baseline 0.004 -17"><span class='ocrx_word' id='word_1_281' title='bbox 900 2731 1043 2796; x_wconf 84' lang='lat' dir='ltr'>Quoniam</span> <span class='ocrx_word' id='word_1_282' title='bbox 1060 2730 1173 2802; x_wconf 90' lang='lat' dir='ltr'>paterni</span> <span class='ocrx_word' id='word_1_283' title='bbox 1189 2729 1270 2803; x_wconf 91' lang='lat' dir='ltr'>regni</span> <span class='ocrx_word' id='word_1_284' title='bbox 1286 2730 1392 2786; x_wconf 90' lang='lat' dir='ltr'>solium</span> <span class='ocrx_word' id='word_1_285' title='bbox 1419 2731 1613 2787; x_wconf 90' lang='lat' dir='ltr'>conscendere</span> <span class='ocrx_word' id='word_1_286' title='bbox 1636 2748 1687 2790; x_wconf 86' lang='lat' dir='ltr'>vos</span> 
     </span>
     <span class='ocr_line' id='line_1_48' title="bbox 865 2819 1688 2892; baseline 0.002 -17"><span class='ocrx_word' id='word_1_287' title='bbox 865 2820 932 2876; x_wconf 90' lang='lat' dir='ltr'>fecit</span> <span class='ocrx_word' id='word_1_288' title='bbox 947 2819 1046 2875; x_wconf 91' lang='lat' dir='ltr'>divina</span> <span class='ocrx_word' id='word_1_289' title='bbox 1056 2819 1247 2892; x_wconf 89' lang='lat' dir='ltr'>dispensatio,</span> <span class='ocrx_word' id='word_1_290' title='bbox 1259 2836 1311 2892; x_wconf 94' lang='lat' dir='ltr'>pro</span> <span class='ocrx_word' id='word_1_291' title='bbox 1324 2819 1419 2892; x_wconf 87' lang='lat' dir='ltr'>gratia</span> <span class='ocrx_word' id='word_1_292' title='bbox 1432 2820 1515 2877; x_wconf 88' lang='lat' dir='ltr'>vobis</span> <span class='ocrx_word' id='word_1_293' title='bbox 1530 2819 1636 2877; x_wconf 86' lang='lat' dir='ltr'>collata</span> <span class='ocrx_word' id='word_1_294' title='bbox 1645 2820 1688 2877; x_wconf 92' lang='lat' dir='ltr'>di·</span> 
     </span>
    </p>
   </div>
   <div class='ocr_carea' id='block_1_9' title="bbox 76 2908 1694 4592">
    <p class='ocr_par' dir='ltr' id='par_1_12' title="bbox 76 2908 1694 4592">
     <span class='ocr_line' id='line_1_49' title="bbox 77 2908 1689 2982; baseline 0.002 -18"><span class='ocrx_word' id='word_1_295' title='bbox 77 2909 139 2972; x_wconf 86' lang='lat' dir='ltr'>mis,</span> <span class='ocrx_word' id='word_1_296' title='bbox 151 2913 221 2963; x_wconf 89' lang='lat' dir='ltr'>tunc</span> <span class='ocrx_word' id='word_1_297' title='bbox 235 2909 262 2962; x_wconf 91' lang='lat' dir='ltr'>in</span> <span class='ocrx_word' id='word_1_298' title='bbox 281 2909 439 2973; x_wconf 87' lang='lat' dir='ltr'>montanis,</span> <span class='ocrx_word' id='word_1_299' title='bbox 456 2908 517 2963; x_wconf 91' lang='lat' dir='ltr'>solo</span> <span class='ocrx_word' id='word_1_300' title='bbox 535 2908 707 2980; x_wconf 77' lang='lat' dir='ltr'>adaquavit,</span> <span class='ocrx_word' id='word_1_301' title='bbox 722 2913 751 2963; x_wconf 89' lang='lat' dir='ltr'>et</span> <span class='ocrx_word' id='word_1_302' title='bbox 765 2908 809 2962; x_wconf 90' lang='lat' dir='ltr'>in·</span> <span class='ocrx_word' id='word_1_303' title='bbox 863 2909 961 2964; x_wconf 85' lang='lat' dir='ltr'>vinam</span> <span class='ocrx_word' id='word_1_304' title='bbox 978 2908 1199 2981; x_wconf 88' lang='lat' dir='ltr'>interpellamus</span> <span class='ocrx_word' id='word_1_305' title='bbox 1210 2908 1395 2965; x_wconf 90' lang='lat' dir='ltr'>clementiam</span> <span class='ocrx_word' id='word_1_306' title='bbox 1406 2913 1473 2966; x_wconf 88' lang='lat' dir='ltr'>ante</span> <span class='ocrx_word' id='word_1_307' title='bbox 1484 2909 1649 2982; x_wconf 88' lang='lat' dir='ltr'>passionem</span> <span class='ocrx_word' id='word_1_308' title='bbox 1659 2913 1689 2967; x_wconf 86' lang='lat' dir='ltr'>et</span> 
     </span>
     <span class='ocr_line' id='line_1_50' title="bbox 76 2996 1688 3069; baseline 0.001 -15"><span class='ocrx_word' id='word_1_309' title='bbox 76 2998 207 3064; x_wconf 88' lang='lat' dir='ltr'>rabilem,</span> <span class='ocrx_word' id='word_1_310' title='bbox 219 2997 288 3069; x_wconf 88' lang='lat' dir='ltr'>proh</span> <span class='ocrx_word' id='word_1_311' title='bbox 302 2997 397 3052; x_wconf 90' lang='lat' dir='ltr'>dolor!</span> <span class='ocrx_word' id='word_1_312' title='bbox 410 2996 644 3052; x_wconf 89' lang='lat' dir='ltr'>Christianorum</span> <span class='ocrx_word' id='word_1_313' title='bbox 655 2998 809 3067; x_wconf 89' lang='lat' dir='ltr'>utriusque</span> <span class='ocrx_word' id='word_1_314' title='bbox 865 2997 1107 3054; x_wconf 87' lang='lat' dir='ltr'>resurrectionem</span> <span class='ocrx_word' id='word_1_315' title='bbox 1119 2997 1169 3053; x_wconf 92' lang='lat' dir='ltr'>Dei</span> <span class='ocrx_word' id='word_1_316' title='bbox 1180 3003 1208 3053; x_wconf 90' lang='lat' dir='ltr'>ct</span> <span class='ocrx_word' id='word_1_317' title='bbox 1218 2997 1332 3053; x_wconf 88' lang='lat' dir='ltr'>Domini</span> <span class='ocrx_word' id='word_1_318' title='bbox 1344 2998 1435 3054; x_wconf 89' lang='lat' dir='ltr'>nostri</span> <span class='ocrx_word' id='word_1_319' title='bbox 1446 2998 1516 3054; x_wconf 84' lang='lat' dir='ltr'>Jesu</span> <span class='ocrx_word' id='word_1_320' title='bbox 1527 2997 1644 3067; x_wconf 89' lang='lat' dir='ltr'>Christi,</span> <span class='ocrx_word' id='word_1_321' title='bbox 1655 3001 1688 3055; x_wconf 91' lang='lat' dir='ltr'>ut</span> 
     </span>
     <span class='ocr_line' id='line_1_51' title="bbox 82 3085 1687 3159; baseline 0.001 -17"><span class='ocrx_word' id='word_1_322' title='bbox 82 3086 300 3142; x_wconf 88' lang='lat' dir='ltr'>multitudinem</span> <span class='ocrx_word' id='word_1_323' title='bbox 313 3087 399 3141; x_wconf 87' lang='lat' dir='ltr'>morti</span> <span class='ocrx_word' id='word_1_324' title='bbox 412 3087 576 3158; x_wconf 72' lang='lat' dir='ltr'>improvisae</span> <span class='ocrx_word' id='word_1_325' title='bbox 587 3085 707 3153; x_wconf 89' lang='lat' dir='ltr'>addixit,</span> <span class='ocrx_word' id='word_1_326' title='bbox 722 3090 750 3141; x_wconf 91' lang='lat' dir='ltr'>et</span> <span class='ocrx_word' id='word_1_327' title='bbox 765 3103 810 3141; x_wconf 89' lang='lat' dir='ltr'>ex·</span> <span class='ocrx_word' id='word_1_328' title='bbox 865 3088 943 3143; x_wconf 90' lang='lat' dir='ltr'>idcm</span> <span class='ocrx_word' id='word_1_329' title='bbox 960 3088 1035 3143; x_wconf 91' lang='lat' dir='ltr'>Deus</span> <span class='ocrx_word' id='word_1_330' title='bbox 1051 3090 1078 3143; x_wconf 89' lang='lat' dir='ltr'>et</span> <span class='ocrx_word' id='word_1_331' title='bbox 1095 3085 1233 3142; x_wconf 84' lang='lat' dir='ltr'>Dominus</span> <span class='ocrx_word' id='word_1_332' title='bbox 1250 3090 1348 3142; x_wconf 90' lang='lat' dir='ltr'>noster</span> <span class='ocrx_word' id='word_1_333' title='bbox 1367 3086 1457 3142; x_wconf 88' lang='lat' dir='ltr'>vitam</span> <span class='ocrx_word' id='word_1_334' title='bbox 1478 3091 1605 3143; x_wconf 87' lang='lat' dir='ltr'>vestram</span> <span class='ocrx_word' id='word_1_335' title='bbox 1618 3104 1687 3159; x_wconf 92' lang='lat' dir='ltr'>pro·</span> 
     </span>
     <span class='ocr_line' id='line_1_52' title="bbox 77 3156 1688 3250; baseline 0.001 -19"><span class='ocrx_word' id='word_1_336' title='bbox 77 3181 95 3240; x_wconf 90' lang='lat' dir='ltr'>t,</span> <span class='ocrx_word' id='word_1_337' title='bbox 109 3181 148 3243; x_wconf 91' lang='lat' dir='ltr'>ct,</span> <span class='ocrx_word' id='word_1_338' title='bbox 162 3180 192 3230; x_wconf 92' lang='lat' dir='ltr'>ut</span> <span class='ocrx_word' id='word_1_339' title='bbox 202 3176 298 3230; x_wconf 89' lang='lat' dir='ltr'>verius</span> <span class='ocrx_word' id='word_1_340' title='bbox 308 3175 452 3241; x_wconf 90' lang='lat' dir='ltr'>dicamus,</span> <span class='ocrx_word' id='word_1_341' title='bbox 464 3180 635 3231; x_wconf 89' lang='lat' dir='ltr'>terratenus</span> <span class='ocrx_word' id='word_1_342' title='bbox 646 3175 807 3231; x_wconf 91' lang='lat' dir='ltr'>absorbuit.</span> <span class='ocrx_word' id='word_1_343' title='bbox 824 3156 845 3225; x_wconf 76' lang='lat' dir='ltr'>(i</span> <span class='ocrx_word' id='word_1_344' title='bbox 864 3193 948 3250; x_wconf 87' lang='lat' dir='ltr'>spere</span> <span class='ocrx_word' id='word_1_345' title='bbox 963 3174 1114 3248; x_wconf 92' lang='lat' dir='ltr'>prolonget</span> <span class='ocrx_word' id='word_1_346' title='bbox 1124 3191 1156 3230; x_wconf 90' lang='lat' dir='ltr'>ac</span> <span class='ocrx_word' id='word_1_347' title='bbox 1167 3175 1271 3241; x_wconf 90' lang='lat' dir='ltr'>foveat,</span> <span class='ocrx_word' id='word_1_348' title='bbox 1283 3179 1387 3247; x_wconf 88' lang='lat' dir='ltr'>etpost</span> <span class='ocrx_word' id='word_1_349' title='bbox 1400 3174 1489 3247; x_wconf 84' lang='lat' dir='ltr'>hujus</span> <span class='ocrx_word' id='word_1_350' title='bbox 1504 3174 1568 3231; x_wconf 76' lang='lat' dir='ltr'>vite</span> <span class='ocrx_word' id='word_1_351' title='bbox 1584 3175 1688 3232; x_wconf 88' lang='lat' dir='ltr'>termi-</span> 
     </span>
     <span class='ocr_line' id='line_1_53' title="bbox 81 3262 1686 3336; baseline 0.001 -16"><span class='ocrx_word' id='word_1_352' title='bbox 81 3265 195 3320; x_wconf 91' lang='lat' dir='ltr'>mulum</span> <span class='ocrx_word' id='word_1_353' title='bbox 212 3270 310 3319; x_wconf 91' lang='lat' dir='ltr'>autem</span> <span class='ocrx_word' id='word_1_354' title='bbox 331 3264 455 3319; x_wconf 85' lang='lat' dir='ltr'>miseriae</span> <span class='ocrx_word' id='word_1_355' title='bbox 471 3269 499 3320; x_wconf 90' lang='lat' dir='ltr'>st</span> <span class='ocrx_word' id='word_1_356' title='bbox 515 3264 543 3318; x_wconf 92' lang='lat' dir='ltr'>in</span> <span class='ocrx_word' id='word_1_357' title='bbox 560 3281 708 3319; x_wconf 88' lang='lat' dir='ltr'>summam</span> <span class='ocrx_word' id='word_1_358' title='bbox 724 3265 807 3319; x_wconf 90' lang='lat' dir='ltr'>deso·</span> <span class='ocrx_word' id='word_1_359' title='bbox 864 3283 935 3320; x_wconf 90' lang='lat' dir='ltr'>num</span> <span class='ocrx_word' id='word_1_360' title='bbox 949 3263 1039 3320; x_wconf 89' lang='lat' dir='ltr'>vitam</span> <span class='ocrx_word' id='word_1_361' title='bbox 1054 3264 1136 3320; x_wconf 90' lang='lat' dir='ltr'>vobis</span> <span class='ocrx_word' id='word_1_362' title='bbox 1162 3263 1273 3320; x_wconf 90' lang='lat' dir='ltr'>tribuat</span> <span class='ocrx_word' id='word_1_363' title='bbox 1297 3262 1517 3336; x_wconf 88' lang='lat' dir='ltr'>sempiternam.</span> <span class='ocrx_word' id='word_1_364' title='bbox 1533 3263 1607 3330; x_wconf 85' lang='lat' dir='ltr'>Ouia</span> <span class='ocrx_word' id='word_1_365' title='bbox 1620 3280 1686 3322; x_wconf 87' lang='lat' dir='ltr'>vero</span> 
     </span>
     <span class='ocr_line' id='line_1_54' title="bbox 77 3352 1687 3426; baseline 0 -17"><span class='ocrx_word' id='word_1_366' title='bbox 77 3354 103 3410; x_wconf 91' lang='lat' dir='ltr'>is</span> <span class='ocrx_word' id='word_1_367' title='bbox 115 3353 299 3420; x_wconf 77' lang='lat' dir='ltr'>omnimode,</span> <span class='ocrx_word' id='word_1_368' title='bbox 312 3353 387 3408; x_wconf 86' lang='lat' dir='ltr'>viam</span> <span class='ocrx_word' id='word_1_369' title='bbox 400 3354 540 3408; x_wconf 81' lang='lat' dir='ltr'>universae</span> <span class='ocrx_word' id='word_1_370' title='bbox 551 3354 646 3408; x_wconf 85' lang='lat' dir='ltr'>carnis</span> <span class='ocrx_word' id='word_1_371' title='bbox 657 3352 809 3425; x_wconf 88' lang='lat' dir='ltr'>ingressus</span> <span class='ocrx_word' id='word_1_372' title='bbox 863 3354 918 3409; x_wconf 90' lang='lat' dir='ltr'>sub</span> <span class='ocrx_word' id='word_1_373' title='bbox 929 3357 1024 3409; x_wconf 87' lang='lat' dir='ltr'>vestra</span> <span class='ocrx_word' id='word_1_374' title='bbox 1034 3352 1126 3409; x_wconf 88' lang='lat' dir='ltr'>tutela</span> <span class='ocrx_word' id='word_1_375' title='bbox 1136 3369 1279 3426; x_wconf 89' lang='lat' dir='ltr'>pauperes</span> <span class='ocrx_word' id='word_1_376' title='bbox 1289 3352 1395 3408; x_wconf 90' lang='lat' dir='ltr'>Christi</span> <span class='ocrx_word' id='word_1_377' title='bbox 1412 3352 1508 3426; x_wconf 89' lang='lat' dir='ltr'>quiete</span> <span class='ocrx_word' id='word_1_378' title='bbox 1522 3352 1687 3410; x_wconf 85' lang='lat' dir='ltr'>conversari</span> 
     </span>
     <span class='ocr_line' id='line_1_55' title="bbox 77 3439 1688 3515; baseline -0.001 -16"><span class='ocrx_word' id='word_1_379' title='bbox 77 3459 123 3510; x_wconf 88' lang='lat' dir='ltr'>eu,</span> <span class='ocrx_word' id='word_1_380' title='bbox 140 3442 209 3497; x_wconf 81' lang='lat' dir='ltr'>heu!</span> <span class='ocrx_word' id='word_1_381' title='bbox 223 3441 270 3496; x_wconf 91' lang='lat' dir='ltr'>ille</span> <span class='ocrx_word' id='word_1_382' title='bbox 283 3459 331 3497; x_wconf 74' lang='lat' dir='ltr'>rex</span> <span class='ocrx_word' id='word_1_383' title='bbox 346 3441 473 3514; x_wconf 77' lang='lat' dir='ltr'>inclytus</span> <span class='ocrx_word' id='word_1_384' title='bbox 490 3448 518 3496; x_wconf 87' lang='lat' dir='ltr'>et</span> <span class='ocrx_word' id='word_1_385' title='bbox 533 3442 678 3514; x_wconf 86' lang='lat' dir='ltr'>egregius,</span> <span class='ocrx_word' id='word_1_386' title='bbox 691 3441 810 3514; x_wconf 79' lang='lat' dir='ltr'>clypeus</span> <span class='ocrx_word' id='word_1_387' title='bbox 863 3447 891 3496; x_wconf 87' lang='lat' dir='ltr'>et</span> <span class='ocrx_word' id='word_1_388' title='bbox 900 3441 1073 3497; x_wconf 79' lang='lat' dir='ltr'>fructificare</span> <span class='ocrx_word' id='word_1_389' title='bbox 1086 3443 1300 3515; x_wconf 85' lang='lat' dir='ltr'>cognoscimus,</span> <span class='ocrx_word' id='word_1_390' title='bbox 1313 3459 1365 3514; x_wconf 90' lang='lat' dir='ltr'>pro</span> <span class='ocrx_word' id='word_1_391' title='bbox 1378 3439 1446 3498; x_wconf 84' lang='lat' dir='ltr'>filiis</span> <span class='ocrx_word' id='word_1_392' title='bbox 1460 3442 1571 3498; x_wconf 88' lang='lat' dir='ltr'>nostris</span> <span class='ocrx_word' id='word_1_393' title='bbox 1582 3457 1688 3514; x_wconf 84' lang='lat' dir='ltr'>paupe·</span> 
     </span>
     <span class='ocr_line' id='line_1_56' title="bbox 80 3529 1687 3603; baseline 0.001 -17"><span class='ocrx_word' id='word_1_394' title='bbox 80 3531 183 3598; x_wconf 90' lang='lat' dir='ltr'>titudo,</span> <span class='ocrx_word' id='word_1_395' title='bbox 207 3535 273 3602; x_wconf 88' lang='lat' dir='ltr'>post</span> <span class='ocrx_word' id='word_1_396' title='bbox 299 3531 403 3598; x_wconf 89' lang='lat' dir='ltr'>Deum,</span> <span class='ocrx_word' id='word_1_397' title='bbox 427 3530 559 3586; x_wconf 74' lang='lat' dir='ltr'>Ecclesia</span> <span class='ocrx_word' id='word_1_398' title='bbox 590 3531 757 3598; x_wconf 88' lang='lat' dir='ltr'>Orientalis,</span> <span class='ocrx_word' id='word_1_399' title='bbox 782 3536 810 3586; x_wconf 92' lang='lat' dir='ltr'>et</span> <span class='ocrx_word' id='word_1_400' title='bbox 863 3529 1687 3603; x_wconf 81' lang='lat' dir='ltr'>ribusleprosis,quiextramurosHierusalemperpetuo</span> 
     </span>
     <span class='ocr_line' id='line_1_57' title="bbox 77 3618 1685 3693; baseline 0 -17"><span class='ocrx_word' id='word_1_401' title='bbox 77 3637 130 3692; x_wconf 87' lang='lat' dir='ltr'>pue</span> <span class='ocrx_word' id='word_1_402' title='bbox 157 3619 238 3693; x_wconf 89' lang='lat' dir='ltr'>regni</span> <span class='ocrx_word' id='word_1_403' title='bbox 263 3619 426 3675; x_wconf 88' lang='lat' dir='ltr'>Jerusalem</span> <span class='ocrx_word' id='word_1_404' title='bbox 450 3619 535 3674; x_wconf 90' lang='lat' dir='ltr'>unica</span> <span class='ocrx_word' id='word_1_405' title='bbox 552 3624 579 3674; x_wconf 91' lang='lat' dir='ltr'>et</span> <span class='ocrx_word' id='word_1_406' title='bbox 599 3619 808 3692; x_wconf 82' lang='lat' dir='ltr'>irrefragabilis</span> <span class='ocrx_word' id='word_1_407' title='bbox 862 3618 1113 3674; x_wconf 78' lang='lat' dir='ltr'>infirmitatissuae</span> <span class='ocrx_word' id='word_1_408' title='bbox 1125 3619 1470 3674; x_wconf 87' lang='lat' dir='ltr'>detinentnretdamnati</span> <span class='ocrx_word' id='word_1_409' title='bbox 1482 3623 1685 3689; x_wconf 88' lang='lat' dir='ltr'>suntcareere,</span> 
     </span>
     <span class='ocr_line' id='line_1_58' title="bbox 77 3704 1687 3780; baseline -0.001 -16"><span class='ocrx_word' id='word_1_410' title='bbox 77 3707 366 3772; x_wconf 82' lang='lat' dir='ltr'>thuciasalutaris,</span> <span class='ocrx_word' id='word_1_411' title='bbox 378 3712 472 3763; x_wconf 84' lang='lat' dir='ltr'>vester</span> <span class='ocrx_word' id='word_1_412' title='bbox 482 3709 629 3780; x_wconf 88' lang='lat' dir='ltr'>vestrique</span> <span class='ocrx_word' id='word_1_413' title='bbox 644 3709 724 3780; x_wconf 86' lang='lat' dir='ltr'>regni</span> <span class='ocrx_word' id='word_1_414' title='bbox 737 3726 809 3780; x_wconf 82' lang='lat' dir='ltr'>prm·</span> <span class='ocrx_word' id='word_1_415' title='bbox 863 3708 898 3764; x_wconf 90' lang='lat' dir='ltr'>de</span> <span class='ocrx_word' id='word_1_416' title='bbox 913 3724 1039 3780; x_wconf 92' lang='lat' dir='ltr'>quorum</span> <span class='ocrx_word' id='word_1_417' title='bbox 1056 3704 1186 3762; x_wconf 82' lang='lat' dir='ltr'>ciuoiatu</span> <span class='ocrx_word' id='word_1_418' title='bbox 1199 3711 1227 3762; x_wconf 92' lang='lat' dir='ltr'>ct</span> <span class='ocrx_word' id='word_1_419' title='bbox 1242 3707 1345 3762; x_wconf 82' lang='lat' dir='ltr'>ardore</span> <span class='ocrx_word' id='word_1_420' title='bbox 1369 3724 1427 3762; x_wconf 92' lang='lat' dir='ltr'>non</span> <span class='ocrx_word' id='word_1_421' title='bbox 1451 3710 1568 3762; x_wconf 90' lang='lat' dir='ltr'>tantum</span> <span class='ocrx_word' id='word_1_422' title='bbox 1591 3705 1687 3763; x_wconf 86' lang='lat' dir='ltr'>dicere</span> 
     </span>
     <span class='ocr_line' id='line_1_59' title="bbox 77 3793 1687 3869; baseline -0.002 -16"><span class='ocrx_word' id='word_1_423' title='bbox 77 3797 131 3865; x_wconf 86' lang='lat' dir='ltr'>dis,</span> <span class='ocrx_word' id='word_1_424' title='bbox 144 3803 301 3869; x_wconf 87' lang='lat' dir='ltr'>nosterque</span> <span class='ocrx_word' id='word_1_425' title='bbox 314 3797 452 3852; x_wconf 92' lang='lat' dir='ltr'>dominus</span> <span class='ocrx_word' id='word_1_426' title='bbox 463 3802 491 3852; x_wconf 88' lang='lat' dir='ltr'>et</span> <span class='ocrx_word' id='word_1_427' title='bbox 504 3799 596 3852; x_wconf 89' lang='lat' dir='ltr'>frater</span> <span class='ocrx_word' id='word_1_428' title='bbox 613 3815 664 3852; x_wconf 82' lang='lat' dir='ltr'>ran</span> <span class='ocrx_word' id='word_1_429' title='bbox 684 3797 809 3853; x_wconf 90' lang='lat' dir='ltr'>Cbistia-</span> <span class='ocrx_word' id='word_1_430' title='bbox 864 3813 1022 3868; x_wconf 90' lang='lat' dir='ltr'>possumus</span> <span class='ocrx_word' id='word_1_431' title='bbox 1038 3801 1180 3868; x_wconf 88' lang='lat' dir='ltr'>quantum</span> <span class='ocrx_word' id='word_1_432' title='bbox 1195 3794 1288 3850; x_wconf 91' lang='lat' dir='ltr'>oculis</span> <span class='ocrx_word' id='word_1_433' title='bbox 1302 3794 1407 3851; x_wconf 89' lang='lat' dir='ltr'>vestris</span> <span class='ocrx_word' id='word_1_434' title='bbox 1422 3794 1546 3864; x_wconf 88' lang='lat' dir='ltr'>vidistis,</span> <span class='ocrx_word' id='word_1_435' title='bbox 1554 3793 1687 3851; x_wconf 87' lang='lat' dir='ltr'>sublimi·</span> 
     </span>
     <span class='ocr_line' id='line_1_60' title="bbox 77 3883 1686 3957; baseline -0.002 -14"><span class='ocrx_word' id='word_1_436' title='bbox 77 3903 128 3943; x_wconf 83' lang='lat' dir='ltr'>nus</span> <span class='ocrx_word' id='word_1_437' title='bbox 144 3886 314 3941; x_wconf 85' lang='lat' dir='ltr'>Balduinus.</span> <span class='ocrx_word' id='word_1_438' title='bbox 332 3887 422 3955; x_wconf 82' lang='lat' dir='ltr'>Cujus</span> <span class='ocrx_word' id='word_1_439' title='bbox 447 3886 511 3940; x_wconf 88' lang='lat' dir='ltr'>idco</span> <span class='ocrx_word' id='word_1_440' title='bbox 531 3886 770 3942; x_wconf 85' lang='lat' dir='ltr'>inconsolabilior</span> <span class='ocrx_word' id='word_1_441' title='bbox 782 3891 811 3942; x_wconf 89' lang='lat' dir='ltr'>et</span> <span class='ocrx_word' id='word_1_442' title='bbox 863 3890 952 3942; x_wconf 88' lang='lat' dir='ltr'>tatem</span> <span class='ocrx_word' id='word_1_443' title='bbox 967 3888 1094 3942; x_wconf 88' lang='lat' dir='ltr'>vestram</span> <span class='ocrx_word' id='word_1_444' title='bbox 1118 3901 1255 3957; x_wconf 89' lang='lat' dir='ltr'>rogamus</span> <span class='ocrx_word' id='word_1_445' title='bbox 1278 3883 1428 3951; x_wconf 90' lang='lat' dir='ltr'>attentius,</span> <span class='ocrx_word' id='word_1_446' title='bbox 1445 3884 1686 3940; x_wconf 86' lang='lat' dir='ltr'>commendantes</span> 
     </span>
     <span class='ocr_line' id='line_1_61' title="bbox 77 3973 1686 4055; baseline -0.001 -25"><span class='ocrx_word' id='word_1_447' title='bbox 77 3975 185 4031; x_wconf 76' lang='lat' dir='ltr'>sentior</span> <span class='ocrx_word' id='word_1_448' title='bbox 198 3980 243 4030; x_wconf 92' lang='lat' dir='ltr'>est</span> <span class='ocrx_word' id='word_1_449' title='bbox 258 3975 411 4041; x_wconf 85' lang='lat' dir='ltr'>transitus,</span> <span class='ocrx_word' id='word_1_450' title='bbox 424 3975 506 4029; x_wconf 92' lang='lat' dir='ltr'>dolor</span> <span class='ocrx_word' id='word_1_451' title='bbox 521 3979 549 4030; x_wconf 90' lang='lat' dir='ltr'>et</span> <span class='ocrx_word' id='word_1_452' title='bbox 564 3974 809 4046; x_wconf 77' lang='lat' dir='ltr'>desolatioquod,</span> <span class='ocrx_word' id='word_1_453' title='bbox 863 3973 1074 4031; x_wconf 89' lang='lat' dir='ltr'>vobislatorem</span> <span class='ocrx_word' id='word_1_454' title='bbox 1086 3973 1686 4055; x_wconf 76' lang='lat' dir='ltr'>praesentiumoorumdempauperumfpa·</span> 
     </span>
     <span class='ocr_line' id='line_1_62' title="bbox 77 4061 1688 4135; baseline -0.001 -15"><span class='ocrx_word' id='word_1_455' title='bbox 77 4066 180 4131; x_wconf 88' lang='lat' dir='ltr'>uetere,</span> <span class='ocrx_word' id='word_1_456' title='bbox 192 4063 296 4135; x_wconf 91' lang='lat' dir='ltr'>inipso</span> <span class='ocrx_word' id='word_1_457' title='bbox 308 4068 398 4135; x_wconf 89' lang='lat' dir='ltr'>etper</span> <span class='ocrx_word' id='word_1_458' title='bbox 410 4063 508 4135; x_wconf 88' lang='lat' dir='ltr'>ipsum</span> <span class='ocrx_word' id='word_1_459' title='bbox 520 4064 652 4118; x_wconf 91' lang='lat' dir='ltr'>omnium</span> <span class='ocrx_word' id='word_1_460' title='bbox 665 4064 810 4119; x_wconf 89' lang='lat' dir='ltr'>universi·</span> <span class='ocrx_word' id='word_1_461' title='bbox 864 4068 949 4128; x_wconf 87' lang='lat' dir='ltr'>trem,</span> <span class='ocrx_word' id='word_1_462' title='bbox 966 4078 1053 4134; x_wconf 92' lang='lat' dir='ltr'>quem</span> <span class='ocrx_word' id='word_1_463' title='bbox 1069 4061 1245 4117; x_wconf 78' lang='lat' dir='ltr'>excellentie</span> <span class='ocrx_word' id='word_1_464' title='bbox 1261 4065 1363 4117; x_wconf 78' lang='lat' dir='ltr'>vestrae</span> <span class='ocrx_word' id='word_1_465' title='bbox 1379 4079 1430 4134; x_wconf 93' lang='lat' dir='ltr'>pro</span> <span class='ocrx_word' id='word_1_466' title='bbox 1447 4079 1501 4117; x_wconf 89' lang='lat' dir='ltr'>sua</span> <span class='ocrx_word' id='word_1_467' title='bbox 1516 4061 1688 4118; x_wconf 83' lang='lat' dir='ltr'>necessitate</span> 
     </span>
     <span class='ocr_line' id='line_1_63' title="bbox 77 4149 1689 4224; baseline -0.002 -15"><span class='ocrx_word' id='word_1_468' title='bbox 77 4153 212 4209; x_wconf 83' lang='lat' dir='ltr'>tristiana</span> <span class='ocrx_word' id='word_1_469' title='bbox 235 4152 363 4207; x_wconf 89' lang='lat' dir='ltr'>habebat</span> <span class='ocrx_word' id='word_1_470' title='bbox 387 4157 554 4224; x_wconf 92' lang='lat' dir='ltr'>promptum</span> <span class='ocrx_word' id='word_1_471' title='bbox 575 4153 767 4223; x_wconf 82' lang='lat' dir='ltr'>adjutorium,</span> <span class='ocrx_word' id='word_1_472' title='bbox 783 4156 811 4207; x_wconf 90' lang='lat' dir='ltr'>et</span> <span class='ocrx_word' id='word_1_473' title='bbox 865 4152 1081 4217; x_wconf 90' lang='lat' dir='ltr'>transmittunt,</span> <span class='ocrx_word' id='word_1_474' title='bbox 1098 4156 1252 4223; x_wconf 88' lang='lat' dir='ltr'>quatenus,</span> <span class='ocrx_word' id='word_1_475' title='bbox 1268 4168 1302 4206; x_wconf 90' lang='lat' dir='ltr'>ea</span> <span class='ocrx_word' id='word_1_476' title='bbox 1317 4151 1427 4217; x_wconf 86' lang='lat' dir='ltr'>audita,</span> <span class='ocrx_word' id='word_1_477' title='bbox 1443 4155 1530 4222; x_wconf 90' lang='lat' dir='ltr'>prout</span> <span class='ocrx_word' id='word_1_478' title='bbox 1548 4149 1630 4207; x_wconf 86' lang='lat' dir='ltr'>vobis</span> <span class='ocrx_word' id='word_1_479' title='bbox 1644 4149 1689 4205; x_wconf 91' lang='lat' dir='ltr'>vi·</span> 
     </span>
     <span class='ocr_line' id='line_1_64' title="bbox 77 4239 1690 4313; baseline -0.002 -15"><span class='ocrx_word' id='word_1_480' title='bbox 77 4241 221 4313; x_wconf 84' lang='lat' dir='ltr'>asingula</span> <span class='ocrx_word' id='word_1_481' title='bbox 236 4241 406 4296; x_wconf 71' lang='lat' dir='ltr'>infestantia</span> <span class='ocrx_word' id='word_1_482' title='bbox 420 4241 638 4296; x_wconf 76' lang='lat' dir='ltr'>sufficientiam.</span> <span class='ocrx_word' id='word_1_483' title='bbox 651 4243 730 4307; x_wconf 90' lang='lat' dir='ltr'>tnde,</span> <span class='ocrx_word' id='word_1_484' title='bbox 744 4241 812 4297; x_wconf 90' lang='lat' dir='ltr'>inde</span> <span class='ocrx_word' id='word_1_485' title='bbox 867 4256 933 4295; x_wconf 91' lang='lat' dir='ltr'>sum</span> <span class='ocrx_word' id='word_1_486' title='bbox 950 4240 1045 4306; x_wconf 89' lang='lat' dir='ltr'>fuerit,</span> <span class='ocrx_word' id='word_1_487' title='bbox 1062 4245 1090 4294; x_wconf 92' lang='lat' dir='ltr'>et</span> <span class='ocrx_word' id='word_1_488' title='bbox 1106 4239 1182 4294; x_wconf 90' lang='lat' dir='ltr'>Deus</span> <span class='ocrx_word' id='word_1_489' title='bbox 1202 4239 1285 4294; x_wconf 93' lang='lat' dir='ltr'>vohis</span> <span class='ocrx_word' id='word_1_490' title='bbox 1308 4239 1504 4312; x_wconf 88' lang='lat' dir='ltr'>inspiraverit,</span> <span class='ocrx_word' id='word_1_491' title='bbox 1520 4239 1690 4296; x_wconf 88' lang='lat' dir='ltr'>eorumdem</span> 
     </span>
     <span class='ocr_line' id='line_1_65' title="bbox 77 4327 1691 4402; baseline -0.002 -15"><span class='ocrx_word' id='word_1_492' title='bbox 77 4331 203 4392; x_wconf 90' lang='lat' dir='ltr'>imirum,</span> <span class='ocrx_word' id='word_1_493' title='bbox 221 4330 421 4396; x_wconf 89' lang='lat' dir='ltr'>dilectissime,</span> <span class='ocrx_word' id='word_1_494' title='bbox 440 4331 517 4402; x_wconf 92' lang='lat' dir='ltr'>quod</span> <span class='ocrx_word' id='word_1_495' title='bbox 539 4334 639 4385; x_wconf 78' lang='lat' dir='ltr'>vestra</span> <span class='ocrx_word' id='word_1_496' title='bbox 665 4330 812 4402; x_wconf 70' lang='lat' dir='ltr'>majestati</span> <span class='ocrx_word' id='word_1_497' title='bbox 867 4327 1231 4400; x_wconf 85' lang='lat' dir='ltr'>necessitati,quibumani</span> <span class='ocrx_word' id='word_1_498' title='bbox 1243 4327 1560 4399; x_wconf 84' lang='lat' dir='ltr'>aspectusetbumanae</span> <span class='ocrx_word' id='word_1_499' title='bbox 1570 4343 1691 4401; x_wconf 79' lang='lat' dir='ltr'>prorsus</span> 
     </span>
     <span class='ocr_line' id='line_1_66' title="bbox 77 4415 1692 4490; baseline 0 -17"><span class='ocrx_word' id='word_1_500' title='bbox 77 4436 129 4474; x_wconf 56' lang='lat' dir='ltr'>&gt;am</span> <span class='ocrx_word' id='word_1_501' title='bbox 146 4418 322 4474; x_wconf 85' lang='lat' dir='ltr'>lineamenta</span> <span class='ocrx_word' id='word_1_502' title='bbox 339 4419 373 4473; x_wconf 93' lang='lat' dir='ltr'>de</span> <span class='ocrx_word' id='word_1_503' title='bbox 390 4419 484 4490; x_wconf 92' lang='lat' dir='ltr'>capite</span> <span class='ocrx_word' id='word_1_504' title='bbox 500 4419 657 4490; x_wconf 89' lang='lat' dir='ltr'>pendentia</span> <span class='ocrx_word' id='word_1_505' title='bbox 672 4418 814 4474; x_wconf 90' lang='lat' dir='ltr'>inclinan-</span> <span class='ocrx_word' id='word_1_506' title='bbox 868 4418 973 4474; x_wconf 75' lang='lat' dir='ltr'>letitia</span> <span class='ocrx_word' id='word_1_507' title='bbox 989 4423 1059 4473; x_wconf 90' lang='lat' dir='ltr'>sunt</span> <span class='ocrx_word' id='word_1_508' title='bbox 1072 4421 1213 4488; x_wconf 85' lang='lat' dir='ltr'>expertes,</span> <span class='ocrx_word' id='word_1_509' title='bbox 1230 4432 1381 4472; x_wconf 91' lang='lat' dir='ltr'>occurrere</span> <span class='ocrx_word' id='word_1_510' title='bbox 1402 4415 1575 4489; x_wconf 83' lang='lat' dir='ltr'>dignemini,</span> <span class='ocrx_word' id='word_1_511' title='bbox 1591 4420 1625 4473; x_wconf 94' lang='lat' dir='ltr'>ut</span> <span class='ocrx_word' id='word_1_512' title='bbox 1639 4433 1692 4488; x_wconf 87' lang='lat' dir='ltr'>pre</span> 
     </span>
     <span class='ocr_line' id='line_1_67' title="bbox 77 4503 1694 4592; baseline -0.003 -27"><span class='ocrx_word' id='word_1_513' title='bbox 77 4512 324 4565; x_wconf 88' lang='lat' dir='ltr'>ustentamentum</span> <span class='ocrx_word' id='word_1_514' title='bbox 335 4511 467 4562; x_wconf 92' lang='lat' dir='ltr'>nostrum</span> <span class='ocrx_word' id='word_1_515' title='bbox 478 4512 505 4561; x_wconf 90' lang='lat' dir='ltr'>et</span> <span class='ocrx_word' id='word_1_516' title='bbox 518 4508 582 4562; x_wconf 80' lang='lat' dir='ltr'>fidei</span> <span class='ocrx_word' id='word_1_517' title='bbox 596 4507 811 4564; x_wconf 82' lang='lat' dir='ltr'>deificabascm</span> <span class='ocrx_word' id='word_1_518' title='bbox 830 4526 855 4592; x_wconf 74' lang='lat' dir='ltr'>D</span> <span class='ocrx_word' id='word_1_519' title='bbox 870 4507 916 4562; x_wconf 88' lang='lat' dir='ltr'>his</span> <span class='ocrx_word' id='word_1_520' title='bbox 931 4512 959 4562; x_wconf 92' lang='lat' dir='ltr'>et</span> <span class='ocrx_word' id='word_1_521' title='bbox 974 4522 1024 4578; x_wconf 95' lang='lat' dir='ltr'>pro</span> <span class='ocrx_word' id='word_1_522' title='bbox 1040 4504 1106 4560; x_wconf 92' lang='lat' dir='ltr'>aliis</span> <span class='ocrx_word' id='word_1_523' title='bbox 1123 4504 1273 4560; x_wconf 82' lang='lat' dir='ltr'>beneficiis</span> <span class='ocrx_word' id='word_1_524' title='bbox 1288 4521 1305 4558; x_wconf 92' lang='lat' dir='ltr'>a</span> <span class='ocrx_word' id='word_1_525' title='bbox 1320 4507 1537 4560; x_wconf 88' lang='lat' dir='ltr'>remuneratore</span> <span class='ocrx_word' id='word_1_526' title='bbox 1549 4503 1694 4560; x_wconf 88' lang='lat' dir='ltr'>bonorum</span> 
     </span>
    </p>
   </div>
   <div class='ocr_carea' id='block_1_10' title="bbox 77 4596 822 5647">
    <p class='ocr_par' dir='ltr' id='par_1_13' title="bbox 77 4596 822 5647">
     <span class='ocr_line' id='line_1_68' title="bbox 77 4596 815 4668; baseline 0 -16"><span class='ocrx_word' id='word_1_527' title='bbox 77 4613 100 4653; x_wconf 87' lang='lat' dir='ltr'>m</span> <span class='ocrx_word' id='word_1_528' title='bbox 118 4596 434 4668; x_wconf 84' lang='lat' dir='ltr'>inexpugnabilemque</span> <span class='ocrx_word' id='word_1_529' title='bbox 457 4596 613 4663; x_wconf 80' lang='lat' dir='ltr'>civitatem,</span> <span class='ocrx_word' id='word_1_530' title='bbox 631 4597 815 4652; x_wconf 89' lang='lat' dir='ltr'>serenitatem</span> 
     </span>
     <span class='ocr_line' id='line_1_69' title="bbox 77 4684 816 4757; baseline -0.001 -16"><span class='ocrx_word' id='word_1_531' title='bbox 77 4702 116 4741; x_wconf 80' lang='lat' dir='ltr'>tm</span> <span class='ocrx_word' id='word_1_532' title='bbox 134 4685 193 4740; x_wconf 92' lang='lat' dir='ltr'>fore</span> <span class='ocrx_word' id='word_1_533' title='bbox 210 4685 239 4738; x_wconf 91' lang='lat' dir='ltr'>in</span> <span class='ocrx_word' id='word_1_534' title='bbox 256 4684 370 4740; x_wconf 89' lang='lat' dir='ltr'>Christo</span> <span class='ocrx_word' id='word_1_535' title='bbox 387 4684 605 4757; x_wconf 89' lang='lat' dir='ltr'>cognoscimus,</span> <span class='ocrx_word' id='word_1_536' title='bbox 622 4690 651 4739; x_wconf 92' lang='lat' dir='ltr'>et</span> <span class='ocrx_word' id='word_1_537' title='bbox 666 4684 816 4741; x_wconf 90' lang='lat' dir='ltr'>hnmilita-</span> 
     </span>
     <span class='ocr_line' id='line_1_70' title="bbox 77 4774 816 4845; baseline -0.001 -15"><span class='ocrx_word' id='word_1_538' title='bbox 77 4779 208 4842; x_wconf 83' lang='lat' dir='ltr'>tostram,</span> <span class='ocrx_word' id='word_1_539' title='bbox 225 4779 351 4829; x_wconf 80' lang='lat' dir='ltr'>vestram</span> <span class='ocrx_word' id='word_1_540' title='bbox 381 4790 444 4829; x_wconf 90' lang='lat' dir='ltr'>csse</span> <span class='ocrx_word' id='word_1_541' title='bbox 470 4791 569 4829; x_wconf 88' lang='lat' dir='ltr'>curam</span> <span class='ocrx_word' id='word_1_542' title='bbox 594 4774 770 4845; x_wconf 85' lang='lat' dir='ltr'>peculiarem</span> <span class='ocrx_word' id='word_1_543' title='bbox 786 4775 816 4829; x_wconf 93' lang='lat' dir='ltr'>in</span> 
     </span>
     <span class='ocr_line' id='line_1_71' title="bbox 79 4862 819 4934; baseline 0 -16"><span class='ocrx_word' id='word_1_544' title='bbox 79 4879 116 4918; x_wconf 90' lang='lat' dir='ltr'>ne</span> <span class='ocrx_word' id='word_1_545' title='bbox 133 4864 315 4934; x_wconf 79' lang='lat' dir='ltr'>profitemur.</span> <span class='ocrx_word' id='word_1_546' title='bbox 333 4865 400 4928; x_wconf 78' lang='lat' dir='ltr'>Quae</span> <span class='ocrx_word' id='word_1_547' title='bbox 424 4879 492 4934; x_wconf 87' lang='lat' dir='ltr'>ergo</span> <span class='ocrx_word' id='word_1_548' title='bbox 521 4862 564 4917; x_wconf 91' lang='lat' dir='ltr'>vel</span> <span class='ocrx_word' id='word_1_549' title='bbox 591 4867 701 4933; x_wconf 89' lang='lat' dir='ltr'>quanta</span> <span class='ocrx_word' id='word_1_550' title='bbox 731 4863 819 4919; x_wconf 94' lang='lat' dir='ltr'>fuerit</span> 
     </span>
     <span class='ocr_line' id='line_1_72' title="bbox 79 4950 817 5023; baseline -0.001 -15"><span class='ocrx_word' id='word_1_551' title='bbox 79 4950 232 5008; x_wconf 86' lang='lat' dir='ltr'>eharitatis</span> <span class='ocrx_word' id='word_1_552' title='bbox 248 4951 430 5006; x_wconf 84' lang='lat' dir='ltr'>abundantia</span> <span class='ocrx_word' id='word_1_553' title='bbox 445 4955 473 5007; x_wconf 89' lang='lat' dir='ltr'>et</span> <span class='ocrx_word' id='word_1_554' title='bbox 489 4951 625 5023; x_wconf 90' lang='lat' dir='ltr'>perfectio</span> <span class='ocrx_word' id='word_1_555' title='bbox 642 4951 671 5006; x_wconf 91' lang='lat' dir='ltr'>in</span> <span class='ocrx_word' id='word_1_556' title='bbox 688 4952 740 5023; x_wconf 83' lang='lat' dir='ltr'>piae</span> <span class='ocrx_word' id='word_1_557' title='bbox 757 4968 817 5007; x_wconf 89' lang='lat' dir='ltr'>mc·</span> 
     </span>
     <span class='ocr_line' id='line_1_73' title="bbox 77 5038 817 5112; baseline 0 -17"><span class='ocrx_word' id='word_1_558' title='bbox 77 5056 89 5094; x_wconf 80' lang='lat' dir='ltr'>a</span> <span class='ocrx_word' id='word_1_559' title='bbox 105 5040 199 5095; x_wconf 90' lang='lat' dir='ltr'>amico</span> <span class='ocrx_word' id='word_1_560' title='bbox 215 5045 310 5095; x_wconf 87' lang='lat' dir='ltr'>vestro</span> <span class='ocrx_word' id='word_1_561' title='bbox 327 5057 394 5112; x_wconf 89' lang='lat' dir='ltr'>rege</span> <span class='ocrx_word' id='word_1_562' title='bbox 409 5038 571 5095; x_wconf 86' lang='lat' dir='ltr'>Jerusalem</span> <span class='ocrx_word' id='word_1_563' title='bbox 588 5045 754 5110; x_wconf 74' lang='lat' dir='ltr'>pretaxato,</span> <span class='ocrx_word' id='word_1_564' title='bbox 767 5041 817 5095; x_wconf 92' lang='lat' dir='ltr'>Dei</span> 
     </span>
     <span class='ocr_line' id='line_1_74' title="bbox 77 5128 821 5194; baseline 0.005 -13"><span class='ocrx_word' id='word_1_565' title='bbox 77 5143 154 5183; x_wconf 66' lang='lat' dir='ltr'>rausa</span> <span class='ocrx_word' id='word_1_566' title='bbox 179 5134 208 5184; x_wconf 92' lang='lat' dir='ltr'>et</span> <span class='ocrx_word' id='word_1_567' title='bbox 228 5128 307 5183; x_wconf 90' lang='lat' dir='ltr'>illius</span> <span class='ocrx_word' id='word_1_568' title='bbox 333 5129 526 5184; x_wconf 85' lang='lat' dir='ltr'>invictissimo</span> <span class='ocrx_word' id='word_1_569' title='bbox 551 5139 659 5194; x_wconf 86' lang='lat' dir='ltr'>amore;</span> <span class='ocrx_word' id='word_1_570' title='bbox 676 5129 703 5183; x_wconf 93' lang='lat' dir='ltr'>in</span> <span class='ocrx_word' id='word_1_571' title='bbox 721 5135 821 5185; x_wconf 90' lang='lat' dir='ltr'>nostra</span> 
     </span>
     <span class='ocr_line' id='line_1_75' title="bbox 80 5216 821 5289; baseline 0.007 -19"><span class='ocrx_word' id='word_1_572' title='bbox 80 5216 218 5271; x_wconf 89' lang='lat' dir='ltr'>omnibus</span> <span class='ocrx_word' id='word_1_573' title='bbox 231 5224 369 5289; x_wconf 88' lang='lat' dir='ltr'>appareat</span> <span class='ocrx_word' id='word_1_574' title='bbox 380 5225 410 5273; x_wconf 85' lang='lat' dir='ltr'>et</span> <span class='ocrx_word' id='word_1_575' title='bbox 423 5217 557 5272; x_wconf 79' lang='lat' dir='ltr'>Ecclesia</span> <span class='ocrx_word' id='word_1_576' title='bbox 569 5216 724 5273; x_wconf 87' lang='lat' dir='ltr'>Orientalis</span> <span class='ocrx_word' id='word_1_577' title='bbox 741 5219 821 5274; x_wconf 90' lang='lat' dir='ltr'>deso·</span> 
     </span>
     <span class='ocr_line' id='line_1_76' title="bbox 77 5306 820 5378; baseline 0.005 -18"><span class='ocrx_word' id='word_1_578' title='bbox 77 5321 109 5360; x_wconf 78' lang='lat' dir='ltr'>te.</span> <span class='ocrx_word' id='word_1_579' title='bbox 127 5306 208 5361; x_wconf 88' lang='lat' dir='ltr'>Sicut</span> <span class='ocrx_word' id='word_1_580' title='bbox 233 5307 312 5361; x_wconf 91' lang='lat' dir='ltr'>onim</span> <span class='ocrx_word' id='word_1_581' title='bbox 337 5307 372 5361; x_wconf 89' lang='lat' dir='ltr'>de</span> <span class='ocrx_word' id='word_1_582' title='bbox 388 5307 633 5378; x_wconf 69' lang='lat' dir='ltr'>praedecessorum</span> <span class='ocrx_word' id='word_1_583' title='bbox 657 5311 820 5364; x_wconf 89' lang='lat' dir='ltr'>vestrorum</span> 
     </span>
     <span class='ocr_line' id='line_1_77' title="bbox 77 5393 820 5466; baseline 0.007 -18"><span class='ocrx_word' id='word_1_584' title='bbox 77 5393 122 5450; x_wconf 84' lang='lat' dir='ltr'>ius</span> <span class='ocrx_word' id='word_1_585' title='bbox 137 5396 277 5466; x_wconf 76' lang='lat' dir='ltr'>prosapie</span> <span class='ocrx_word' id='word_1_586' title='bbox 289 5400 391 5451; x_wconf 72' lang='lat' dir='ltr'>vestrae</span> <span class='ocrx_word' id='word_1_587' title='bbox 405 5394 538 5466; x_wconf 86' lang='lat' dir='ltr'>piissima</span> <span class='ocrx_word' id='word_1_588' title='bbox 554 5393 716 5451; x_wconf 87' lang='lat' dir='ltr'>intentione</span> <span class='ocrx_word' id='word_1_589' title='bbox 730 5397 820 5453; x_wconf 86' lang='lat' dir='ltr'>veris·</span> 
     </span>
     <span class='ocr_line' id='line_1_78' title="bbox 81 5482 819 5557; baseline 0.003 -18"><span class='ocrx_word' id='word_1_590' title='bbox 81 5482 186 5539; x_wconf 86' lang='lat' dir='ltr'>didicit</span> <span class='ocrx_word' id='word_1_591' title='bbox 201 5483 343 5539; x_wconf 88' lang='lat' dir='ltr'>sanctitas</span> <span class='ocrx_word' id='word_1_592' title='bbox 360 5483 441 5539; x_wconf 88' lang='lat' dir='ltr'>vobis</span> <span class='ocrx_word' id='word_1_593' title='bbox 457 5483 567 5549; x_wconf 88' lang='lat' dir='ltr'>innata,</span> <span class='ocrx_word' id='word_1_594' title='bbox 580 5499 614 5537; x_wconf 79' lang='lat' dir='ltr'>ex</span> <span class='ocrx_word' id='word_1_595' title='bbox 626 5500 705 5538; x_wconf 89' lang='lat' dir='ltr'>more</span> <span class='ocrx_word' id='word_1_596' title='bbox 716 5489 744 5539; x_wconf 85' lang='lat' dir='ltr'>et</span> <span class='ocrx_word' id='word_1_597' title='bbox 754 5503 819 5557; x_wconf 86' lang='lat' dir='ltr'>pro·</span> 
     </span>
     <span class='ocr_line' id='line_1_79' title="bbox 77 5569 822 5647; baseline 0.001 -18"><span class='ocrx_word' id='word_1_598' title='bbox 77 5588 86 5629; x_wconf 73' lang='lat' dir='ltr'>a</span> <span class='ocrx_word' id='word_1_599' title='bbox 101 5569 255 5642; x_wconf 85' lang='lat' dir='ltr'>laudabili,</span> <span class='ocrx_word' id='word_1_600' title='bbox 270 5571 545 5645; x_wconf 83' lang='lat' dir='ltr'>semperconsuevit</span> <span class='ocrx_word' id='word_1_601' title='bbox 557 5588 678 5643; x_wconf 68' lang='lat' dir='ltr'>regnum</span> <span class='ocrx_word' id='word_1_602' title='bbox 692 5573 736 5629; x_wconf 87' lang='lat' dir='ltr'>cni</span> <span class='ocrx_word' id='word_1_603' title='bbox 753 5591 822 5647; x_wconf 81' lang='lat' dir='ltr'>prm-</span> 
     </span>
    </p>
   </div>
   <div class='ocr_carea' id='block_1_11' title="bbox 871 4591 1703 5640">
    <p class='ocr_par' dir='ltr' id='par_1_14' title="bbox 871 4591 1703 5640">
     <span class='ocr_line' id='line_1_80' title="bbox 871 4591 1695 4666; baseline -0.005 -14"><span class='ocrx_word' id='word_1_604' title='bbox 871 4595 1003 4652; x_wconf 89' lang='lat' dir='ltr'>omnium</span> <span class='ocrx_word' id='word_1_605' title='bbox 1018 4595 1086 4659; x_wconf 90' lang='lat' dir='ltr'>Deo,</span> <span class='ocrx_word' id='word_1_606' title='bbox 1099 4597 1128 4649; x_wconf 91' lang='lat' dir='ltr'>et</span> <span class='ocrx_word' id='word_1_607' title='bbox 1139 4593 1169 4646; x_wconf 90' lang='lat' dir='ltr'>in</span> <span class='ocrx_word' id='word_1_608' title='bbox 1183 4592 1319 4664; x_wconf 80' lang='lat' dir='ltr'>presenti</span> <span class='ocrx_word' id='word_1_609' title='bbox 1334 4591 1497 4660; x_wconf 86' lang='lat' dir='ltr'>victoriam,</span> <span class='ocrx_word' id='word_1_610' title='bbox 1508 4596 1537 4648; x_wconf 90' lang='lat' dir='ltr'>et</span> <span class='ocrx_word' id='word_1_611' title='bbox 1551 4596 1617 4665; x_wconf 89' lang='lat' dir='ltr'>post</span> <span class='ocrx_word' id='word_1_612' title='bbox 1632 4608 1695 4666; x_wconf 88' lang='lat' dir='ltr'>per-</span> 
     </span>
     <span class='ocr_line' id='line_1_81' title="bbox 871 4680 1695 4756; baseline -0.007 -14"><span class='ocrx_word' id='word_1_613' title='bbox 871 4690 965 4742; x_wconf 87' lang='lat' dir='ltr'>actam</span> <span class='ocrx_word' id='word_1_614' title='bbox 982 4682 1153 4756; x_wconf 88' lang='lat' dir='ltr'>temporalis</span> <span class='ocrx_word' id='word_1_615' title='bbox 1169 4681 1251 4755; x_wconf 90' lang='lat' dir='ltr'>regni</span> <span class='ocrx_word' id='word_1_616' title='bbox 1271 4680 1567 4750; x_wconf 90' lang='lat' dir='ltr'>administrationem,</span> <span class='ocrx_word' id='word_1_617' title='bbox 1583 4684 1695 4737; x_wconf 78' lang='lat' dir='ltr'>aterna</span> 
     </span>
     <span class='ocr_line' id='line_1_82' title="bbox 872 4769 1697 4844; baseline -0.004 -15"><span class='ocrx_word' id='word_1_618' title='bbox 872 4773 1064 4829; x_wconf 88' lang='lat' dir='ltr'>beatitudinis</span> <span class='ocrx_word' id='word_1_619' title='bbox 1073 4773 1203 4844; x_wconf 84' lang='lat' dir='ltr'>accipere</span> <span class='ocrx_word' id='word_1_620' title='bbox 1212 4770 1382 4827; x_wconf 90' lang='lat' dir='ltr'>mereamini</span> <span class='ocrx_word' id='word_1_621' title='bbox 1395 4769 1570 4844; x_wconf 88' lang='lat' dir='ltr'>portionem.</span> <span class='ocrx_word' id='word_1_622' title='bbox 1582 4771 1615 4826; x_wconf 92' lang='lat' dir='ltr'>ln</span> <span class='ocrx_word' id='word_1_623' title='bbox 1626 4787 1697 4843; x_wconf 79' lang='lat' dir='ltr'>pra·</span> 
     </span>
     <span class='ocr_line' id='line_1_83' title="bbox 872 4858 1698 4934; baseline -0.004 -17"><span class='ocrx_word' id='word_1_624' title='bbox 872 4863 931 4917; x_wconf 91' lang='lat' dir='ltr'>fato</span> <span class='ocrx_word' id='word_1_625' title='bbox 948 4862 1093 4934; x_wconf 91' lang='lat' dir='ltr'>siquidem</span> <span class='ocrx_word' id='word_1_626' title='bbox 1105 4860 1167 4916; x_wconf 92' lang='lat' dir='ltr'>loco</span> <span class='ocrx_word' id='word_1_627' title='bbox 1178 4877 1212 4915; x_wconf 86' lang='lat' dir='ltr'>ex</span> <span class='ocrx_word' id='word_1_628' title='bbox 1223 4859 1345 4915; x_wconf 89' lang='lat' dir='ltr'>divorsis</span> <span class='ocrx_word' id='word_1_629' title='bbox 1360 4859 1462 4915; x_wconf 92' lang='lat' dir='ltr'>mundi</span> <span class='ocrx_word' id='word_1_630' title='bbox 1478 4858 1698 4932; x_wconf 85' lang='lat' dir='ltr'>partibusintlr·</span> 
     </span>
     <span class='ocr_line' id='line_1_84' title="bbox 873 4947 1699 5022; baseline -0.004 -16"><span class='ocrx_word' id='word_1_631' title='bbox 873 4967 988 5006; x_wconf 91' lang='lat' dir='ltr'>morum</span> <span class='ocrx_word' id='word_1_632' title='bbox 1004 4955 1032 5005; x_wconf 91' lang='lat' dir='ltr'>et</span> <span class='ocrx_word' id='word_1_633' title='bbox 1048 4965 1211 5022; x_wconf 89' lang='lat' dir='ltr'>pauperum</span> <span class='ocrx_word' id='word_1_634' title='bbox 1229 4948 1275 5004; x_wconf 88' lang='lat' dir='ltr'>Dei</span> <span class='ocrx_word' id='word_1_635' title='bbox 1291 4947 1469 5004; x_wconf 89' lang='lat' dir='ltr'>circumfluit</span> <span class='ocrx_word' id='word_1_636' title='bbox 1484 4947 1652 5004; x_wconf 88' lang='lat' dir='ltr'>multitudo.</span> <span class='ocrx_word' id='word_1_637' title='bbox 1663 4947 1699 5004; x_wconf 77' lang='lat' dir='ltr'>nt</span> 
     </span>
     <span class='ocr_line' id='line_1_85' title="bbox 873 5035 1699 5112; baseline -0.004 -17"><span class='ocrx_word' id='word_1_638' title='bbox 873 5035 1699 5112; x_wconf 76' lang='lat' dir='ltr'>quoniamadsustentandameorummiserabilemetino·</span> 
     </span>
     <span class='ocr_line' id='line_1_86' title="bbox 876 5125 1698 5202; baseline -0.004 -17"><span class='ocrx_word' id='word_1_639' title='bbox 876 5146 942 5202; x_wconf 89' lang='lat' dir='ltr'>pem</span> <span class='ocrx_word' id='word_1_640' title='bbox 952 5128 1052 5193; x_wconf 90' lang='lat' dir='ltr'>vitam,</span> <span class='ocrx_word' id='word_1_641' title='bbox 1064 5126 1157 5182; x_wconf 91' lang='lat' dir='ltr'>multa</span> <span class='ocrx_word' id='word_1_642' title='bbox 1172 5126 1214 5183; x_wconf 91' lang='lat' dir='ltr'>eis</span> <span class='ocrx_word' id='word_1_643' title='bbox 1230 5133 1299 5183; x_wconf 90' lang='lat' dir='ltr'>sunt</span> <span class='ocrx_word' id='word_1_644' title='bbox 1314 5126 1524 5194; x_wconf 71' lang='lat' dir='ltr'>necessariaet</span> <span class='ocrx_word' id='word_1_645' title='bbox 1539 5125 1698 5182; x_wconf 87' lang='lat' dir='ltr'>multorum</span> 
     </span>
     <span class='ocr_line' id='line_1_87' title="bbox 875 5213 1701 5286; baseline -0.005 -12"><span class='ocrx_word' id='word_1_646' title='bbox 875 5218 1023 5274; x_wconf 84' lang='lat' dir='ltr'>evidenter</span> <span class='ocrx_word' id='word_1_647' title='bbox 1038 5216 1170 5286; x_wconf 90' lang='lat' dir='ltr'>indigent</span> <span class='ocrx_word' id='word_1_648' title='bbox 1181 5215 1308 5282; x_wconf 78' lang='lat' dir='ltr'>auxiliis,</span> <span class='ocrx_word' id='word_1_649' title='bbox 1322 5214 1477 5271; x_wconf 90' lang='lat' dir='ltr'>Orientalis</span> <span class='ocrx_word' id='word_1_650' title='bbox 1488 5213 1617 5271; x_wconf 78' lang='lat' dir='ltr'>Ecclesia</span> <span class='ocrx_word' id='word_1_651' title='bbox 1626 5213 1701 5270; x_wconf 91' lang='lat' dir='ltr'>mul·</span> 
     </span>
     <span class='ocr_line' id='line_1_88' title="bbox 876 5302 1703 5376; baseline -0.004 -13"><span class='ocrx_word' id='word_1_652' title='bbox 876 5308 914 5363; x_wconf 91' lang='lat' dir='ltr'>tis</span> <span class='ocrx_word' id='word_1_653' title='bbox 929 5303 1170 5360; x_wconf 89' lang='lat' dir='ltr'>tribulationibus</span> <span class='ocrx_word' id='word_1_654' title='bbox 1186 5309 1214 5358; x_wconf 92' lang='lat' dir='ltr'>et</span> <span class='ocrx_word' id='word_1_655' title='bbox 1227 5320 1408 5376; x_wconf 87' lang='lat' dir='ltr'>paganorum</span> <span class='ocrx_word' id='word_1_656' title='bbox 1423 5302 1643 5361; x_wconf 87' lang='lat' dir='ltr'>incursionibus</span> <span class='ocrx_word' id='word_1_657' title='bbox 1653 5319 1703 5376; x_wconf 93' lang='lat' dir='ltr'>op-</span> 
     </span>
     <span class='ocr_line' id='line_1_89' title="bbox 876 5391 1700 5469; baseline -0.002 -19"><span class='ocrx_word' id='word_1_658' title='bbox 876 5410 987 5469; x_wconf 89' lang='lat' dir='ltr'>pressa,</span> <span class='ocrx_word' id='word_1_659' title='bbox 1004 5391 1045 5448; x_wconf 88' lang='lat' dir='ltr'>eis</span> <span class='ocrx_word' id='word_1_660' title='bbox 1061 5409 1095 5448; x_wconf 82' lang='lat' dir='ltr'>ex</span> <span class='ocrx_word' id='word_1_661' title='bbox 1110 5395 1170 5447; x_wconf 86' lang='lat' dir='ltr'>toto</span> <span class='ocrx_word' id='word_1_662' title='bbox 1185 5391 1214 5446; x_wconf 91' lang='lat' dir='ltr'>in</span> <span class='ocrx_word' id='word_1_663' title='bbox 1231 5392 1456 5449; x_wconf 89' lang='lat' dir='ltr'>necessitatibus</span> <span class='ocrx_word' id='word_1_664' title='bbox 1471 5392 1627 5448; x_wconf 91' lang='lat' dir='ltr'>subvenire</span> <span class='ocrx_word' id='word_1_665' title='bbox 1642 5409 1700 5448; x_wconf 90' lang='lat' dir='ltr'>nou</span> 
     </span>
     <span class='ocr_line' id='line_1_90' title="bbox 876 5480 1701 5558; baseline -0.004 -17"><span class='ocrx_word' id='word_1_666' title='bbox 876 5488 981 5558; x_wconf 89' lang='lat' dir='ltr'>potest.</span> <span class='ocrx_word' id='word_1_667' title='bbox 993 5481 1075 5537; x_wconf 87' lang='lat' dir='ltr'>Unde</span> <span class='ocrx_word' id='word_1_668' title='bbox 1086 5481 1286 5537; x_wconf 84' lang='lat' dir='ltr'>benefactores</span> <span class='ocrx_word' id='word_1_669' title='bbox 1297 5498 1397 5538; x_wconf 89' lang='lat' dir='ltr'>eorum</span> <span class='ocrx_word' id='word_1_670' title='bbox 1405 5480 1557 5538; x_wconf 87' lang='lat' dir='ltr'>universos</span> <span class='ocrx_word' id='word_1_671' title='bbox 1567 5480 1701 5538; x_wconf 87' lang='lat' dir='ltr'>omnium</span> 
     </span>
     <span class='ocr_line' id='line_1_91' title="bbox 876 5559 1701 5640; baseline -0.004 -9"><span class='ocrx_word' id='word_1_672' title='bbox 876 5573 1040 5631; x_wconf 86' lang='lat' dir='ltr'>orationum</span> <span class='ocrx_word' id='word_1_673' title='bbox 1068 5573 1096 5626; x_wconf 90' lang='lat' dir='ltr'>et</span> <span class='ocrx_word' id='word_1_674' title='bbox 1124 5559 1333 5628; x_wconf 82' lang='lat' dir='ltr'>beneficiorum</span> <span class='ocrx_word' id='word_1_675' title='bbox 1359 5572 1581 5640; x_wconf 69' lang='lat' dir='ltr'>nostrorumst</span> <span class='ocrx_word' id='word_1_676' title='bbox 1598 5584 1701 5628; x_wconf 83' lang='lat' dir='ltr'>aarum</span> 
     </span>
    </p>
   </div>
   <div class='ocr_carea' id='block_1_12' title="bbox 0 0 1918 6006">
    <p class='ocr_par' dir='ltr' id='par_1_15' title="bbox 0 0 1918 6006">
     <span class='ocr_line' id='line_1_92' title="bbox 0 0 1918 6006; baseline 0 0"><span class='ocrx_word' id='word_1_677' title='bbox 0 0 1918 6006; x_wconf 95' lang='lat' dir='ltr'> </span> 
     </span>
    </p>
   </div>
  </div>
 </body>
</html>
