3816 6006
21 3484 24 3491 .
141 3435 269 3494 Alterius
283 3436 395 3494 dommi
410 3399 556 3495 culturam
573 3445 666 3496 meter
676 3440 822 3497 babebat:

132 268 194 338 aas
242 320 245 324 Α

386 272 437 338 ΑΙ)
460 274 719 341 quassamus
739 272 1022 338 serssn.11.·-
1042 271 1200 339 boues.
1223 273 1274 338 llll
1295 271 1420 339 BELLO
1440 270 1580 338 SACRO.

133 406 179 468 sit
192 407 270 483 quod
286 407 467 478 dictumest,
484 411 585 468 urbem
601 411 745 468 Robertus
756 416 788 467 et
803 411 871 484 igne
969 408 996 477 Α
1012 416 1089 474 Felix
1102 413 1151 472 out
1167 413 1252 472 scats
1265 410 1309 469 'vel
1320 409 1413 468 eorda
1426 407 1553 482 contigit
1564 422 1651 474 usus,

133 488 246 567 Vestat,
262 503 291 555 et
306 498 434 556 urbanos
450 501 520 556 dum
537 506 633 557 servat
649 500 754 556 moenin
769 500 873 557 salvat.

133 585 165 647 ei
178 591 256 644 recte
265 587 401 655 memini,
418 589 567 645 Provincia
581 590 701 646 miserat
714 590 790 656 illos,

134 678 212 745 Quos
228 677 337 734 umbrae
354 677 461 750 pigros,
478 677 586 735 celeres
610 679 730 735 llamms
753 679 853 736 addita
872 678 954 746 foeit;

103 836 105 841 Ι
135 765 188 823 llla
200 782 284 823 secus
299 770 439 833 montem,
450 768 500 821 sed
516 785 572 823 non
588 773 686 824 tamen
703 768 732 824 in
749 768 822 840 pede
837 768 954 824 montis.

133 848 170 903 At
182 846 278 903 vicina
293 848 358 919 pedi
369 864 440 920 gens
456 848 530 903 atrio
546 849 673 904 maxima
687 849 822 917 habebat,

134 935 248 992 Primos
264 934 401 993 introitus
417 936 508 1010 portis
524 937 626 993 sortita
641 937 774 1008 reclusis,

56 1074 59 1079 .
135 1023 231 1080 Primo
247 1041 321 1097 quas
336 1022 447 1096 placuit
461 1042 594 1081 summas
608 1025 734 1101 elegerat
749 1027 834 1093 edos,

134 1111 277 1184 Principis
290 1112 361 1169 binc
376 1112 464 1169 etiam
479 1113 642 1172 Raimundo
655 1116 777 1189 contigit
791 1116 868 1181 sula,

135 1200 206 1258 lnde
220 1200 303 1273 quies
319 1202 398 1274 gorrti
414 1190 519 1274 piri-tim
536 1221 619 1276 agra,
632 1206 815 1279 superbaque
831 1206 956 1279 partim:

133 1288 188 1349 ll'st
202 1285 252 1348 ubl
268 1290 416 1349 Vulcanus
432 1292 563 1366 deposcit
577 1294 716 1364 culmina,
728 1300 854 1368 surgunt

135 1380 190 1448 Qui
206 1377 431 1454 pigritabantur,
448 1372 527 1456 piget
542 1383 699 1441 indulsisse
714 1384 816 1456 quieti.

137 1464 266 1528 Currunt
280 1470 316 1527 ad
333 1488 445 1539 muros,
462 1478 580 1545 propter
594 1473 719 1530 tentoria
730 1476 834 1549 figunt.

137 1559 207 1617 Pars
222 1563 333 1634 tegetes
348 1560 502 1630 fabricant,
519 1562 561 1618 sic
577 1563 709 1636 proxima
723 1564 880 1636 perditioni

137 1650 244 1707 ldoenia
258 1654 421 1717 servantur,
436 1651 478 1706 sic
493 1649 609 1708 damnis
623 1653 732 1709 damna
746 1653 888 1721 levantur,

136 1739 184 1797 Sic
198 1740 332 1813 generale
346 1739 458 1797 malum
474 1757 602 1807 cessans,
619 1742 648 1797 in
665 1741 836 1816 particulari

137 1829 238 1887 Sancit
252 1830 329 1902 quod
344 1827 452 1903 leg-itur
469 1847 474 1886 :
491 1830 568 1887 dolor
582 1840 621 1888 est
634 1832 771 1888 caedicius
785 1833 896 1888 doloris.

202 1911 332 1975 LXXVII.
342 1951 376 1961 -
391 1921 499 1992 Teruplo
509 1928 534 1977 et
547 1922 653 1993 palatio
668 1924 742 1992 ipsis
756 1925 898 1978 consumit.
919 1985 920 1988 Ἴ

137 2006 214 2065 Urbs
228 2023 350 2063 arcense
366 2007 459 2081 magis
475 2009 654 2079 accenditur,
666 2027 699 2065 ac
715 2010 820 2084 magis,
836 2010 924 2067 cheul

136 2094 256 2155 Excedit
270 2096 416 2153 medicine
430 2098 562 2164 modum,
578 2098 773 2172 domibusque
788 2099 902 2157 nocenti

139 2186 208 2261 lgna
223 2186 388 2260 perreratis,
405 2186 523 2243 innoxia
533 2188 644 2260 templa
658 2193 826 2245 crementur
843 2206 849 2244 :

139 2273 271 2348 Templa,
282 2275 389 2347 quibus
401 2275 472 2332 visis
487 2278 648 2350 stupuisset
663 2278 757 2350 pictor
771 2279 907 2346 Achivos,

137 2365 208 2423 Auri
223 2365 304 2421 lusor
317 2366 421 2433 Arabs,
437 2365 599 2439 sculptores
612 2368 729 2424 Scottus
743 2373 772 2425 et
785 2367 907 2441 Anglus.

140 2455 163 2513 0
178 2457 430 2528 quorumquam
448 2455 600 2512 materiem
612 2457 699 2513 decor
713 2455 761 2514 illc
776 2459 892 2530 tegebat

139 2543 251 2618 Quippe
262 2542 464 2600 columnarum
481 2545 570 2616 pariis
585 2545 621 2601 de
636 2546 771 2603 cautibus
785 2547 872 2615 ordo;

141 2634 245 2692 Forma
255 2632 424 2706 pavimenti,
435 2633 559 2689 vitreum
575 2651 665 2703 mare,
681 2653 734 2708 par
743 2636 866 2692 cristalli

140 2722 181 2780 De
197 2720 292 2779 cedris
307 2720 409 2779 Libani
425 2722 585 2797 fragrantia
598 2724 689 2797 tigna,
706 2725 813 2781 Coatus

139 2813 299 2871 Exsecuere
313 2811 410 2868 trabes
425 2811 461 2868 dc
475 2811 556 2869 silvis
572 2813 771 2887 aetheritangis
787 2830 793 2870 :

141 2900 270 2960 Marmor
295 2899 386 2970 Atlas,
402 2899 511 2958 vitrum
535 2905 640 2976 Tyrus,
657 2921 695 2960 res
724 2905 846 2977 Cyprus,
863 2903 965 2976 buglis

795 2992 926 3067 [terrum.

142 3074 265 3153 Singula
279 3097 367 3155 regna
382 3098 435 3138 sus
450 3050 628 3138 studuerunt
641 3082 755 3139 mittere
765 3100 851 3157 gazas
866 3100 872 3138 :

141 3169 177 3226 st
192 3169 326 3242 quamvis
336 3169 439 3226 turnus
453 3168 549 3227 latens
564 3176 670 3243 coquat
683 3172 881 3230 Antiochenus
978 3149 1001 3219 (3
1020 3177 1073 3235 Cui
1084 3168 1323 3235 Cenomanensis,
1335 3164 1466 3229 Calaber,
1482 3160 1531 3217 cui
1543 3154 1777 3222 comitaretur,

142 3257 310 3327 Plumbum,
322 3259 541 3333 aiunt,templis
553 3260 668 3318 misisse
680 3263 857 3320 Amathonte
869 3269 965 3336 tegen-

861 3352 928 3424 ldis,

141 3524 272 3583 Alterum
289 3529 350 3582 erat
363 3526 465 3583 lacobi
480 3528 632 3585 dubitatur
646 3546 682 3584 an
696 3546 766 3586 ense
782 3530 886 3599 necati,

141 3615 186 3672 lln
202 3613 281 3688 ligno
297 3615 372 3672 neoti
387 3615 423 3672 de
437 3615 544 3688 templo
560 3618 743 3691 precipitati.

144 3703 230 3761 Tales
245 3704 381 3773 materia,
398 3706 624 3773 tantummono,
641 3707 695 3764 hoc
711 3709 786 3780 perit
800 3709 876 3782 igne.

145 3792 287 3849 LXXVlll.
300 3824 333 3834 -
342 3796 463 3850 Scruotis
474 3796 571 3863 arsuris,
584 3797 856 3854 instatuibilomiaus
871 3798 963 3854 boues.

145 3881 272 3953 Sedjam
287 3882 409 3938 serratis
425 3887 505 3939 tanto
518 3884 688 3942 discrimine
703 3887 806 3953 muris,

144 3969 242 4026 Hostis
256 3970 352 4025 adhuc
366 3969 457 4026 instat
472 3987 479 4026 :
495 3974 632 4029 custodes
643 3973 742 4030 fallere
757 3978 860 4043 tentat,

144 4057 206 4115 Nox
219 4062 300 4115 cavet
314 4057 447 4130 insidias,
462 4058 512 4116 lux
526 4062 639 4134 spernit
654 4062 727 4119 scire
742 4064 896 4120 cavendas.

145 4145 200 4214 Qui
215 4152 348 4221 spectant
363 4147 429 4205 altis
444 4150 480 4206 de
496 4150 620 4224 rupibus
633 4151 780 4220 inferiora,

146 4236 258 4293 Cuncta
271 4235 369 4309 palam
385 4244 526 4310 spectent,
544 4240 593 4312 qui
611 4242 717 4309 stertit,
733 4242 801 4313 quis
823 4240 968 4314 vigilatve,

148 4328 215 4393 oure
231 4329 327 4383 tutore
341 4331 442 4383 carent
453 4332 561 4400 parles,
579 4347 642 4403 quae
657 4329 780 4402 preside
794 4332 933 4403 gaudent.

147 4410 225 4473 Gens
239 4414 466 4473 Alamannorum
477 4417 602 4475 irontem
614 4436 677 4491 que
688 4423 801 4492 spectat
810 4420 846 4476 ad
859 4422 969 4476 Eurum

148 4505 241 4562 Noctu
254 4504 396 4574 seruabat,
412 4505 524 4563 somnis
537 4507 565 4562 in
574 4507 646 4565 *lucc
657 4510 778 4565 vacabat
794 4528 800 4566 :

149 4593 262 4666 Saepius
275 4591 337 4649 heo
352 4594 438 4650 'l'orci
453 4612 571 4652 summa
584 4596 620 4653 de
636 4615 708 4670 rupe
722 4598 864 4665 videntes,

150 4683 237 4757 Spem
253 4681 375 4755 capiunt
388 4683 500 4740 somnis
510 4686 667 4742 escendere
683 4704 769 4761 posse
784 4688 839 4743 sub
849 4686 918 4744 illis.

151 4771 251 4829 Scalas
265 4789 333 4845 ergo
343 4777 458 4844 parant,
469 4773 589 4829 veniunt
603 4775 639 4831 ad
654 4776 762 4833 moenia
775 4777 877 4834 furtim
894 4793 900 4833 :

151 4858 232 4916 llicct
247 4860 418 4929 ascendunt,
436 4860 516 4918 nullo
531 4863 713 4934 prohibente,
725 4865 865 4937 jacebant

152 4948 294 5006 Custodes
309 4948 418 5018 miseri,
435 4949 519 5022 quasi
535 4956 628 5009 risorie
643 4971 745 5027 sopore
760 4954 847 5011 soluti
864 4973 871 5010 z

153 5035 301 5094 Plurimus
317 5038 346 5093 in
362 5042 456 5094 turres
465 5040 530 5111 jam
546 5039 699 5098 scanderat
714 5060 800 5100 arcus
823 5049 852 5100 et
866 5044 956 5111 ensis,

154 5126 228 5183 Cum
243 5125 279 5182 de
293 5124 453 5200 longinquo
466 5133 627 5185 cernuntur
641 5130 711 5187 talia
727 5149 819 5189 muro.

155 5216 201 5273 Fit
216 5211 336 5282 clamor,
354 5214 451 5271 tremit
466 5217 537 5274 urbs
547 5219 666 5287 tandem
681 5220 777 5294 sopita
790 5223 919 5295 resurgit

156 5304 255 5362 Turba
269 5308 376 5376 stupet,
393 5303 462 5361 visis
477 5323 566 5378 prope
582 5325 612 5364 se
628 5309 790 5366 discurrere
809 5310 923 5366 Turcis.

157 5394 227 5451 Pars
241 5391 354 5467 gladios
368 5392 526 5468 stringunt,
543 5413 610 5468 pars
625 5398 784 5470 diffugiunt
798 5397 952 5472 stupefacti
969 5414 977 5454 :

157 5482 212 5548 Qui
227 5481 376 5557 stringunt
391 5483 508 5553 feriunt,
525 5486 574 5558 qui
590 5486 749 5559 diffugiunt
768 5488 925 5557 sariuntur,

158 5569 274 5631 instant
286 5573 474 5646 Christicola,
486 5574 603 5650 tugiunt
617 5575 655 5633 ad
664 5575 773 5635 maasia
785 5576 890 5634 Perse.

1009 510 1062 569 Cui
1077 511 1187 566 neutra
1203 501 1302 559 inlellx
1317 517 1324 556 :
1342 500 1377 556 de
1389 497 1537 554 moenibus
1551 493 1647 552 exsilit
1661 492 1729 552 alts's

1009 601 1111 658 Audax
1125 597 1156 653 in
1171 594 1278 659 silices,
1290 590 1413 647 timidus
1428 586 1545 644 strictos
1559 583 1635 657 sugit
1649 599 1746 648 enses,
1775 605 1778 609 ’

1010 690 1085 747 Dum
1101 687 1219 743 tandem
1235 680 1318 738 exciti
1333 679 1586 753 surgunt,urgent
1598 669 1763 737 Alemanni,

1011 778 1110 836 Turba
1126 775 1306 836 Latinorum,
1320 768 1428 842 pudori
1445 770 1478 822 ut
1489 767 1636 821 testastur
1650 765 1679 818 st
1689 757 1759 834 ipsi,

1013 869 1065 927 Per
1078 866 1190 940 plateas
1203 860 1295 918 Croeci
1309 857 1471 916 clamantes
1483 855 1559 911 Caco
1569 849 1733 908 Alemanni.

1012 973 1126 1034 LXXIX.
1143 1000 1177 1011 -
1192 968 1315 1024 Obsessos
1342 966 1429 1037 sames
1456 970 1558 1030 arquis
1581 957 1617 1013 ub
1637 955 1710 1012 urbe
1730 950 1838 1010 nobiles

1234 1036 1365 1112 quosdam
1377 1035 1454 1090 scire
1468 1030 1615 1103 cormeliis.

1012 1137 1070 1193 Nec
1086 1139 1156 1189 lunc
1170 1127 1284 1185 destitit
1298 1126 1416 1182 fortun-a
1429 1121 1571 1177 lacessere
1585 1115 1746 1181 Christum,

1013 1226 1068 1282 Seu
1080 1218 1189 1280 Christi
1204 1215 1341 1282 lbmulos,
1353 1215 1491 1284 superata
1506 1218 1659 1278 resurgere
1671 1205 1768 1260 tentat

1012 1292 1128 1388 Aquila,
1138 1305 1293 1366 succubuit
1305 1301 1462 1364 scandens,
1477 1297 1668 1370 ingressaque
1680 1296 1785 1347 mures

1013 1404 1193 1460 Desconsum
1216 1403 1427 1468 egressumque
1450 1390 1534 1461 paral
1549 1400 1556 1440 τ
1573 1381 1647 1439 nihil
1660 1381 1840 1437 intentatum

1015 1491 1176 1562 Linquens,
1185 1501 1264 1541 nunc
1278 1483 1381 1537 dextra
1395 1480 1597 1543 tractatuum
1611 1467 1839 1535 asmodaeum

1014 1580 1131 1646 Dicens,
1147 1575 1173 1632 si
1189 1582 1300 1645 nequeo
1316 1579 1448 1640 superos,
1464 1562 1630 1618 Acheronta
1641 1556 1777 1614 movebo.

1015 1663 1203 1725 Christicolas
1214 1660 1331 1718 clausos
1346 1655 1489 1728 patientes
1503 1659 1608 1722 aspera
1621 1646 1696 1715 luce,

1015 1760 1126 1829 Aspera
1140 1758 1223 1810 nocte
1236 1751 1329 1806 tames
1341 1742 1424 1802 omni
1439 1739 1584 1798 crudelior
1598 1737 1682 1793 hosts

1016 1844 1135 1918 affligit,
1150 1841 1269 1905 lacerat,
1284 1832 1443 1899 consumit,
1459 1830 1596 1895 mat-erat,
1613 1824 1705 1921 iabou

1016 1935 1096 1990 Trux
1108 1932 1270 1999 hereneus
1279 1924 1398 1990 trucior,
1409 1921 1623 1992 amarissimas
1637 1911 1842 1981 sessorpalque

1016 2022 1124 2080 Saevior
1137 2017 1259 2082 accedit,
1276 2018 1385 2087 quanto
1401 2007 1496 2081 magis
1508 2019 1577 2062 esca
1587 1999 1706 2059 resedit.

1017 2114 1084 2179 oue
1098 2112 1182 2165 tanta
1196 2104 1298 2171 macie,
1314 2104 1396 2157 tante
1407 2097 1485 2154 inter
1496 2093 1584 2151 tedis
1593 2091 1659 2148 vita

1016 2200 1124 2272 lixpers
1139 2193 1249 2262 auxilii,
1266 2204 1333 2265 pars
1348 2186 1460 2244 militis
1473 2180 1606 2257 fugiendi

1016 2287 1178 2346 Consilium
1193 2285 1318 2347 tractat3
1335 2278 1438 2351 proba,
1452 2271 1569 2338 nobilis,
1586 2266 1694 2341 inclyta
1708 2264 1785 2322 bello

1016 2377 1115 2449 Usque
1128 2374 1185 2430 sub
1200 2372 1256 2427 hoc
1271 2360 1577 2441 tempus,dignissimta
1591 2356 1679 2414 laude
1688 2355 1842 2427 iuventtis.

1016 2463 1193 2521 Wilhelmas
1209 2465 1372 2530 tratresque
1386 2452 1445 2518 sui,
1460 2448 1624 2514 albericus,
1638 2449 1670 2502 et
1685 2445 1744 2500 lvo.

1017 2555 1068 2612 Isti
1083 2559 1143 2609 tres
1159 2560 1320 2622 cognomen
1336 2544 1448 2600 habent
1462 2539 1498 2596 de
1514 2537 1610 2595 ema
1624 2532 1754 2600 blaiseii,

1017 2644 1058 2702 lle
1074 2637 1242 2700 Fontenella
1255 2631 1433 2704 'liudulphus
1448 2633 1477 2685 et
1491 2627 1518 2684 is
1532 2620 1736 2682 Turonensis:
1827 2704 1833 2716 Ι

1017 2735 1053 2790 At
1067 2731 1181 2796 tratres,
1198 2726 1298 2800 pudet,
1314 2720 1387 2779 beul
1403 2718 1505 2793 pudet,
1516 2713 1588 2772 beni
1601 2707 1847 2872 Narmauntiams·

1237 2842 1243 2849 ·
1759 2796 1809 2853 sit.

1018 2909 1093 2968 ltlud
1109 2907 1218 2980 ubique
1230 2917 1326 2978 genus
1340 2896 1471 2964 victoria,
1485 2891 1580 2968 gloria
1594 2889 1710 2958 mundi,

1017 2998 1176 3073 anglorum
1192 2993 1284 3050 victor
1297 2987 1434 3063 populus,
1450 2982 1542 3040 vietm
1554 2979 1731 3045 Siculorum,

1018 3088 1117 3145 Victor
1128 3086 1308 3147 Graecorum,
1323 3078 1541 3150 Captianorum,
1556 3067 1764 3143 apulicorum,

1019 3265 1071 3324 Cul
1086 3263 1182 3337 lapis,
1198 3261 1305 3316 horum
1321 3254 1432 3328 patitur
1446 3251 1482 3306 de
1495 3248 1588 3320 stirpe
1603 3245 1756 3320 pudorem.

1019 3351 1166 3413 Admoniti
1180 3348 1282 3423 plures
1295 3344 1414 3401 illorum
1429 3355 1499 3398 voce
1513 3338 1643 3403 luerunt,

1019 3444 1057 3502 Ut
1072 3443 1175 3498 fierent
1186 3436 1260 3494 tanti
1275 3431 1398 3491 comites
1412 3429 1449 3486 ad
1465 3427 1574 3484 federa
1588 3421 1686 3498 probri
1703 3439 1710 3478 :

1020 3533 1076 3590 Sed
1092 3531 1180 3595 Deus,
1197 3522 1398 3594 arnulfusque
1412 3535 1484 3574 suus
1499 3530 1601 3591 perere
1616 3515 1733 3586 paratos

1019 3623 1136 3685 Arcent,
1151 3621 1181 3673 et
1191 3612 1270 3686 turpi
1282 3612 1421 3667 vresecant
1435 3624 1453 3662 a
1465 3604 1632 3662 conditione
1646 3618 1654 3657 ι

1019 3710 1073 3767 Ast
1086 3706 1177 3764 oblite
1192 3702 1253 3768 Dei,
1272 3699 1441 3773 patriaque,
1456 3693 1716 3767 suiqaejuveutus

1021 3798 1074 3856 llla
1086 3796 1225 3869 probrosa
1239 3790 1290 3845 vie
1302 3785 1435 3859 sceptris,
1449 3788 1611 3855 auctorque
1625 3777 1779 3853 pudenda,

1022 3888 1133 3944 Perstat
1148 3883 1178 3938 in
1193 3880 1329 3951 incoepto,
1346 3873 1427 3932 nullo
1444 3869 1614 3930 mvocabills
1630 3876 1680 3926 ore
1696 3884 1703 3922 ι

1021 3973 1178 4048 Egregium
1193 3970 1361 4031 facturae,
1377 3961 1606 4036 preclarumque
1620 3955 1714 4012 relatu
1731 3970 1738 4010 r

1023 4063 1053 4121 Si
1069 4059 1190 4133 reliquis
1201 4055 1297 4124 cesis,
1311 4053 1372 4110 hec
1387 4068 1419 4108 ss
1429 4046 1621 4107 substraxerit
1634 4043 1725 4101 hesli.

1022 4154 1097 4225 Ergo
1107 4147 1197 4205 sbrsit
1211 4146 1306 4213 thoes,
1323 4139 1444 4199 structis
1454 4130 1796 4210 quibusaqaaligasis,

1024 4237 1153 4298 Pendula
1166 4237 1203 4293 de
1217 4246 1302 4290 mutu
1318 4232 1351 4286 lit
1360 4233 1469 4286 noetus
1482 4229 1568 4283 nocte
1580 4221 1705 4279 volando
1721 4237 1728 4275 :

1024 4331 1072 4386 Sic
1081 4331 1226 4384 nocturne
1240 4319 1328 4394 fugit,
1338 4319 1410 4392 tuga
1421 4315 1485 4373 sola
1497 4314 1610 4370 criente
1623 4307 1759 4384 patescit,

1025 4417 1149 4488 Moxque
1163 4415 1197 4469 nt
1210 4410 1339 4468 edictum
1355 4422 1392 4462 ne
1407 4402 1473 4478 quis
1483 4399 1645 4459 dissolvero
1663 4397 1759 4452 lobea

988 4519 1011 4584 p
1025 4506 1150 4571 Audeat,
1165 4495 1316 4574 opprobrii
1329 4492 1547 4551 monimentum
1560 4484 1735 4563 posteritati.

1116 4588 1219 4648 LXXX.
1234 4617 1270 4628 -
1285 4583 1390 4642 Obsessi
1404 4581 1538 4654 lethiferis
1552 4579 1621 4635 cibis
1634 4576 1762 4632 aluam.

1027 4685 1102 4756 lirgo
1119 4678 1168 4736 ubi
1184 4673 1355 4750 iam'palese
1372 4670 1547 4745 pepulerunt
1560 4674 1675 4723 monas
1689 4666 1719 4719 et
1731 4665 1817 4727 stira,

1027 4773 1137 4829 Puram
1148 4767 1227 4840 quod
1242 4765 1374 4820 mmanet
1389 4761 1581 4825 trumentum,
1593 4762 1700 4812 sunta
1710 4749 1781 4825 igue
1790 4752 1856 4822 pte

1693 4841 1818 4909 thium,

1029 4950 1188 5022 Purgatum
1202 4948 1298 5009 berre,
1314 4956 1386 5015 gens
1400 4933 1599 5011 imperterrita
1611 4935 1764 4997 constans,

1029 5039 1084 5096 Sed
1100 5036 1227 5092 lacerata
1242 5032 1328 5099 lame,
1344 5025 1531 5093 miserabilis,
1544 5020 1715 5094 irrequieta,

1030 5129 1062 5184 ln
1078 5141 1160 5200 spem
1174 5120 1289 5179 vivendi
1304 5121 1428 5176 currunt
1440 5116 1478 5172 ad
1493 5120 1575 5188 opes,
1590 5106 1735 5168 modendi

1031 5215 1191 5273 Lethileros
1206 5213 1324 5284 gustus,
1340 5212 1374 5264 ut
1385 5210 1455 5263 sunt
1468 5198 1726 5269 salvinca,eiouts,

1030 5305 1208 5368 Elleborum,
1224 5299 1322 5372 lapan,
1338 5291 1575 5363 lolium,aizasia
1589 5287 1743 5346 mandant.

1032 5394 1083 5450 llis
1098 5389 1200 5448 miseri
1214 5389 1251 5445 ad
1266 5386 1357 5443 dmm
1372 5385 1445 5440 dum
1456 5384 1627 5446 vacuatur,
1641 5373 1821 5432 mancus

1033 5483 1174 5538 Praeterea
1185 5471 1400 5533 ventressolea
1414 5482 1593 5544 quocunque
1606 5467 1741 5539 neom.

1034 5571 1071 5630 lit
1083 5564 1229 5642 quidquid
1242 5561 1314 5623 corii
1324 5551 1823 5630 iacentumuoisuoqasrajsstam.
