3816 6006
64 289 141 350 laet
627 289 815 352 HDMlLlAE.
832 323 871 334 -
885 289 909 354 1.
930 289 983 352 ba
1004 289 1203 354 TEMPORE.

98 421 205 490 Tertio,
223 422 439 479 demonstratur
452 424 595 480 Dominus
616 426 694 497 apud
715 425 883 480 Mattheum
898 424 926 492 Α
942 441 1000 480 uno
1015 429 1167 498 peccatore
1182 424 1382 497 poenitentiam
1407 430 1510 500 agente
1533 424 1614 496 (ibid)
1626 447 1640 475 υ
1656 429 1765 498 quanto

63 513 258 567 manducasse
273 527 340 567 cum
357 512 492 569 subditur
507 532 512 569 :
529 515 562 570 Et
575 515 679 584 suctum
703 522 751 578 est,
767 512 888 570 discam·
944 512 1038 587 magis
1049 530 1139 586 super
1150 512 1252 570 multis
1262 513 1672 588 peecatoribuspoenitentiam
1684 531 1769 588 agen-

63 601 141 656 bente
154 601 184 656 in
197 616 228 656 eo
243 601 272 655 in
286 600 438 668 domaeme
451 603 534 658 multi
541 603 685 674 pellicani
699 610 725 660 et
733 609 889 674 peccatores
943 603 1037 659 tibus!

61 690 200 745 venientes
223 689 428 746 discumbebant
452 708 515 747 cam
537 708 567 748 ee
595 700 621 748 et
648 691 792 764 discipulis
819 693 887 763 citas.
978 696 1097 759 Quarto,
1114 693 1772 767 DominusaPhariseisreprehenditur,cum

61 779 150 835 Porro
166 779 244 851 quod
261 779 415 836 Mattheus
431 782 466 837 de
481 780 698 837 dehumilitatis
709 798 799 837 causa
810 781 889 836 inde·
944 781 1096 855 discipulis
1112 784 1176 855 ejus
1192 783 1294 840 dicunt
1310 800 1316 838 :
1334 784 1424 852 Quare
1438 801 1500 840 cum
1512 785 1773 857 publiconiaetpec·

62 868 219 925 terminate
239 867 319 936 dicit,
337 870 430 926 Lucas
459 869 589 942 apertius
614 870 733 942 exponit
761 871 885 926 dicens:
942 870 1079 926 caloribus
1094 870 1243 927 munducat
1257 872 1389 941 tnapister
1403 872 1507 928 vester‘l
1525 872 1564 926 Ac
1579 870 1605 928 si
1619 875 1717 944 aperte
1729 871 1771 928 di·

62 958 137 1023 Quia
152 957 219 1013 feeit
233 958 258 1013 ei
276 957 341 1013 Levi
357 958 519 1014 convivium
534 976 675 1032 magnum
690 959 720 1014 in
737 960 823 1016 domo
834 976 889 1016 sua
942 963 1010 1014 cant
1026 976 1033 1014 ε
1050 960 1241 1016 consentiens
1257 959 1345 1016 estin
1361 960 1448 1033 culpa
1458 959 1566 1033 eis,qui
1581 960 1768 1018 consentiens

62 1047 136 1120 (Luc.
152 1047 190 1119 v).
208 1069 221 1096 υ
238 1046 311 1103 Hinc
325 1046 440 1105 discant
463 1047 622 1118 auditores,
634 1049 837 1121 praedicatores
860 1052 889 1104 et
942 1051 986 1104 est
1001 1047 1043 1104 eis
1059 1048 1087 1103 in
1104 1064 1195 1104 omna.
1212 1048 1246 1104 Hi
1263 1049 1292 1104 in
1316 1049 1410 1105 trihus
1425 1053 1556 1121 peccant.
1574 1049 1680 1116 Primo,
1697 1049 1767 1123 quia

61 1136 220 1193 monitores
235 1153 304 1193 suos
319 1136 599 1210 suscipere,pascere
610 1137 888 1194 ethonorare.Unde
936 1136 1086 1208 justitiam
1097 1153 1186 1210 quam
1202 1155 1259 1194 non
1275 1138 1383 1194 habeut
1398 1137 1610 1212 sibiarrogant.
1620 1138 1764 1209 Secundo,

60 1225 204 1282 Dominus
218 1226 315 1298 inquit
331 1243 338 1282 :
357 1247 371 1278 α
384 1227 509 1283 Edentes
525 1233 554 1284 et
568 1227 702 1284 bibentes
723 1244 786 1300 que
808 1228 885 1300 apud
941 1225 1011 1298 quia
1025 1225 1183 1282 Dominum
1198 1227 1234 1282 de
1248 1227 1347 1283 dubiis
1358 1226 1504 1297 judicant.
1514 1226 1766 1300 Tertiaquiapee·

59 1313 128 1372 illos
147 1317 302 1384 sunt(Luc.
318 1318 357 1384 x).
375 1338 389 1365 n
406 1316 440 1371 tlt
453 1317 611 1390 Apostolus
628 1334 635 1373 :
652 1340 666 1367 α
682 1317 712 1372 si
733 1317 824 1384 vobis,
842 1316 886 1372 iu·
941 1314 1089 1372 camribua
1103 1332 1160 1371 non
1177 1315 1460 1388 compatiuntur-,sed
1474 1331 1523 1372 ees
1534 1319 1767 1374 couanuntat

61 1403 135 1476 quit,
148 1403 313 1477 spiritualia
321 1404 690 1478 seminavimus,magnum
701 1409 746 1462 est
757 1404 782 1462 ai
791 1408 887 1462 vestra
941 1403 1145 1476 dedignantur.
1164 1404 1195 1460 In
1211 1405 1320 1476 quibus
1344 1405 1439 1461 trihus
1455 1421 1486 1462 se
1501 1422 1559 1463 non
1581 1421 1646 1463 esse
1665 1407 1765 1479 justos

61 1492 346 1550 carnaliametamus
363 1494 386 1558 (l
400 1496 463 1552 Cor.
480 1499 529 1563 rx).
548 1517 561 1544 »
577 1495 659 1551 Sicut
674 1494 753 1550 enim
778 1494 807 1549 hi
833 1495 885 1550 de·
940 1493 1154 1550 demonstrant.
1167 1493 1263 1550 Primo
1280 1493 1370 1562 euim,
1386 1494 1411 1550 si
1427 1511 1508 1551 vesre
1518 1495 1593 1566 justi
1605 1495 1766 1564 essent,bo·

60 1581 201 1638 bertillis
215 1581 389 1654 spiritualia,
400 1583 441 1638 sie
452 1583 495 1638 illi
509 1584 616 1640 debent
626 1583 693 1640 istis
704 1583 884 1656 temporalia.
940 1599 1012 1638 num
1028 1600 1087 1639 non
1100 1582 1235 1639 habitum
1249 1582 1305 1639 sibi
1322 1599 1380 1638 non
1396 1588 1574 1658 arrogarent,
1592 1585 1642 1642 sed
1666 1585 1765 1658 potius

60 1672 225 1728 Conversus
240 1671 328 1745 igitur
344 1671 498 1729 Mattheus
514 1672 637 1746 suscipit
652 1673 810 1745 Christum,
827 1690 886 1729 nou
940 1671 1075 1728 habitum
1086 1672 1316 1740 dissimularent,
1325 1676 1353 1728 et
1368 1672 1397 1728 in
1412 1671 1504 1730 oculis
1515 1674 1577 1730 suis
1588 1691 1709 1747 pervum
1719 1672 1764 1732 vel

61 1762 157 1818 solum
186 1760 385 1834 corporaliter,
410 1762 460 1818 sed
484 1762 572 1818 etiam
600 1761 801 1834 spiritualiter,
821 1763 885 1834 ipso
941 1758 1055 1817 nullum
1068 1764 1214 1834 putarent.
1227 1760 1383 1827 Ouisenim
1392 1761 1565 1836 gloriabitur
1576 1763 1721 1819 muudum
1732 1779 1764 1821 aa

60 1851 185 1910 Domino
193 1855 267 1907 teste
279 1867 285 1905 ε
299 1873 312 1900 «
325 1850 354 1906 Si
364 1850 430 1923 quis
445 1850 541 1924 diligit
549 1868 774 1919 mc,sermonem
786 1869 885 1909 meum
939 1848 1047 1906 habore
1075 1848 1145 1906 cori
1161 1849 1234 1906 llinc
1262 1849 1416 1907 Psalmista
1439 1851 1476 1907 ad
1501 1850 1658 1908 Dominum
1675 1869 1681 1908 :
1699 1874 1713 1902 u
1730 1852 1762 1908 lu

1686 295 1764 354 ilbi
1857 300 1859 304 '

60 1939 197 2007 servabit,
213 1943 242 1996 et
256 1940 339 1996 Pater
353 1955 437 1996 meua
456 1939 557 2013 diliget
572 1957 650 2008 eum,
662 1945 691 1996 et
706 1941 742 1996 ad
758 1956 825 1996 eum
840 1958 886 1997 ve·

60 2030 186 2097 niemus,
203 2033 231 2086 et
246 2028 428 2085 mansionem
445 2030 523 2102 apud
547 2046 615 2085 cum
638 2029 779 2086 faciemus
794 2029 881 2103 (loen.

58 2123 126 2189 mv).
147 2142 160 2168 υ
175 2117 271 2175 Pascit
286 2134 403 2191 quoque
418 2134 485 2174 eum
501 2136 557 2175 non
574 2117 668 2175 solum
687 2118 883 2192 corporaliter,

58 2210 110 2266 sed
126 2207 215 2264 etiam
230 2207 432 2280 spiritualiter.
449 2208 551 2263 codem
567 2211 733 2274 attestante,
750 2207 800 2280 qui
816 2207 858 2265 ait
874 2225 881 2264 :

60 2322 74 2349 n
92 2299 164 2354 Ecce
180 2300 224 2352 sto
239 2296 275 2351 ad
292 2295 400 2351 ostium
414 2298 443 2351 et
456 2296 552 2369 pulso.
569 2296 598 2352 Si
614 2296 681 2369 quis
696 2296 822 2353 audierit
836 2313 883 2353 vo-

59 2404 123 2444 cem
139 2389 282 2453 meam,et
296 2385 441 2457 aperuerit
451 2386 584 2458 januam,
597 2385 722 2443 introibo
738 2387 774 2442 ad
786 2385 881 2455 illum,

59 2483 88 2533 et
117 2474 237 2533 caenabo
259 2491 326 2530 cum
352 2472 412 2545 illo,
426 2477 455 2530 et
477 2475 540 2548 ipse
564 2493 680 2532 mecum
700 2477 788 2548 (ripae.
801 2476 852 2548 ιιι).
867 2499 881 2526 »

59 2567 123 2624 Stat
136 2564 244 2637 quippe
258 2563 401 2620 Dominus
417 2565 452 2619 ad
469 2565 575 2621 ostium
592 2570 620 2621 et
635 2564 742 2638 pulsat,
755 2582 822 2621 cum
837 2583 883 2622 vo·

59 2654 201 2711 luntatem
226 2670 320 2721 suam,
336 2651 380 2708 vel
409 2669 461 2725 per
488 2653 684 2726 predicatoris
710 2670 819 2723 vocem,
837 2655 881 2712 vel

58 2762 110 2818 per
124 2742 346 2816 inspirationem
359 2759 454 2809 suam,
464 2742 494 2798 iu
510 2760 559 2800 cor
575 2747 708 2799 nostrum
723 2742 882 2800 immittere

58 2833 171 2906 querit.
182 2831 289 2888 Audita
302 2847 369 2887 vero
384 2847 451 2888 voce
466 2833 667 2904 ejus,januam
683 2833 708 2887 ei
720 2833 879 2905 aperimus,

58 2923 175 2996 quando
189 2921 369 2978 voluntatem
377 2937 462 2977 suam
473 2924 620 2994 gratanter
631 2921 834 2994 accipimuset
844 2921 880 2978 ad

939 1942 1095 2011 conspectu
1113 1943 1162 1995 tuo
1175 1956 1230 1995 non
1237 1939 1449 2011 justificabitur
1458 1940 1554 1998 omnis
1566 1941 1665 1999 vivens
1675 1941 1761 2013 (Paci.

937 2027 1034 2099 exau).
1053 2050 1067 2077 u
1082 2028 1117 2083 Et
1131 2027 1156 2083 si
1171 2032 1250 2084 astra
1264 2044 1320 2083 non
1336 2032 1406 2084 sunt
1422 2029 1533 2086 munda
1550 2029 1580 2086 in
1604 2033 1762 2104 conspectu

938 2117 1012 2189 ejus,
1024 2121 1057 2171 ut
1071 2116 1112 2172 ait
1123 2116 1179 2172 lob
1190 2116 1247 2189 (lot
1257 2117 1333 2188 xxv),
1345 2118 1554 2189 quantominus
1569 2119 1657 2177 hemo
1676 2119 1762 2192 atejus

937 2207 996 2262 vita
1019 2223 1077 2262 non
1100 2209 1146 2262 est
1168 2205 1225 2262 nisi
1250 2207 1382 2275 tentatio,
1399 2208 1491 2280 etqui
1513 2209 1634 2266 domum
1650 2208 1763 2266 habitat

937 2294 1058 2362 luteam,
1075 2294 1125 2367 qui
1140 2299 1169 2352 et
1183 2298 1332 2351 terrenum
1347 2295 1436 2352 habet
1450 2296 1762 2356 fundamentumiDe·

937 2383 1041 2440 bernus
1064 2384 1154 2451 enim,
1170 2383 1275 2441 iratres
1299 2385 1366 2454 mei,
1383 2385 1478 2442 dicere
1502 2402 1570 2443 cum
1594 2388 1760 2462 propbeta:

937 2497 951 2524 u
968 2474 1075 2530 Omnes
1087 2473 1209 2546 justitie
1220 2479 1327 2530 nostre
1343 2475 1426 2547 quasi
1441 2492 1559 2548 pannus
1573 2481 1761 2534 menstruate

937 2568 1055 2629 aniate,
1073 2564 1195 2619 Domine
1211 2565 1276 2636 (leo.
1292 2565 1396 2635 uviri.»
1412 2563 1557 2634 Secundo,
1573 2566 1598 2622 si
1613 2582 1679 2623 vere
1685 2565 1761 2639 justi

936 2657 1045 2715 esseut,
1061 2652 1218 2708 Dominum
1234 2653 1270 2708 de
1284 2653 1461 2708 comestione
1476 2670 1544 2710 cum
1559 2655 1762 2729 peccatoribus

936 2758 994 2798 nou
1005 2741 1367 2813 judicarentMauducare
1382 2742 1460 2798 enim
1470 2745 1760 2819 compeccatoribus,

936 2832 1005 2904 quia
1020 2834 1117 2903 potest
1130 2836 1159 2887 et
1174 2830 1249 2886 boue
1274 2836 1303 2886 et
1325 2830 1402 2887 malo
1427 2832 1525 2888 animo
1537 2833 1610 2901 lieri,
1627 2837 1672 2891 eat
1686 2850 1760 2907 opus

935 2921 1114 2987 indifferens,
1127 2923 1155 2975 et
1169 2919 1234 2975 ideo
1250 2935 1307 2975 non
1322 2919 1464 2976 debemus
1479 2924 1508 2977 ot
1519 2920 1690 2994 hujusmodi
1705 2922 1760 2980 ali·

57 3011 238 3085 implendum
253 3026 318 3067 eam
333 3027 451 3082 operam
467 3010 583 3066 damus.
595 3010 695 3066 Coeunt
708 3027 775 3066 vero
786 3011 882 3067 nobis·
936 3026 1022 3084 quem
1039 3008 1177 3080 iudicare,
1194 3023 1247 3064 nec
1262 3008 1292 3063 in
1308 3008 1415 3064 malam
1429 3014 1543 3081 partem
1563 3010 1759 3082 interpretari,

58 3118 139 3169 cum,
154 3104 182 3156 et
196 3117 249 3156 uos
263 3116 330 3156 cum
346 3098 407 3166 illo,
425 3100 542 3171 quando
558 3099 620 3170 ipse
644 3098 774 3170 pascitur
788 3104 817 3156 et
831 3100 880 3156 de·
937 3100 988 3157 scd
1004 3098 1102 3172 potius
1114 3096 1145 3153 in
1161 3097 1278 3153 bonam.
1292 3098 1399 3165 Tertio,
1415 3098 1440 3156 si
1464 3113 1530 3156 vere
1552 3099 1626 3171 justi
1650 3106 1759 3169 essent,

58 3190 182 3248 tec-tatur
196 3194 296 3246 nostra
310 3187 472 3253 devotione,
489 3191 517 3244 et
531 3205 585 3243 nos
603 3189 668 3260 ejus
684 3205 792 3245 amore.
810 3189 883 3247 Hinc
897 3169 919 3237 C
939 3193 1125 3263 peccatorum
1137 3186 1259 3243 miserie
1270 3187 1500 3259 percharitatem
1512 3193 1759 3262 compaterentur,

59 3281 175 3337 discant
191 3279 394 3350 praedicatores
405 3281 433 3333 et
444 3281 575 3348 pastores
586 3281 693 3333 sancte
704 3278 884 3347 ltcclesimut
936 3295 990 3335 nec
1005 3293 1054 3333 eos
1070 3280 1299 3343 contemnerem,
1316 3293 1369 3332 nec
1383 3276 1620 3351 dedignarentur,
1635 3281 1686 3337 sed
1706 3297 1761 3355 po·

59 3364 693 3442 quandocoenautcumsubditissuis,magis
704 3366 884 3423 delectentur
937 3368 995 3424 tius
1011 3366 1053 3422 eis
1063 3365 1338 3435 condescenderent,
1355 3369 1388 3421 ut
1403 3382 1453 3424 eos
1471 3366 1585 3426 Christo
1605 3368 1760 3427 lucriface-

59 3459 89 3514 in
105 3457 256 3514 devotione
271 3471 382 3523 eorum,
398 3470 487 3525 quam
503 3453 532 3508 in
549 3454 726 3512 comestione
749 3455 883 3514 ciborum
937 3459 1012 3513 rent.
1028 3457 1146 3522 Quarto,
1163 3453 1305 3511 Dominus
1319 3454 1472 3511 Phariseos
1488 3456 1523 3512 de
1538 3456 1649 3529 injusta
1658 3473 1758 3531 repre·

58 3545 261 3619 appositorum
274 3559 280 3599 :
293 3543 388 3615 magis
397 3542 426 3597 iu
435 3559 536 3598 eorum
547 3543 679 3616 proiectu
691 3561 780 3618 quam
789 3545 818 3601 in
829 3563 883 3603 suo
937 3545 1078 3602 hensiene
1093 3542 1235 3611 confutat,
1245 3559 1311 3598 cum
1327 3543 1369 3599 eis
1386 3544 1566 3617 respondeus
1589 3545 1679 3605 dicit:
1695 3550 1760 3606 Nan

58 3651 122 3689 esu.
140 3632 193 3699 Qui
210 3631 288 3686 enim
303 3630 396 3703 magis
413 3630 517 3703 querit
531 3647 548 3686 a
562 3632 690 3689 subditis
715 3633 778 3690 suis
802 3634 882 3707 pasci
936 3644 975 3692 est
990 3651 1057 3706 opus
1070 3632 1224 3689 oneratam
1238 3632 1351 3701 asellico,
1368 3633 1414 3688 sed
1436 3634 1509 3690 necle
1532 3635 1704 3693 tabentibus.
1721 3637 1759 3694 dc

59 3720 249 3794 corporaliter
258 3736 346 3793 quam
357 3718 616 3793 spiritualiter,non
628 3726 735 3793 pastor,
744 3724 794 3778 sed
807 3740 882 3780 mer·
936 3724 961 3780 si
976 3727 1074 3796 aperte
1091 3722 1168 3777 dicat
1184 3737 1190 3775 :
1207 3721 1294 3788 lusti,
1311 3721 1412 3793 quales
1435 3739 1486 3780 vos
1510 3739 1574 3781 esse
1596 3725 1758 3794 estimatis,

58 3810 323 3868 cenariusest.Non
335 3808 429 3865 solum
437 3808 593 3877 Dominum
605 3814 633 3865 et
643 3810 803 3883 discipulos
813 3830 883 3870 snos
937 3829 995 3868 non
1010 3811 1143 3884 indigent
1162 3810 1366 3882 justificatore,
1389 3813 1440 3868 sed
1464 3817 1641 3886 peccatores,
1658 3814 1760 3890 quales

58 3900 213 3957 Mattheus
228 3897 330 3971 pascit,
347 3899 398 3954 sed
415 3897 503 3954 etiam
529 3898 637 3955 multos
663 3896 836 3972 publicanos
854 3905 884 3959 et
935 3901 985 3958 isti
1000 3918 1031 3958 se
1047 3917 1120 3958 ease.
1131 3900 1162 3956 ln
1177 3915 1235 3970 quo
1249 3900 1336 3956 verbo
1348 3899 1491 3958 Dominus
1505 3903 1760 3976 reprehensionem

58 3994 235 4063 peccatores.
252 3989 287 4043 [it
302 3985 424 4059 pulchro
438 4004 563 4059 veroque
579 3989 730 4063 presagio,
747 3990 796 4062 qui
812 4009 881 4064 apo·
937 3991 1148 4048 Phariaaeorum
1162 3989 1366 4046 convenienter
1381 3991 1683 4060 confutat,estendens
1694 4009 1761 4051 cou-

59 4077 152 4135 stelus
180 4082 208 4133 et
232 4077 332 4133 doctor
353 4077 485 4149 gentium
510 4081 573 4132 erat
597 4078 724 4147 futurus,
740 4080 769 4135 in
787 4080 883 4153 prima
936 4085 983 4137 tra
997 4081 1052 4136 tria
1067 4096 1130 4151 que
1145 4077 1187 4133 illi
1203 4078 1233 4133 in
1247 4077 1343 4134 verbis
1356 4079 1759 4153 suissignilicaveraut,vida-

58 4186 112 4224 sua
128 4165 315 4223 conversione
330 4169 515 4238 peccatorum
531 4181 647 4239 gregem
663 4171 730 4239 post
747 4185 778 4224 se
792 4169 883 4227 trahit
936 4167 1003 4227 licet
1016 4172 1046 4225 et
1060 4184 1091 4224 se
1107 4184 1164 4223 uon
1176 4166 1406 4224 consentientem
1423 4169 1635 4240 peecatoribus,
1646 4172 1697 4228 sed
1712 4187 1761 4246 po·

58 4262 86 4313 et
110 4256 213 4330 pascit,
245 4254 435 4326 officiumque
462 4253 680 4327 evangelizandi
718 4258 883 4329 quoderat
937 4259 995 4314 tius
1011 4256 1156 4313 medicum
1172 4259 1359 4328 peccatorum
1373 4272 1447 4324 esse,
1463 4260 1492 4313 et
1506 4257 1760 4333 ipsos,juxtacpi·

56 4345 235 4418 expleturus,
250 4344 286 4399 ab
302 4342 418 4399 exordio
431 4343 498 4398 fidei
513 4360 573 4399 suae
589 4344 685 4417 coepit.
702 4346 765 4402 Non
786 4346 882 4404 solum
936 4347 1053 4403 nionem
1070 4362 1165 4412 suam,
1178 4343 1373 4416 justificatore
1398 4362 1457 4402 nou
1476 4346 1616 4420 indigere,
1632 4351 1660 4404 et
1687 4348 1760 4405 istos

58 4436 137 4491 enim
153 4435 204 4506 qui
221 4433 340 4488 iratrem
356 4448 443 4488 suum
457 4432 613 4504 verbo‚sed
629 4433 716 4491 eliam
728 4436 779 4508 qui
791 4454 884 4494 exom—
936 4439 1103 4511 peccatores
1119 4450 1182 4490 esse
1194 4437 1222 4489 et
1232 4432 1362 4507 indigere
1369 4434 1634 4505 justificatorellst
1647 4451 1716 4510 erge
1726 4453 1760 4494 ae

55 4524 104 4597 plo
119 4524 226 4590 erudit,
236 4520 433 4577 ministerium
444 4521 519 4594 gerit
530 4522 666 4579 doctoris.
680 4523 723 4581 llli
734 4525 883 4598 publicani
898 4540 921 4606 Β
937 4527 961 4582 si
977 4525 1091 4581 dicatur
1107 4523 1187 4596 :Ego
1203 4522 1321 4589 cuidem
1346 4539 1412 4578 sum
1434 4523 1612 4594 justificator
1625 4528 1760 4598 peccate·

55 4617 86 4669 et
101 4615 268 4686 peccatores
281 4611 345 4683 jam
361 4612 396 4665 ad
422 4609 618 4666 imitationem
641 4613 765 4669 Matthaei
785 4614 883 4673 Chris·
937 4631 1014 4682 rum,
1030 4612 1081 4668 sed
1096 4628 1148 4668 voa
1164 4612 1199 4666 de
1214 4608 1288 4666 ialaa
1298 4610 1415 4682 justitia
1436 4610 1515 4680 elati,
1531 4611 1601 4683 quia
1614 4612 1760 4685 justifica-

56 4707 120 4758 tum
137 4701 347 4773 sequebantur,
365 4703 439 4756 teste
465 4700 562 4755 Marco
587 4701 638 4772 qui
659 4702 751 4758 dicit:
768 4727 781 4754 «ι
798 4704 883 4762 Multi
937 4707 999 4760 tore
1014 4718 1065 4756 vos
1079 4717 1137 4756 uon
1153 4715 1236 4773 egero
1251 4698 1371 4772 putatis,
1381 4700 1427 4755 vix
1440 4700 1484 4755 vel
1496 4701 1762 4774 nunquamjustiil·

57 4789 206 4863 publicani
231 4793 259 4844 et
278 4793 443 4861 peccatores
466 4788 691 4846 discumbebant
719 4809 786 4848 cum
814 4797 884 4855 lesu
939 4790 1087 4848 cabimini.
1104 4789 1159 4844 Sed
1176 4787 1225 4844 isti
1241 4792 1405 4861 peccatores
1421 4788 1558 4857 humiles,
1578 4790 1649 4863 quia
1671 4807 1760 4849 neve·

58 4881 151 4951 (idere.
168 4879 339 4951 stutirem
354 4878 432 4933 enim
449 4877 535 4933 multi
551 4879 601 4951 qui
618 4878 704 4935 etiam
721 4885 884 4955 sequeban-
939 4885 1008 4938 runt
1023 4896 1053 4935 se
1065 4878 1258 4951 justificatore
1273 4877 1414 4951 indigere,
1431 4877 1487 4934 cito
1505 4878 1759 4950 justificabuntur.

59 4974 108 5024 tur
122 4986 198 5024 eum.
211 4968 284 5034 Quia
298 4967 388 5041 igitur
403 4984 460 5022 non
474 4983 550 5022 unus
573 4968 624 5023 scd
644 4969 728 5026 multi
753 4976 884 5032 conversi
937 4971 1147 5027 Verumtamen
1162 4967 1229 5040 pius
1240 4971 1268 5022 ot
1278 4965 1443 5024 misericors
1452 4967 1594 5027 Dominus
1604 4969 1761 5030 consilium

59 5062 219 5124 eraut,non
235 5056 379 5129 privatum
396 5057 446 5113 sed
458 5053 587 5112 solemne
599 5058 763 5116 convivium
774 5066 803 5119 et
813 5081 883 5137 gau·
938 5061 981 5117 eis
995 5060 1094 5124 donat,
1110 5073 1178 5112 oum
1193 5056 1293 5112 subdit
1309 5072 1315 5110 :
1332 5057 1433 5112 Earvtea
1456 5065 1557 5126 ouem,
1575 5060 1728 5130 subaudis,
1744 5077 1762 5118 a

59 5147 143 5202 dium
156 5151 217 5201 erat
232 5145 450 5202 celebrandum.
468 5145 497 5201 Si
514 5145 691 5218 onim,juxta
703 5150 883 5221 parabolam,
939 5147 1102 5206 temeritate
1116 5144 1347 5218 vituperationis,
1358 5145 1452 5203 discite
1465 5147 1531 5220 qaid
1545 5155 1591 5214 est,
1606 5150 1761 5209 memmer-

59 5235 173 5308 epulari
187 5239 215 5291 et
229 5237 355 5308 gaudere
371 5236 531 5307 oportebat,
547 5235 661 5292 dicente
686 5242 769 5310 patro
786 5263 800 5291 u
816 5243 886 5315 quia
938 5240 1016 5295 diam
1030 5237 1089 5292 ecto
1102 5243 1128 5292 et
1146 5250 1200 5291 non
1226 5236 1402 5307 amiciam.
1425 5237 1464 5291 Ac
1487 5235 1512 5293 si
1535 5241 1633 5311 aperte
1658 5239 1759 5297 dicat:

60 5323 141 5380 filius
155 5341 239 5381 meua
255 5329 389 5381 mortuus
414 5326 507 5380 luerat
531 5330 561 5381 et
584 5325 695 5395 revixit,
712 5330 838 5400 perierat
858 5337 886 5389 et
940 5325 1094 5399 Intelligite
1109 5324 1180 5397 quid
1196 5323 1342 5397 significat
1355 5324 1427 5382 illud
1443 5327 1565 5384 verbum
1575 5327 1692 5386 Domini
1710 5345 1763 5404 per

59 5413 197 5470 inventus
212 5417 255 5470 ost
270 5414 345 5486 (tue.
361 5413 418 5487 xv),
437 5436 450 5463 a
467 5413 559 5470 mutto
575 5416 669 5489 magis
685 5435 763 5474 nune
772 5421 885 5493 epulari
938 5414 1112 5491 prophetam
1127 5413 1251 5470 dicentis
1267 5431 1273 5470 :
1290 5436 1305 5465 a
1321 5414 1552 5474 Misericordiam
1566 5416 1641 5485 velo,
1655 5422 1684 5475 et
1702 5435 1762 5476 non

60 5507 88 5559 et
102 5504 229 5576 gaudere
240 5502 400 5575 oportebat,
412 5503 483 5575 quia
497 5502 581 5559 multi
597 5503 649 5560 lllii
668 5511 751 5564 erant
765 5509 884 5581 mortui,
939 5503 1116 5564 sacrificium
1139 5501 1209 5575 (Ose.
1238 5502 1288 5577 vr).
1313 5525 1323 5554 ι
1344 5506 1385 5561 Aa
1406 5505 1431 5563 ai
1459 5510 1559 5580 aperte
1587 5506 1666 5565 dicat
1680 5524 1687 5566 :
1703 5505 1763 5566 Vos

59 5597 89 5654 et
101 5591 275 5653 revixerunt.
290 5591 363 5651 Nam
379 5591 404 5651 si
420 5613 434 5645 α
448 5592 589 5669 gaudium
604 5599 650 5654 eat
663 5594 695 5657 iu
709 5596 782 5659 cele
797 5616 890 5685 super¹
939 5597 1058 5676 propter
1066 5589 1171 5670 legalia
1182 5591 1327 5654 aaarilloia
1340 5609 1404 5675 qua
1419 5594 1583 5669 tacitis,vos
1602 5595 1700 5672 justos
1715 5611 1762 5658 ra-
