3816 6006
161 245 241 332 2027
654 246 852 308 ADDENDA.
875 279 914 289 —
936 244 1134 309 RADULPHI
1155 246 1362 310 esnensis.
1805 243 1859 306 tos

159 380 268 448 turam,
285 381 313 433 et
326 379 568 436 resurrectionem
583 380 719 436 affirmat.
732 379 827 436 Tertio
843 397 874 436 se
888 379 981 434 humi·
995 381 1021 447 Α
1037 381 1109 436 tione
1131 380 1345 453 praedicaverim
1368 382 1493 445 cettan
1516 380 1667 446 retinetis,
1689 379 1754 433 nisi
1782 380 1860 449 [rasin

157 460 221 523 liat.
239 466 369 523 Primum
385 467 474 542 igitur
488 470 723 542 pradicationem
735 487 819 524 suam
836 486 981 525 commcn-
1034 470 1198 526 credidistis.
1215 471 1335 526 Frustra
1359 469 1481 525 credidit
1495 469 1549 542 qui
1577 469 1686 542 primo
1704 467 1834 526 credidit.
1847 482 1861 521 s:

158 554 243 623 dans,
256 555 296 611 ait
312 574 318 612 :
335 558 433 613 Notum
446 559 521 614 votis
541 559 614 630 socio
628 560 807 627 licroupeiium
823 559 892 630 quod
905 574 980 631 pre·
1035 562 1136 631 postca
1150 558 1193 615 vel
1210 559 1333 628 dubitat,
1345 559 1389 615 vel
1404 576 1461 614 nou
1486 557 1595 614 credit.
1608 558 1745 613 Frustra
1765 556 1863 612 credidit

158 642 250 701 dicavi
270 647 354 702 vobis.
371 648 412 701 Ae
436 646 460 702 si
489 652 588 720 aperte
611 647 706 704 dicat:
721 648 783 703 Neu
806 648 882 704 sicut
902 665 982 704 error
1036 647 1086 720 qui
1103 647 1178 704 male
1190 649 1314 705 videndo
1328 649 1394 704 fidei
1410 647 1600 704 contradicit.
1616 648 1754 704 Frustra
1765 647 1864 703 credidit
1883 700 1887 705 .

158 736 187 789 st
210 732 407 792 inconstantia
436 737 771 810 pseudopraedicatorum
796 737 877 804 solet,
904 755 982 793 nuuc
1038 736 1087 809 qui
1102 736 1145 793 vel
1171 741 1257 811 negat
1280 737 1325 793 vel
1350 742 1428 794 tacet
1452 737 1576 810 quando
1605 737 1821 792 necessarium
1837 752 1864 791 es

160 823 304 894 quedam,
317 825 403 880 modo
419 825 476 881 alia
498 826 580 882 vobis
596 825 729 898 predico,
742 828 792 882 sed
817 825 889 882 illud
904 826 982 881 idom
1037 826 1179 882 confiteri.

160 912 336 984 quodvcbis
365 914 528 986 praedicavi,
547 932 624 971 nunc
653 917 740 971 etiam
769 916 851 972 scobis
880 920 982 971 notum
1074 915 1212 988 Sequitur
1226 933 1294 988 pars
1310 918 1447 985 secunde,
1464 915 1493 972 in
1508 933 1573 988 qua
1595 913 1771 988 Apostolus
1782 914 1866 970 Christ

160 1000 245 1068 lacio,
261 1001 291 1057 id
307 1005 351 1058 est
369 1001 442 1059 illud
466 1006 544 1078 quod
561 1005 653 1074 ,vobis
679 1006 841 1078 predicavi,
859 1022 984 1078 praescus
1038 1003 1433 1079 passionom,sepulturamot
1445 1004 1710 1062 resurrectionem
1722 1004 1866 1068 confirmat,

160 1104 239 1159 voce,
252 1091 384 1149 moribus
407 1097 435 1149 et
449 1094 617 1163 virtutibus,
635 1113 701 1150 cum
724 1096 780 1151 sim
798 1095 913 1164 absens,
930 1112 984 1150 no·
1039 1093 1133 1166 primo
1148 1095 1316 1151 testimonio
1335 1094 1568 1168 Scripturarum,
1582 1093 1702 1150 deinde
1717 1094 1866 1149 testimonis

159 1180 224 1236 tum
238 1180 321 1236 vebis
336 1180 409 1238 sacio
425 1183 541 1256 scripto.
554 1184 630 1240 Adeo
644 1185 751 1257 quippe
764 1190 826 1241 erat
841 1184 984 1241 sollicitus
1039 1183 1237 1256 apostolorum
1247 1184 1529 1240 etsuo.'I'estimonio
1540 1188 1651 1239 autem
1660 1182 1866 1256 Scripturarun

160 1267 318 1342 Apostolus
335 1271 539 1329 ineruditione
560 1272 702 1346 gentium,
715 1274 793 1346 quod
815 1291 871 1329 non
889 1274 983 1330 selum
1039 1289 1088 1328 eas
1104 1274 1268 1340 confirmat,
1280 1289 1346 1328 curn
1363 1272 1432 1328 dicit
1444 1289 1450 1328 :
1463 1278 1518 1342 Epo
1531 1275 1617 1329 euim
1633 1275 1668 1328 in
1682 1275 1788 1345 primis
1802 1273 1866 1328 troii·

161 1363 319 1431 presentes
333 1361 554 1431 voce,moribus
568 1368 597 1418 et
608 1363 765 1419 virtutibus
780 1364 984 1429 confirmabat,
1039 1361 1069 1416 di
1083 1363 1158 1418 uobis
1173 1362 1244 1433 quod
1257 1371 1282 1418 et
1298 1364 1397 1438 recepi,
1415 1379 1471 1417 non
1496 1361 1533 1418 ab
1563 1360 1710 1418 homine.
1729 1360 1811 1418 Unde
1824 1362 1867 1434 ipse

162 1447 213 1503 sed
229 1448 318 1504 etiam
332 1449 466 1506 absentes
478 1453 680 1509 etnascituros
692 1453 798 1526 scripto
811 1453 985 1508 instruebat.
1040 1450 1108 1506 alibi
1131 1467 1137 1504 :
1159 1452 1223 1522 Epo,
1251 1451 1357 1524 inquit,
1383 1467 1437 1508 uon
1464 1453 1498 1506 oh
1526 1451 1652 1506 homine
1684 1453 1782 1523 accepi
1809 1451 1867 1505 itini.

162 1534 195 1593 In
207 1552 264 1610 quo
276 1553 341 1595 mea
351 1538 465 1613 meique
476 1541 674 1598 consimilium
686 1543 907 1614 praedicatorum
919 1559 985 1597 con·
1040 1557 1126 1611 neque
1154 1540 1256 1608 didici,
1284 1541 1330 1597 scd
1361 1558 1412 1612 per
1443 1541 1651 1597 revelationem
1688 1542 1757 1597 iesu
1789 1541 1867 1596 Circi

162 1615 297 1682 l'unditur
311 1627 556 1703 negligentio,qui
573 1648 624 1686 neo
640 1631 774 1687 absentes
790 1631 917 1703 scriptis,
935 1647 987 1687 nee
1041 1628 1111 1698 (Col.
1128 1629 1148 1702 r)
1164 1648 1173 1684 :
1190 1630 1323 1698 Quoniam
1338 1629 1460 1685 Christus
1474 1637 1610 1686 mortuus
1631 1638 1676 1685 est
1698 1647 1753 1702 pro
1776 1632 1866 1701 peceati

163 1714 252 1772 etiam
269 1722 426 1789 praesentcs
437 1719 531 1776 verbis
546 1720 901 1789 informamus,talentum
915 1736 988 1792 pra·
1004 1750 1026 1814 B
1041 1719 1142 1773 uostris
1155 1717 1303 1773 secondum
1325 1718 1500 1790 Scripturus;
1515 1725 1541 1773 et
1569 1719 1645 1790 quic
1661 1719 1791 1790 sepultus
1804 1725 1867 1774 cstrt

164 1803 320 1862 dicationis
343 1807 427 1864 uobis
443 1811 634 1866 commissum
658 1809 848 1866 occultantes.
865 1809 917 1874 Qui
934 1809 987 1864 etsi
1043 1809 1108 1880 petio
1124 1809 1272 1863 resurrexit
1294 1806 1443 1862 secuudum
1461 1809 1644 1879 Scripturas.
1664 1808 1758 1865 Porro
1783 1806 1865 1881 passio,

65 1955 66 1959 ,
165 1895 342 1976 quandoque
357 1895 467 1969 aliquid
492 1898 560 1954 boni
575 1899 670 1955 verbis
694 1899 897 1972 predicamus,
915 1897 987 1954 illud
1043 1895 1204 1969 sepultura,
1221 1899 1249 1952 et
1275 1896 1447 1951 resurrectio
1462 1894 1590 1964 Christi,
1613 1896 1797 1970 significata
1820 1900 1865 1951 suni

165 1982 297 2040 moribus
307 1986 336 2041 et
346 1985 483 2058 operibus
494 1987 681 2044 destruimus.
694 1988 885 2044 Commendat
898 1987 989 2061 igitur
1042 1985 1072 2040 in
1088 1984 1257 2057 Scripturis,
1277 2002 1334 2040 non
1358 1984 1452 2041 solum
1466 1985 1581 2054 verbis,
1601 1986 1656 2041 sed
1676 1986 1771 2042 etiam
1796 1986 1864 2040 taeda.

162 2071 319 2146 Apostolus
337 2075 572 2146 predicationem
593 2095 677 2133 suam
698 2075 866 2146 Corinthiis,
880 2076 988 2148 quihus
1043 2075 1188 2130 Etverbis
1214 2074 1332 2148 quidem
1364 2074 1534 2148 significatas
1569 2079 1661 2142 sunt,
1681 2076 1822 2148 quoniam
1845 2074 1865 2128 de

162 2161 274 2230 scribit,
286 2165 465 2234 persuadens
479 2165 521 2222 eis
532 2165 632 2221 multis
644 2166 739 2222 modis
755 2170 787 2221 ut
802 2167 830 2220 in
846 2182 880 2221 ea
895 2182 988 2238 perse·
1042 2164 1178 2236 passione
1193 2165 1218 2236 ej
1224 2182 1257 2219 us
1272 2164 1405 2237 predixit
1424 2162 1515 2219 isaias
1530 2163 1668 2220 dicens:
1687 2165 1768 2222 Sicut
1786 2162 1866 2220 cruci

162 2254 273 2306 serent.
290 2250 385 2306 Primo
401 2253 519 2309 nomine
543 2272 608 2310 eam
632 2255 907 2338 conrmcndat,cum
923 2272 986 2310 cam
1042 2255 1204 2310 occisionem
1229 2253 1325 2310 ductus
1347 2257 1391 2309 est
1415 2252 1490 2322 (lsai.
1513 2257 1591 2322 nur).
1612 2253 1693 2309 ltem
1722 2253 1813 2309 illud:
1829 2256 1866 2326 ips

161 2341 246 2394 vocat
261 2339 461 2412 Evangelium,
475 2344 552 2414 quod
574 2343 781 2415 interpretatur
797 2343 898 2399 honum
912 2360 987 2398 nun·
1041 2351 1132 2398 ursum
1145 2343 1304 2398 coturnus
1318 2352 1357 2398 cst
1378 2349 1488 2415 propter
1512 2342 1692 2415 iniquitates
1716 2352 1828 2410 nostros,
1840 2356 1866 2397 u·

163 2427 245 2495 tium,
261 2428 296 2483 de
311 2429 367 2485 hee
382 2429 493 2486 scilicet
508 2435 535 2487 et
551 2432 682 2488 moribus
697 2431 726 2487 in
738 2432 826 2488 vitam
838 2437 986 2488 eternam.
1042 2434 1125 2487 tritus
1148 2439 1188 2487 est
1212 2439 1323 2504 propter
1349 2431 1451 2487 sceiere
1469 2438 1570 2486 nostre
1594 2431 1711 2506 (iem).
1730 2432 1771 2488 De
1794 2430 1865 2505 sepul·

162 2515 291 2589 thuod
308 2518 571 2587 nuntium,fratrcs
588 2521 764 2594 mei‚potest
784 2538 847 2577 esse
869 2520 985 2590 melius,
1042 2523 1108 2575 tura
1136 2519 1269 2593 predixit
1296 2518 1373 2575 idem
1404 2519 1433 2573 in
1460 2535 1596 2590 persona
1624 2520 1753 2577 Patris:
1778 2527 1866 2593 rupo

165 2620 254 2683 quam
270 2605 342 2663 illud
357 2609 435 2680 quod
450 2610 579 2681 perfidei
593 2609 794 2679 veritatemet
809 2628 923 2667 morum
939 2611 988 2667 ho·
1042 2610 1139 2676 scelus,
1160 2607 1265 2681 inquit,
1294 2609 1390 2682 popuii
1416 2609 1480 2675 mei,
1502 2611 1642 2680 percussi
1672 2627 1742 2667 eum
1764 2619 1791 2667 et
1813 2610 1866 2665 dati

165 2699 309 2751 aestatem
333 2697 414 2752 ducit
436 2715 490 2754 nes
518 2698 548 2754 in
577 2700 667 2755 vitam
696 2700 852 2757 eternam?
879 2701 988 2757 Deinde
1042 2700 1141 2771 impios
1167 2714 1218 2770 pro
1245 2696 1405 2770 sepulture,
1434 2704 1459 2753 et
1487 2695 1609 2753 diuitem
1637 2717 1696 2772 pro
1726 2708 1809 2756 mmte
1832 2715 1863 2754 m

165 2783 336 2842 auctoritate
361 2787 406 2842 sui
432 2787 591 2860 apostolus,
608 2792 758 2862 prrioDeo
782 2790 817 2847 od
837 2790 989 2863 praedicun-
1044 2787 1150 2860 (leid).
1179 2788 1220 2843 De
1248 2786 1459 2843 resurrectione
1484 2802 1614 2859 quoque
1646 2790 1720 2861 ejus
1756 2788 1861 2862 predixit

165 2871 343 2931 domminus
357 2884 425 2943 eret,
439 2879 625 2935 commendat
643 2879 876 2951 predicationem
892 2896 987 2949 suam,
1043 2876 1132 2933 Oseas
1158 2893 1164 2931 :
1193 2877 1345 2948 l'iuiticohit
1367 2891 1426 2944 uos,
1451 2874 1561 2947 inquit,
1588 2885 1655 2949 post
1680 2878 1753 2934 duos
1776 2879 1863 2944 duae

166 2972 234 3019 eum
250 2963 328 3034 dicit,
343 2965 412 3038 quod
426 2966 580 3038 predicavi
599 2969 884 3042 vobsSusceptiene
900 2968 988 3025 etiam
1041 2968 1086 3024 die
1109 2967 1190 3022 tertio
1212 2966 1355 3021 suscitabit
1376 2980 1424 3020 nos
1448 2961 1518 3034 (Ose.
1535 2966 1582 3032 11).
1608 2966 1647 3021 Et
1674 2965 1860 3024 Psalmistair

165 3047 297 3126 ipsorum
312 3055 528 3112 Corinthiorum
546 3057 609 3129 (qui
631 3056 738 3114 relictis
753 3057 900 3114 erroribus
914 3057 988 3113 veri·
1042 3072 1167 3129 persona
1195 3054 1288 3128 ipsius
1317 3052 1448 3109 Christi:
1471 3055 1619 3124 Emurpe,
1654 3056 1771 3130 inquit,
1797 3056 1859 3126 pleri

164 3142 254 3198 tatem
270 3145 468 3218 susceperant)
484 3146 670 3202 commendat
692 3164 756 3202 eam
776 3164 843 3202 cum
864 3147 964 3202 subdit
980 3163 985 3201 :
1004 3128 1025 3196 C
1043 3162 1114 3213 rnen,
1130 3160 1256 3214 eusurpc,
1270 3143 1435 3216 psalterium
1455 3150 1480 3198 ct
1503 3143 1634 3213 cithero,
1651 3163 1793 3216 exarcum
1810 3145 1857 3200 iiie

165 3230 239 3299 Quod
252 3241 278 3289 et
292 3235 442 3306 accepistis.
454 3235 541 3299 Quasi
557 3234 664 3291 diceret
678 3236 792 3308 :Turpe
811 3239 888 3291 esset
904 3234 987 3291 vebis
1042 3236 1103 3292 culo
1125 3235 1210 3305 (Psoi.
1228 3233 1293 3307 cvr).
1306 3233 1401 3289 Factis
1425 3248 1540 3305 quoque
1565 3235 1774 3308 prefigurata
1797 3240 1857 3298 sunu

163 3321 985 3396 cognitaveritateapostataravirtuteeamcommendat,
1040 3323 1179 3398 projectio
1195 3323 1273 3379 enim
1296 3322 1377 3378 iona
1401 3321 1430 3376 in
1454 3337 1535 3376 mare
1551 3320 1673 3378 Christi
1705 3325 1857 3399 passionen,

164 3424 232 3466 oum
248 3410 357 3481 subdit,
373 3413 403 3467 in
425 3428 477 3484 quo
492 3419 517 3468 ct
530 3414 618 3478 stetis,
629 3413 750 3469 viriliter
768 3412 798 3468 in
819 3412 986 3481 virtutibus,
1041 3412 1187 3486 susceptio
1198 3412 1331 3485 ejusdem
1342 3411 1372 3466 in
1382 3414 1480 3467 ventre
1490 3409 1546 3466 ceti
1556 3409 1678 3468 Christi
1690 3413 1856 3488 sepulturam

165 3497 216 3570 qui
233 3501 319 3555 antea
334 3517 386 3572 per
399 3499 469 3555 vitia
483 3500 671 3557 diffluebatis.
684 3501 813 3558 Utilitate
827 3519 891 3578 eam
905 3519 986 3558 com·
1041 3501 1165 3558 redditio
1178 3502 1243 3574 ejus
1256 3499 1313 3557 vivi
1328 3501 1358 3555 in
1380 3499 1462 3555 littus
1476 3497 1593 3555 Christi
1623 3502 1855 3561 resurrectionem

164 3584 284 3642 mandat
294 3604 361 3643 cum
375 3588 485 3656 subdit,
494 3606 544 3661 per
556 3590 625 3661 qrtod
636 3592 828 3662 etsuloomiui,
841 3590 891 3663 qui
902 3595 988 3647 autea
1041 3594 1140 3663 aperte
1155 3589 1361 3664 praefiguravit.
1372 3589 1468 3656 Porro,
1480 3587 1593 3644 iratres
1608 3590 1685 3659 mei,
1694 3591 1798 3648 Christi
1811 3607 1856 3664 par

165 3678 277 3731 sterne
288 3675 468 3732 damnationi
483 3678 614 3750 deputati
629 3680 729 3735 eratis.
742 3680 775 3734 m
789 3680 870 3751 quid,
883 3680 986 3736 iratres
1041 3679 1084 3735 sio
1100 3698 1151 3754 pro
1166 3680 1291 3753 peccatis
1315 3678 1434 3746 nostris,
1451 3676 1613 3750 sepultura
1641 3685 1673 3736 et
1699 3679 1854 3743 mauricelii,

165 3762 312 3836 mei,quid
328 3765 422 3838 magis
443 3766 552 3836 audire,
565 3767 635 3840 quid
655 3767 749 3840 magis
768 3767 901 3837 retinere,
915 3768 985 3842 quid
1041 3786 1099 3825 non
1123 3766 1412 3840 tantumapecoatis
1440 3764 1551 3821 nostris
1584 3784 1651 3823 non
1684 3770 1854 3829 redemerunt

164 3853 259 3926 magis
270 3852 390 3928 diligere
400 3855 540 3912 debemus
551 3874 639 3930 quam
651 3857 787 3913 nuntium
798 3856 869 3913 illud
882 3859 987 3930 quoda
1040 3859 1090 3915 sed
1101 3857 1188 3914 eiiam
1199 3857 1263 3930 ejus
1272 3872 1403 3913 amorem
1420 3853 1504 3927 nobis
1519 3854 1728 3929 ingesserunt
1747 3865 1774 3917 at
1790 3874 1855 3916 exau

163 3944 221 4019 Dee
237 3966 288 4022 per
303 3949 451 4022 apostolos
462 3951 505 4004 cst
520 3947 604 4004 nobis
619 3946 790 4018 missumst
800 3947 878 4020 quod
889 3963 986 4003 susce·
1039 3947 1122 4019 plum
1133 3946 1217 4002 nobis
1227 3946 1767 4022 prebuerunt,etapeccatisquidem
1779 3944 1854 4005 ninas

162 4044 247 4123 ptum
263 4058 320 4097 non
337 4039 422 4096 debet
436 4037 589 4106 mutari,et
599 4038 677 4109 quod
689 4036 757 4093 iacit
770 4054 823 4093 nos
840 4036 869 4091 in
879 4037 985 4092 virtute
1040 4054 1093 4092 nes
1109 4036 1304 4103 redemerunt,
1315 4032 1453 4106 quoniam
1464 4049 1519 4088 uec
1530 4033 1714 4109 originalia,
1723 4056 1775 4095 nec
1785 4044 1854 4094 actm·

163 4135 249 4202 stare,
260 4135 287 4187 et
297 4131 334 4187 ad
345 4134 483 4185 eternam
496 4144 548 4182 nos
561 4126 642 4182 ducit
652 4125 863 4182 salvationem?
874 4130 984 4199 ltaque,
1039 4125 1079 4181 lia
1090 4124 1175 4181 nobis
1187 4126 1371 4196 imputantur
1381 4123 1416 4178 ad
1427 4138 1558 4194 pinnam,
1567 4123 1597 4179 si
1607 4127 1750 4183 crucifixi
1760 4128 1855 4183 fidene

162 4218 277 4290 iratres,
288 4237 403 4293 semper
413 4218 534 4275 auribus
545 4215 733 4289 Evangelium
747 4220 907 4287 captemus,
922 4232 983 4272 cor·
1039 4219 1223 4271 sacramenta
1233 4218 1376 4270 tenemus.
1388 4209 1477 4268 Nobis
1487 4227 1617 4285 quoque
1628 4233 1769 4291 amorem
1779 4214 1854 4274 Christ

163 4309 198 4367 de
218 4315 380 4377 teneamus,
393 4307 531 4380 operibus
553 4322 749 4371 exerceamus,
760 4304 855 4360 verbis
877 4306 983 4377 predi·
1036 4302 1258 4377 ingerunt,quia
1268 4302 1296 4357 in
1310 4301 1365 4357 hoe
1376 4301 1453 4375 quod
1464 4299 1609 4359 Christus
1623 4306 1855 4381 meri‚sepcli1i‚a

161 4402 364 4456 cemuscerta
372 4398 479 4470 quippe
489 4399 533 4451 est
544 4394 694 4450 damnatio
702 4409 802 4448 eorum
813 4393 874 4465 qui,
884 4393 983 4450 relicte
1038 4408 1189 4465 resurgere
1198 4390 1288 4447 voluit
1297 4407 1349 4464 pro
1359 4388 1612 4462 nobis,quantum
1622 4411 1681 4450 nos
1690 4395 1819 4470 diligeret
1827 4410 1855 4448 rc

162 4482 326 4563 Evangelia,
343 4487 457 4544 tabulas
472 4490 501 4541 et
514 4483 657 4539 vanitates
678 4482 779 4556 legunt
798 4486 826 4536 et
846 4481 981 4555 diligunt.
997 4500 1020 4564 D
1037 4481 1083 4537 bis
1099 4479 1319 4547 demonstravit,
1331 4484 1360 4535 et
1374 4496 1427 4534 nos
1441 4478 1478 4534 ad
1493 4495 1527 4534 se
1547 4486 1761 4542 reamandum
1775 4485 1855 4542 arctius

161 4579 219 4647 Quo
234 4580 349 4642 ratione,
365 4575 472 4648 iuquit,
482 4573 692 4646 praedicaverim
710 4572 795 4636 uotis,
810 4572 835 4627 si
848 4573 981 4639 retinetis,
1036 4569 1176 4626 invitavit.
1184 4568 1300 4625 Sienim
1311 4571 1412 4624 tantus
1420 4572 1448 4624 et
1458 4565 1527 4623 talis
1536 4567 1698 4630 Dominus
1712 4579 1756 4631 tot
1765 4581 1791 4631 et
1800 4576 1855 4630 tanti

160 4669 217 4724 nisi
239 4671 345 4740 frustra
368 4664 531 4720 credidistis.
546 4661 620 4728 Alia,
634 4661 738 4717 iratres
761 4661 886 4730 mci,cst
908 4660 981 4717 ratio
1036 4656 1854 4734 lecitpronobisservis,quidnoslacereprocedebamus*

160 4762 282 4828 naturae,
294 4755 352 4812 alia
367 4754 439 4810 ratio
462 4752 540 4808 fidei.
554 4750 638 4807 Ratio
663 4751 770 4823 quippe
794 4753 904 4805 nature
926 4753 979 4817 est,
1034 4748 1207 4820 Exemplum
1222 4746 1309 4804 etiam
1325 4747 1410 4802 nobis
1425 4744 1634 4820 prebuerunt,
1644 4755 1790 4825 quoniam
1798 4749 1853 4808 cle

160 4844 282 4919 quodsi
308 4843 414 4899 mulier
436 4840 659 4913 concepit,cum
683 4837 743 4894 viro
768 4838 933 4893 concubuit.
951 4839 980 4895 Si
1035 4841 1099 4894 stus
1113 4854 1219 4909 passus
1234 4840 1279 4892 est
1293 4833 1639 4909 prouehissextaleria,
1654 4840 1788 4898 Sabbato
1799 4838 1853 4914 quir

159 4928 236 4988 Deus
258 4935 311 5000 est,
329 4930 401 4987 meri
426 4947 484 4985 non
508 4931 603 5002 potest
619 4944 624 4982 :
642 4928 666 4983 si
691 4927 777 4983 horno
802 4931 855 4995 cst,
872 4925 980 5000 gradiri
1033 4926 1075 4982 vit
1090 4926 1119 4981 in
1131 4924 1380 4998 sepulcro,octavo
1392 4923 1437 4980 die
1453 4925 1679 4996 resurrexit,nt
1691 4947 1748 4988 nos
1764 4941 1852 5004 quoqu

159 5037 247 5092 super
262 5038 353 5092 aquas
376 5038 434 5076 uon
458 5024 563 5090 potest,
580 5023 607 5073 ct
621 5016 802 5088 hujusmodi.
815 5015 898 5071 Ratio
914 5032 979 5072 vero
1033 5032 1085 5088 per
1095 5033 1145 5071 sex
1155 5014 1217 5070 dies
1228 5012 1318 5085 hujus
1330 5012 1429 5071 seculi
1440 5031 1492 5086 pro
1508 5030 1542 5069 eo
1558 5013 1708 5074 laborare
1719 5024 1748 5075 ct
1761 5017 1851 5093 petiis

157 5107 226 5163 fidei
240 5110 371 5180 estquod
389 5107 436 5163 ille
446 5107 496 5179 qui
511 5113 555 5163 est
566 5110 667 5162 auctor
682 5109 790 5161 natura
806 5122 864 5159 non
879 5106 978 5176 subja·
1032 5105 1100 5160 bere
1111 5104 1371 5172 demonstraret,et
1381 5102 1468 5158 itsab
1479 5101 1535 5159 hoc
1545 5104 1664 5161 seculo
1674 5111 1851 5170 transeuntes,

156 5198 201 5251 oet
215 5200 335 5264 natura,
345 5198 395 5253 sed
407 5197 504 5269 potius
516 5200 616 5251 centra
626 5195 754 5250 rationes
767 5197 794 5249 et
809 5210 913 5249 cursus
929 5212 978 5250 na·
1032 5193 1062 5249 in
1073 5192 1248 5258 Sabbato‚id
1266 5195 1309 5248 est
1325 5193 1355 5247 in
1371 5190 1496 5265 septima
1511 5193 1612 5262 etate,
1624 5196 1796 5252 secundum
1810 5210 1851 5250 cer

154 5285 227 5338 tura
243 5299 327 5356 agere
341 5284 588 5358 potest,videlicet
601 5284 722 5356 utvirgo
739 5282 977 5354 pariat,ecternus
1031 5299 1086 5355 pus
1102 5281 1131 5336 in
1147 5280 1299 5354 sepulcris,
1312 5279 1513 5337 etsecuudum
1526 5279 1670 5338 animam
1688 5282 1722 5339 in
1740 5283 1851 5358 paraus

152 5368 204 5426 liat
213 5371 393 5443 temporalis,
406 5372 580 5429 immortalis
591 5373 741 5440 moriatur,
750 5376 778 5428 et
788 5388 976 5444 superaquos
1030 5370 1161 5444 requiem
1176 5368 1329 5426 habituros
1344 5373 1392 5426 :et
1405 5368 1435 5424 in
1450 5370 1562 5434 octava,
1577 5369 1611 5425 id
1624 5375 1673 5427 ast
1684 5372 1816 5444 generali
1827 5386 1852 5424 n

151 5457 189 5514 ab
202 5458 320 5514 homine
336 5455 515 5529 ambuletur,
527 5465 555 5516 et
569 5461 749 5532 hujusmodi.
762 5461 802 5516 De
817 5460 872 5516 hac
887 5459 976 5533 igitur
1030 5457 1260 5524 surrectionem
1275 5460 1384 5512 aterna
1397 5455 1613 5530 glorificatione
1635 5466 1851 5518 resurrecturis

149 5543 263 5634 ratione
276 5543 416 5621 intelligit
437 5543 485 5602 hic
510 5549 677 5625 Apostolus,
691 5567 759 5608 cum
774 5549 814 5607 ait
830 5567 836 5606 :
855 5550 913 5623 Quo
929 5567 973 5608 re·
1029 5538 1138 5608 Deinde
1150 5543 1317 5604 testimonia
1342 5541 1540 5620 apostolorum
1567 5543 1690 5602 Christi
1716 5549 1853 5634 confirmet
