3816 6006
167 305 249 408 ibib
667 306 826 370 AMA'PUS
847 304 1168 372 BURDDGALDNSIS
1189 309 1370 374 ARGHIDP.
1609 362 1611 366 ,
1798 303 1871 371 toti

164 456 216 513 per
230 440 318 498 etiem
334 457 387 497 nos
402 439 521 497 humilit
510 446 553 498 ter
568 441 689 514 rogavit,
705 445 738 497 ut
726 441 885 498 tenmdem
900 458 985 498 suern
999 445 1027 513 Α
1042 415 1214 501 auctoritate
1229 443 1280 500 Dei
1305 447 1334 500 et
1352 447 1454 501 nostra
1477 441 1531 500 sub
1556 439 1750 499 anathemate
1775 439 1870 515 prohi-

163 529 378 586 restitutionem
405 534 433 587 et
466 532 683 587 concessionem
713 534 819 587 sanctae
849 530 985 587 [lomene
1039 533 1152 605 bentes,
1169 539 1202 592 ut
1190 533 1319 592 tnullus
1343 533 1481 635 deinceps
1511 548 1545 588 ee
1570 531 1654 589 vobis
1683 531 1816 603 auterre,
1830 531 1870 590 sel

162 602 296 675 ecclesis
312 619 438 675 auctorit
440 624 485 676 ate
509 623 537 676 et
561 624 627 676 nost
629 637 661 676 ra
615 620 936 688 t,conlirmeremus
953 624 987 677 ut
1040 639 1210 681 concessam
1224 622 1335 681 vebis'
1329 641 1358 678 ιιι
1383 621 1426 680 ιιι
1445 621 1609 679 libertatem
1622 619 1737 678 violare
1768 637 1871 695 presu-

163 706 204 763 its
218 707 307 765 libere
323 712 352 765 ct
366 708 463 781 quiete
484 709 583 766 omnia
605 726 668 783 quac
692 710 867 766 venerabilis
888 727 987 768 comes
1041 717 1113 769 mat.
1129 712 1188 770 lloc
1212 713 1300 771 etism
1315 711 1456 770 veraciter
1477 710 1683 780 testificamur,
1702 711 1787 783 qnod
1807 711 1870 768 libio

163 796 354 854 Godriduset
343 801 441 854 tuxor
455 799 519 870 ejus
543 801 639 872 Agnes
662 799 812 856 comitissa
839 799 900 857 Pici
888 804 987 857 taven·
1041 803 1077 860 de
1091 803 1192 860 Castro
1213 801 1339 861 nilionis
1364 801 1440 859 hanc
1465 799 1682 858 restitutionem
1705 799 1796 858 vobis
1817 800 1868 858 tsc-

163 887 205 944 sis
218 885 299 943 vobis
314 887 463 955 dederent,
478 905 529 946 vos
552 893 581 945 et
606 906 789 947 successores
811 889 900 946 vestri
919 891 987 962 jure
1041 894 1103 949 tum
1132 892 1168 949 de
1196 892 1318 951 ecclesis
1340 893 1369 948 S.
1390 889 1506 965 Georgii
1535 894 1565 946 ιι
1591 890 1658 962 ejus
1688 889 1869 962 pertinentiis

163 984 301 1050 perpetuo
313 977 513 1049 possideretis,
533 978 610 1036 sicut
635 978 699 1052 ipso
723 995 757 1034 eo
781 979 829 1037 die
853 979 986 1052 posside·
1042 981 1204 1050 concessit,
1233 981 1400 1055 imprecans
1433 979 1579 1046 omnibus¹
1599 977 1660 1036 illis
1694 978 1750 1036 Dei
1785 979 1868 1038 nisie-

164 1065 236 1123 bant
250 1083 308 1139 quo
332 1083 366 1124 ee
382 1071 478 1125 vestro
501 1069 688 1126 contulerunt
711 1068 898 1126 monasterio.
914 1073 987 1126 Con·
1043 1070 1200 1129 dictionem
1216 1070 1267 1144 qui
1293 1087 1328 1128 ιιι
1350 1068 1616 1128 vindocinensibus
1639 1068 1803 1127 monachis
1824 1086 1868 1125 eu·

164 1154 319 1213 firmamus
333 1155 424 1231 igitur
447 1158 580 1215 eamdem
604 1158 830 1227 restitutionem,
854 1163 883 1216 ιι
907 1157 989 1216 illam
1043 1160 1161 1231 terrent,
1176 1159 1221 1217 vel
1246 1176 1423 1235 quoeunque
1446 1159 1533 1217 modo
1556 1174 1606 1217 eos
1632 1157 1705 1216 inde
1729 1158 1869 1233 inquietu-

165 1261 265 1318 quem,
285 1244 362 1303 sicut
385 1246 512 1305 dicimus
536 1248 628 1316 vobis,
644 1247 808 1306 libertatem
833 1249 988 1318 concessit,
1046 1254 1122 1307 rent.

168 1454 1869 1487 w

667 1655 930 1748 SYNODUS
972 1655 1379 1747 GERUNDENSIS

312 1863 465 1928 Celebrate
479 1862 658 1945 temporibus
675 1861 819 1943 Gregorii
827 1880 926 1944 pepe,
943 1863 1070 1923 instante
1084 1862 1221 1944 epsicopo
1236 1861 1345 1924 rimato
1360 1861 1426 1942 ejus
1440 1859 1537 1942 legate
1552 1878 1632 1922 ceno
1647 1861 1741 1924 tote.

172 2054 267 2126 (Emit
282 2069 317 2109 en
332 2069 386 2109 ms.
405 2051 587 2110 Gerundensi
604 2049 709 2106 illust
674 2049 823 2106 iussimus
838 2050 976 2106 dominus
991 2049 1139 2122 losephns
1154 2051 1189 2106 de
1203 2049 1349 2107 Taverner
1363 2049 1536 2118 d’,Ardenne
1553 2048 1716 2106 cononicus
1732 2048 1874 2106 Barchino

584 2122 744 2178 nensis-
709 2121 903 2178 -DdiditD
921 2122 1070 2192 Msnrsus,
1086 2121 1250 2179 Acecdotwt
1269 2122 1315 2179 IV.
1332 2138 1361 2196 p.
1378 2121 1466 2179 1187
1462 2132 1471 2191 J

202 2504 284 2559 Anno
297 2499 455 2558 Dominicae
468 2497 679 2556 incarnationis
690 2498 906 2572 septuagesimo
916 2504 992 2557 cete·
1005 2503 1030 2570 Β
1046 2501 1133 2558 medo
1144 2500 1314 2574 possideant
1324 2496 1537 2557 ecclesiasticos
1547 2495 1675 2553 bonores
1679 2512 1769 2570 ,quas
1780 2498 1869 2570 putres

168 2610 203 2649 vo
218 2594 284 2665 post
299 2588 488 2646 millesimum
508 2587 668 2644 convenit
661 2605 690 2642 m
713 2587 931 2646 Gerundensem
948 2605 993 2646 ec·
1048 2605 1149 2647 eorum
1164 2606 1216 2664 pro
1231 2589 1371 2647 beneflcio
1396 2587 1531 2645 Ecclesie
1556 2586 1739 2655 habuerunt,
1750 2584 1795 2643 vel
1808 2584 1867 2644 reti·

169 2681 287 2738 clesiem
302 2683 404 2736 sancte
418 2678 547 2752 synodus
562 2677 764 2750 episcoporum
782 2675 825 2733 vel
841 2664 929 2734 abbat
918 2683 992 2749 tum,
1048 2684 1176 2736 nuerunt
1179 2678 1244 2752 ,qui
1260 2683 1332 2753 pret
1320 2677 1479 2735 termiserit
1492 2674 1777 2735 excommunicetur.

170 2769 220 2826 ubi
233 2769 295 2826 vice
305 2767 417 2825 domlnl
426 2765 556 2841 Gregorii
572 2783 654 2840 papoe
669 2783 726 2838 prae
730 2766 784 2821 init
799 2768 920 2824 rimatus
935 2768 994 2842 epi·
1123 2804 1126 2807 Δ
1435 2774 1483 2832 Vl

168 2861 399 2934 scopus,sanctre
407 2857 544 2914 Romane
554 2855 992 2930 Ecclesiaelegatus,equocum
1081 2856 1211 2914 Decrevit
1229 2857 1317 2914 etiem
1341 2860 1374 2913 ut
1396 2853 1492 2912 clerici
1516 2869 1598 2911 erma
1622 2852 1801 2922 deferentes,
1816 2851 1865 2909 nisi

170 2953 340 3007 ceterorum
355 2946 521 3004 cohibentia
535 2951 606 3003 sunt
619 2944 749 3018 plurime
760 2945 873 3002 sancita
887 2962 992 3002 secun·
1046 2947 1212 3004 dimiserint
1226 2963 1309 3003 arma
1323 2946 1384 3003 sint
1398 2944 1485 3001 ntieni
1508 2962 1525 3000 s
1547 2960 1667 3017 corpore
1683 2947 1714 3000 et
1730 2942 1865 3017 sanguine

170 3040 242 3096 dum
252 3052 398 3095 canonum
413 3036 538 3104 decreta,
551 3033 704 3106 dequibus
718 3033 883 3090 reseruntur
898 3051 992 3108 peuce
1046 3036 1170 3106 Domini,
1185 3040 1213 3093 ιι
1227 3038 1263 3094 ab
1280 3036 1416 3110 ingressu
1437 3034 1527 3092 totius
1541 3031 1670 3090 ecclesie
1685 3037 1718 3089 et
1732 3031 1864 3090 Christis·

169 3126 314 3186 nenostri
330 3125 507 3197 dividentis
524 3122 671 3196 decidant]
687 3122 838 3181 memoria.
1045 3143 1150 3183 norum
1171 3125 1331 3201 sepulture,
1348 3129 1376 3182 ιι
1399 3123 1480 3183 omni
1504 3119 1715 3181 communione
1737 3119 1865 3180 ecclesis·

569 3221 591 3277 1.
1044 3216 1127 3285 sticn,
1142 3232 1294 3289 nunqnam
1310 3213 1459 3288 emplius
1452 3231 1483 3271 ιιι
1493 3211 1599 3271 Christi
1613 3209 1749 3269 Ecclesia
1764 3212 1800 3269 ad
1815 3227 1866 3267 ms·

201 3305 343 3362 Primitus
366 3303 446 3361 enim
469 3307 561 3359 consti
553 3300 620 3358 ituit
644 3302 679 3359 de
701 3301 748 3357 his
772 3302 822 3402 qui
847 3301 990 3361 assistunt
1039 3306 1121 3378 J'orss
1136 3306 1336 3363 honoressive
1360 3305 1470 3379 grudim
1500 3303 1525 3360 si
1555 3299 1677 3360 rebelles
1709 3299 1865 3359 exstiterint

165 3395 273 3453 altari
266 3411 296 3451 m
311 3391 507 3450 ministrando
523 3389 637 3462 corpori
655 3393 685 3446 ιι
702 3389 845 3463 sanguine
860 3391 987 3460 Domini,
1043 3392 1234 3454 sublimandi

163 3484 299 3542 videlicet
317 3481 529 3548 sacerdotibus,
544 3478 688 3551 levitis,'
665 3497 725 3536 eive
746 3480 944 3548 subdiaconis,
959 3486 989 3538 et
1423 3482 1486 3540 Vll.

164 3574 216 3648 qui
240 3575 270 3629 in
289 3572 365 3630 clero
380 3569 509 3643 deputati
537 3567 732 3626 excellentiori
756 3571 932 3628 devoverunt
956 3587 987 3628 se
1076 3577 1148 3632 Item
1167 3572 1319 3631 constituit
1341 3591 1377 3631 ne
1400 3572 1525 3630 clericus
1548 3569 1670 3628 barbam
1685 3569 1734 3628 vel
1758 3585 1861 3628 comsn

163 3662 327 3733 sitientia
349 3659 429 3717 nullo
451 3659 642 3717 contubernio
658 3658 986 3717 communicentermu-
1041 3665 1162 3731 nutriat,
1181 3662 1226 3721 vei
1250 3680 1386 3720 coronam
1411 3661 1516 3736 capitis
1539 3660 1713 3729 abscondat,
1745 3678 1803 3718 non
1825 3676 1862 3715 ιι·

163 3752 294 3810 lieribus.
307 3750 337 3807 Si
352 3748 418 3823 quis
429 3765 494 3804 vero
509 3749 545 3803 de
558 3752 660 3804 cetero
676 3747 772 3820 palem
788 3748 929 3821 nupserit,
940 3748 985 3806 vel
1040 3753 1194 3811 dendovel
1223 3769 1328 3826 parum
1357 3751 1501 3820 iaciendo,
1519 3753 1661 3823 tunquam
1690 3750 1860 3807 erubescens

163 3840 356 3899 concubinum
367 3838 491 3905 duxerit,
502 3837 611 3910 gradus
622 3837 668 3893 sui
680 3841 708 3893 et
724 3836 843 3894 honoris
858 3837 985 3911 periculo
1041 3843 1119 3917 quod
1131 3842 1161 3899 in
1176 3840 1360 3899 hereditaria
1370 3838 1477 3897 Christi
1492 3842 1570 3896 sorte
1580 3838 1619 3896 sit
1634 3837 1761 3907 electus,
1775 3853 1861 3912 neque

161 3932 323 4004 subjaceat,
335 3933 364 3986 ιι
386 3946 403 3986 a
424 3927 512 3984 choro
531 3930 623 3996 exeat,
635 3926 826 3999 quoadusque
848 3927 986 3986 canonice
1041 3933 1165 3990 ulterius
1175 3932 1278 3989 induet
1288 3929 1609 3988 militarieindumente
1618 3927 1748 3987 diversis
1759 3929 1862 3986 ιιιιιιι

162 4020 333 4078 satisfaciat
1039 4022 1195 4080 coloribus.

557 4105 1489 4167 11.v111.

196 4200 268 4258 item
292 4197 422 4255 decernit
441 4199 475 4252 ιιι
494 4194 595 4251 nullus
622 4195 826 4269 episcoporum
855 4195 983 4270 aliquem
1074 4201 1105 4259 ln
1123 4199 1380 4274 consanguinitate
1395 4196 1554 4271 conjuncti,
1569 4195 1627 4254 nisi
1642 4196 1737 4270 digna
1751 4196 1861 4255 ιιιιιιι

158 4287 315 4347 clericum
307 4305 338 4342 m
347 4284 473 4342 Ecclesia
484 4301 538 4341 sun
548 4286 654 4340 audeat
667 4301 719 4358 per
729 4302 881 4356 pecuniam
894 4285 984 4343 subii
1036 4291 1132 4348 ctione
1146 4293 1319 4364 separentur
1342 4287 1468 4362 separati
1447 4287 1520 4344 tub
1535 4284 1659 4344 ecclesie
1688 4289 1718 4343 et
1747 4301 1861 4362 corpere

158 4396 239 4437 mure
261 4378 321 4434 sive
344 4391 523 4449 promovere,
550 4373 595 4430 vel
624 4373 783 4431 ecclesiast
763 4379 836 4431 trees
856 4374 981 4433 honores
1035 4379 1141 4438 Christ'
1122 4384 1144 4437 ιι
1160 4381 1308 4436 maneant.

156 4470 290 4527 vendere.
305 4464 356 4523 llie
370 4480 436 4521 vero
447 4464 498 4536 qui
513 4461 627 4531 emerit,
639 4480 697 4518 non
713 4462 808 4519 solum
819 4463 858 4520 sit
867 4462 980 4521 alienus
1426 4465 1471 4523 IX.

156 4557 332 4631 indignitate
354 4571 443 4626 quam
470 4551 601 4625 pecuniis
632 4551 796 4624 acquisivit,
812 4552 864 4608 sed
891 4553 996 4610 etiem·
1068 4555 1272 4615 concubinarii
1294 4572 1361 4614 vero
1385 4558 1415 4613 et
1438 4553 1578 4628 usurarii,
1592 4553 1650 4611 nisi
1675 4555 1860 4630 resipiscent,

155 4648 272 4722 proprio
294 4645 397 4719 gradu,
416 4646 444 4699 et
470 4641 767 4699 excommunicationi
792 4644 977 4713 succumbet,
1032 4646 1333 4705 excommunicentur.

155 4737 246 4795 donec
262 4734 339 4808 quod
355 4731 466 4789 mnium
483 4729 611 4786 obtinuit
625 4729 763 4786 dimittet.
1427 4733 1460 4791 x,

541 4828 590 4885 ΙΙΙ.
1066 4828 1229 4882 Senserunt
1239 4824 1328 4881 etium
1338 4828 1373 4881 ut
1387 4823 1521 4880 omnium
1535 4826 1682 4881 terrerum
1692 4822 1857 4890 decimatio,

190 4916 261 4971 item
281 4911 476 4984 promulgavit
499 4909 577 4982 quod
602 4908 703 4964 nullus
726 4911 974 4983 presbyterorum,
1031 4932 1121 4989 quem
1133 4914 1310 4971 exsecrande
1323 4912 1487 4970 infidelium
1502 4912 1671 4970 ludaeorum
1684 4912 1803 4971 sevitie
1816 4928 1858 4970 ex·

152 5004 353 5069 diaconorum,
367 4999 612 5054 subdiaconorum
628 4997 707 5054 filius
722 4997 751 5053 in
767 4999 868 5056 eadem
882 5001 976 5059 Eccle·
1029 5004 1152 5072 colebat,
1170 5003 1210 5060 ita
1223 5002 1266 5059 illi
1282 5003 1467 5060 exhiberetur
1481 4999 1608 5059 ecclesie
1622 5000 1654 5056 in
1671 5002 1764 5073 cujus
1779 5016 1858 5076 pure·

152 5091 196 5149 aia
211 5088 359 5162 possideat
374 5091 509 5158 paternos
526 5088 661 5144 honores.
1029 5094 1095 5151 chia
1109 5093 1217 5150 eedem
1237 5096 1320 5151 terre
1350 5091 1413 5149 site
1441 5095 1551 5164 essent,
1562 5087 1857 5165 quemadmodumsi

542 5186 587 5242 lV.
1028 5199 1046 5240 ι
1059 5181 1234 5241 Christianis
1252 5183 1426 5240 colerentur.

185 5271 258 5325 item
275 5268 352 5340 quod
363 5267 535 5327 clericorum
551 5267 603 5323 lilii
615 5266 780 5325 adultiores
794 5269 903 5342 gradus
915 5287 973 5327 non
988 5254 1013 5320 ll
1417 5278 1464 5336 xl,

147 5359 385 5432 promoveantur;
394 5357 422 5412 in
433 5355 664 5429 acceptisuutem
673 5356 813 5429 gradibus
822 5363 969 5428 maneant,
1062 5360 1133 5418 ltem
1148 5365 1195 5418 ste
1195 5363 1316 5417 inerunt
1330 5363 1364 5416 ut
1378 5358 1404 5416 si
1418 5376 1483 5432 que
1497 5356 1626 5417 ecclesie
1636 5374 1690 5432 per
1700 5359 1856 5432 posuntun

146 5443 203 5503 nisi
217 5445 276 5502 vitu
290 5444 349 5503 illis
363 5446 453 5503 obstit
455 5447 521 5503 erit.
1025 5454 1124 5508 essent
1133 5453 1317 5517 consecrate,
1325 5447 1370 5506 vel
1382 5465 1400 5505 ι
1410 5447 1587 5519 Simoniseo,
1598 5445 1765 5522 elegitimo
1775 5463 1856 5505 esno-

537 5535 572 5591 V.
686 5547 692 5558 ’
1024 5538 1090 5595 nice
1118 5540 1326 5595 consecrentur
1351 5536 1499 5611 episcopo
1514 5534 1610 5609 siqui
1637 5532 1730 5594 etiem
1759 5532 1855 5593 cleriei

177 5627 250 5693 Item
260 5627 313 5686 lilii
325 5628 508 5698 clericorum,
514 5629 575 5682 tem
586 5624 653 5682 laici
663 5642 753 5698 quam
764 5625 870 5697 clerici,
885 5627 966 5686 nullo
1023 5626 1177 5702 pecuniam
1190 5626 1348 5700 prebendo
1362 5625 1406 5686 vel
1422 5624 1617 5685 eSimonieco
1628 5628 1705 5684 sunt
1715 5622 1854 5691 ordInnti,
