3816 6006
117 216 192 278 llll
756 215 955 279 lthUbPlll
975 212 1185 279 tuburum.
1739 214 1822 278 idi!

114 365 163 404 sae
181 348 327 419 assumpsit
352 347 473 413 Petrum,
497 354 522 401 et
543 346 673 402 iacobum
696 354 721 402 et
734 347 866 403 ioeitnem
878 348 938 417 frit·
952 349 979 415 Α
995 346 1134 419 perficere
1150 345 1278 417 (Dicitur).
1296 345 1376 413 Quod
1402 344 1530 401 sentiens
1551 361 1669 418 sponsa,
1688 345 1725 401 lu
1740 345 1820 403 Gan-

115 448 182 493 tvom
203 439 270 509 ejus,
292 439 345 492 ete.
367 433 465 491 Voluit
488 435 596 508 quippe
626 436 768 492 Dominus
787 437 940 492 ostendere
994 435 1060 493 ticis
1075 435 1256 492 cantioorum
1267 434 1373 491 elamat
1384 451 1526 507 sponsum
1539 450 1546 490 :
1561 458 1575 486 «
1586 433 1681 492 Trshe
1693 451 1741 493 me
1751 439 1820 508 pest

114 524 267 597 discipulis
281 523 343 580 suis
358 522 480 598 gloriam
502 540 597 595 suam,
614 527 681 579 ante
696 529 818 580 mertem
834 541 937 593 suam;
993 525 1325 594 te,eurremusinodore
1337 528 1554 597 unguentorum
1564 526 1818 596 tuorumiduntu).

113 613 274 688 potentiam
289 630 385 680 suam,
415 616 480 668 ente
495 612 662 684 passionem
678 630 761 668 suam
775 631 781 680 ;
797 614 938 669 honorem
993 613 1067 670 ilinc
1078 618 1107 670 et
1118 613 1288 671 rsotmistn:
1302 636 1316 664 a
1328 614 1433 670 Beatus
1443 613 1487 669 vir
1498 614 1583 686 cujus
1597 613 1817 672 estauxiliuma

112 719 213 774 suum,
227 707 294 758 ante
306 702 444 774 injuriam
460 718 554 757 suam.
567 702 600 756 m
609 702 664 758 boc
674 701 781 775 triplici
794 703 828 758 de
839 719 936 759 causa.
993 707 1021 758 te
1032 703 1117 775 (reat,
1131 706 1279 772 exurunt»
1300 702 1412 770 Quare?
1423 703 1496 768 Quia
1510 707 1538 758 te
1552 701 1578 759 ei
1589 703 1695 760 bonam
1711 703 1816 760 velun-

114 791 212 847 Prima
227 796 281 859 est,
299 790 437 863 quoniam
454 790 482 845 in
508 791 564 846 fide
580 791 741 847 divinitatis
756 796 784 847 et
802 792 937 864 potentia
991 791 1816 865 tateminspirante,«essensionesincordesuedisposuit

112 896 171 936 sue
187 897 236 936 eos
248 880 457 946 corroboraret,
474 884 505 934 ut
520 879 653 936 videlicet
668 881 785 952 quando
808 881 938 936 viderent
992 880 1094 954 (ittet,
1113 903 1127 931 n
1143 886 1288 954 quatenus
1303 878 1492 954 corporaliter
1502 880 1598 937 adhuc
1614 885 1745 947 maneat,
1760 904 1774 930 «
1784 880 1813 939 in

111 985 179 1025 eum
194 967 263 1041 pati,
289 968 397 1024 scirent
416 969 492 1041 quod
518 985 575 1024 non
592 969 627 1024 de
642 969 813 1025 necessitate
829 973 938 1041 petere·
990 970 1065 1026 valle
1089 969 1297 1044 lacrymarum,
1322 971 1352 1025 in
1378 968 1440 1026 loco
1454 987 1541 1043 quem
1564 970 1662 1043 posuit
1676 970 1811 1041 (ididia

112 1061 170 1123 tur,
187 1056 237 1112 scd
261 1057 295 1111 de
319 1055 476 1111 voluntate.
499 1056 633 1112 Secunda
657 1061 711 1125 ost,
736 1061 881 1128 quatenus
906 1055 934 1111 in
990 1059 1025 1115 ut
1037 1075 1182 1132 perquem
1194 1060 1271 1132 quod
1282 1059 1427 1132 disposuit
1436 1059 1528 1116 lacere
1539 1059 1812 1133 potorittslttenim

111 1145 317 1200 demonstratae
331 1143 429 1218 gloria
451 1143 628 1200 desiderium
644 1143 758 1200 animos
771 1160 872 1199 eorum
888 1160 935 1198 nc·
965 1202 969 1213 ‚
991 1147 1207 1204 benedictiones
1223 1147 1384 1220 gratiarum
1402 1147 1484 1203 dabit
1499 1147 1665 1221 legistator;
1678 1146 1764 1204 ibunt
1777 1148 1813 1205 de

110 1234 255 1289 uenderet.
273 1233 372 1289 Tertia
393 1238 447 1301 est,
464 1238 609 1306 quatenus
629 1232 664 1288 de
685 1233 747 1288 visa
770 1232 862 1305 gloria
882 1249 935 1288 sua
988 1237 1094 1293 virtute
1108 1237 1139 1292 in
1151 1237 1300 1304 virtutem,
1312 1236 1457 1292 videbitur
1471 1236 1549 1294 Deus
1563 1237 1684 1293 deorum
1700 1235 1732 1293 in
1743 1237 1811 1295 Sion

110 1339 159 1379 eos
173 1328 234 1378 tarn
249 1322 350 1378 firmos
372 1338 461 1394 qnam
485 1339 567 1378 veros
590 1326 678 1377 testes
700 1321 835 1379 alliceret.
856 1321 935 1378 Unde
989 1326 1092 1397 (itit).
1109 1349 1123 1377 »
1140 1326 1216 1383 Ubii
1228 1331 1260 1381 ln
1277 1329 1375 1382 monte
1391 1343 1534 1383 seorsum.
1551 1326 1606 1393 oni
1620 1325 1699 1383 enim
1715 1342 1810 1382 mere·

109 1412 203 1469 tribus
219 1429 282 1468 eam
299 1411 437 1478 ostendit,
458 1410 596 1482 quoniam
615 1411 699 1482 juxta
718 1409 823 1482 legem,
841 1412 869 1465 in
886 1427 935 1467 ore
989 1415 1100 1472 buntur
1123 1416 1181 1471 irui
1204 1416 1302 1472 divine
1325 1415 1445 1484 visione,
1468 1415 1708 1472 sublimabuntur
1722 1432 1811 1490 supra

108 1500 234 1556 duorum
258 1498 301 1555 vel
329 1499 419 1554 trium
449 1499 580 1564 testium,
611 1502 670 1554 stat
703 1514 789 1554 omne
813 1498 933 1554 verbum
988 1506 1360 1578 omnesreprobos..luxta
1382 1503 1557 1560 innexum
1578 1503 1811 1561 dominabuntur

108 1592 200 1662 (Dent.
229 1592 297 1656 xix).
328 1589 362 1643 Et
390 1589 436 1643 his
464 1587 520 1643 sibi
560 1587 655 1659 mugit
682 1586 875 1643 familiaribus
906 1592 934 1644 el
986 1610 1088 1650 eorum
1100 1593 1175 1666 justi
1191 1594 1220 1649 in
1236 1593 1382 1649 matutino
1397 1594 1480 1666 (Psoi.
1496 1593 1603 1666 xuvur),
1617 1615 1631 1643 u
1648 1598 1678 1649 et
1690 1609 1809 1666 separa·

108 1678 254 1753 perlectis,
284 1682 317 1733 ut
344 1679 509 1733 ostenderet
537 1676 699 1733 divinitatis
727 1694 834 1733 areana
867 1682 932 1733 tan·
987 1683 1098 1739 buntur
1111 1683 1142 1739 in
1157 1687 1297 1739 eternum
1318 1683 1354 1739 ab
1369 1683 1422 1739 eis.
1439 1682 1521 1739 Unde
1535 1687 1565 1739 et
1579 1683 1723 1755 scriptum
1740 1687 1807 1740 est:

107 1773 171 1825 tum
188 1767 381 1824 familiaribus
406 1771 434 1823 et
450 1767 585 1840 perlectis
607 1783 671 1824 esse
692 1765 855 1823 revelanda.
880 1767 931 1822 list
985 1771 1255 1844 «Tollnturimpius
1270 1788 1305 1826 ne
1316 1769 1544 1843 videatgleriam
1556 1769 1606 1826 Dei
1617 1769 1682 1838 (lte.
1693 1773 1807 1840 xxvito

107 1863 204 1916 autem
232 1858 291 1914 haec
321 1856 407 1913 lectio
437 1857 659 1930 quadripartita.
691 1857 789 1912 Primo
823 1856 930 1930 quippe
1020 1861 1164 1929 Secundo,
1185 1859 1362 1917 describitur
1385 1858 1527 1915 Dominus
1556 1858 1735 1932 premissam
1763 1858 1806 1915 vi·

107 1948 281 2004 describitur
304 1946 445 2002 Dominus
471 1950 530 2002 tres
560 1945 720 2018 discipules
749 1946 866 2002 duxisse
898 1945 928 2001 in
983 1948 1096 2005 sionem
1111 1947 1251 2022 apostolis
1267 1948 1421 2020 revelasse,
1437 1963 1504 2004 cum
1519 1947 1645 2004 dieitur:
1668 1949 1702 2004 Et
1716 1957 1807 2004 trans-

107 2041 254 2105 montem;
282 2035 420 2103 seeundo,
450 2034 626 2107 promissam
652 2033 792 2090 visionem
815 2033 857 2089 eis
878 2035 928 2090 dc-
981 2038 1118 2108 fipuretus
1132 2047 1171 2094 est
1185 2046 1248 2094 ante
1268 2055 1322 2105 cos,
1338 2041 1393 2094 etc.
1416 2035 1494 2106 Tria,
1520 2036 1623 2093 iratres
1638 2037 1707 2107 mei,
1725 2053 1806 2094 reve·

105 2130 300 2193 monstrasse3
317 2124 412 2193 tortio,
422 2141 471 2179 eos
486 2127 648 2196 prostratos
661 2121 797 2190 erexisse,
812 2127 925 2194 quarto,
982 2125 1080 2183 lentur
1095 2128 1125 2182 in
1140 2127 1194 2184 bac
1206 2126 1315 2183 risione
1330 2125 1625 2199 apostolis,videlicet
1637 2125 1743 2198 gloria,
1759 2143 1806 2182 au·

106 2231 142 2270 ne
152 2214 216 2269 vias
226 2213 281 2269 nisi
294 2218 360 2286 post
371 2213 615 2270 resurrectionem
626 2228 710 2268 suam
720 2211 928 2269 revelarentin·
981 2216 1101 2272 ctoritas
1111 2221 1140 2272 ei
1151 2220 1256 2272 natura
1266 2215 1439 2271 divinalesu
1450 2214 1566 2271 Christi.
1577 2213 1676 2270 Gloria
1685 2215 1804 2289 quippe,

4 2302 6 2304 ’
105 2302 247 2358 bibuisse.
982 2321 1070 2378 quam
1085 2305 1240 2361 habiturus
1264 2303 1307 2361 vel
1323 2304 1448 2360 daturus
1463 2308 1525 2360 erat
1539 2303 1601 2360 suis
1627 2304 1658 2360 in
1674 2321 1805 2362 resurre-

141 2390 239 2447 Primo
255 2389 344 2465 igitur
359 2390 533 2447 describitur
546 2391 685 2447 Dominus
695 2395 753 2447 tres
767 2390 927 2464 discipulos
981 2394 1076 2450 ctione
1086 2395 1387 2462 demonstratur,cum
1399 2393 1523 2448 dieitur:
1537 2393 1757 2465 Tremfipttratus
1766 2400 1804 2450 cst

105 2479 234 2548 duxisse,
250 2496 318 2535 oum
344 2480 539 2537 dieitur:Post
554 2481 611 2538 alies
625 2498 673 2537 scr
686 2484 835 2553 assumpsit
848 2486 926 2538 iesus
980 2491 1046 2539 ente
1069 2498 1124 2550 eos,
1149 2492 1175 2539 et
1198 2482 1366 2555 resplenduit
1379 2484 1463 2554 secus
1485 2483 1552 2554 ejus.
1576 2482 1657 2538 Tune
1681 2483 1798 2556 proprie

103 2570 392 2642 Petrum,ctlecoiem
403 2577 429 2625 et
442 2571 573 2626 ioannem
588 2574 714 2643 fratrem,
738 2575 792 2627 etc.
809 2570 840 2627 ln
857 2587 924 2643 quo,
979 2571 1166 2644 tranfigurari
1181 2571 1298 2640 dicitur,
1315 2587 1382 2626 eum
1400 2575 1535 2626 manente
1550 2570 1650 2625 eadem
1667 2571 1803 2627 substan·

105 2657 286 2726 iratresmei,
296 2657 394 2714 innuit
405 2659 488 2715 nobis
500 2659 832 2732 seu,videlioetquondo,
843 2665 923 2732 quot,
979 2661 1031 2728 tia,
1048 2663 1162 2716 tantum
1178 2658 1306 2732 qualitas
1321 2663 1350 2715 et
1364 2659 1545 2715 stetuscirca
1559 2674 1626 2715 eum
1651 2662 1801 2716 transmu-

104 2748 164 2822 qui,
175 2748 332 2820 quomolo,
344 2765 396 2820 per
405 2753 526 2821 quemet
537 2749 587 2804 ubi
604 2749 639 2804 ad
649 2748 924 2821 contemplationem
979 2753 1068 2807 tatur.
1085 2749 1191 2806 Volens
1218 2765 1285 2822 ergo
1300 2749 1444 2805 Dominus
1459 2748 1661 2804 demonstrare
1676 2746 1801 2820 gloriam

103 2837 206 2894 divinae
229 2835 327 2911 gloria
352 2837 412 2893 sint
435 2838 612 2911 perventuri.
638 2838 781 2905 Quando?
800 2840 862 2894 Post
875 2855 925 2895 see
979 2837 1211 2905 resurrectionis,
1237 2836 1433 2894 substantiam
1449 2852 1534 2892 suam
1551 2853 1609 2892 non
1625 2840 1732 2904 mutat,
1748 2838 1799 2895 sed

102 2927 170 2989 dies,
186 2927 215 2981 id
231 2929 275 2982 est
290 2930 355 2999 post
367 2943 416 2982 sen
427 2931 526 2982 etates
538 2926 693 2982 mundana
704 2926 767 2982 vitae
782 2952 788 2992 ;
801 2926 830 2982 in
841 2931 924 2983 etate
977 2933 1094 2985 tantum
1110 2944 1141 2983 se
1156 2927 1355 2999 transfiguret,
1371 2925 1498 2982 innuens
1513 2924 1598 2982 nobis
1612 2925 1691 2999 qued
1706 2924 1737 2980 in
1752 2943 1799 2982 re-

102 3015 237 3091 septima,
263 3033 326 3088 que
350 3015 555 3072 detunctorum
579 3020 633 3083 est,
666 3015 806 3088 incipient
830 3018 922 3072 sancti
978 3016 1157 3075 surrectione
1167 3013 1496 3073 substantiahominum
1507 3031 1565 3071 non
1581 3014 1738 3083 auferetur,
1748 3015 1799 3071 sed

82 3103 133 3163 *in
150 3105 319 3162 anima‘lrui
335 3103 427 3178 gloria
451 3105 512 3161 Dei.
530 3104 648 3160 Fruitur
662 3106 763 3161 eadem
779 3105 808 3160 in
825 3094 959 3162 animaC
978 3111 1095 3163 tantum
1111 3105 1238 3178 qualitas
1255 3104 1425 3173 mutabitur,
1444 3103 1627 3161 malorumin
1638 3105 1734 3176 peJus‚
1745 3104 1799 3160 bo·

34 3232 37 3238 -
101 3199 131 3254 et
145 3212 264 3268 corpore
288 3195 318 3250 in
342 3199 451 3263 octavo,
477 3194 506 3249 id
528 3199 573 3250 est
596 3194 626 3249 in
653 3194 872 3250 resurrectione.
889 3196 923 3251 ut
977 3213 1080 3252 norum
1098 3196 1126 3250 in
1143 3194 1248 3250 melius
1270 3194 1351 3260 Quod
1362 3193 1528 3266 expressius
1543 3193 1717 3261 ostenditur,
1731 3209 1798 3249 oum

101 3285 222 3344 undeet
238 3283 316 3338 hunc
340 3283 436 3339 locum
462 3283 631 3339 describens
656 3282 731 3340 alius
745 3282 923 3356 evangeliste
977 3285 1133 3341 subditur:
1149 3286 1181 3338 tt
1203 3282 1371 3354 resplenduit
1385 3284 1471 3355 socies
1485 3283 1545 3354 ejus
1557 3284 1629 3338 aaut
1640 3283 1692 3351 sol,
1717 3284 1800 3338 evesti-

102 3371 188 3430 dicit:
205 3397 218 3423 n
238 3374 305 3428 Post
320 3377 382 3428 octo
408 3373 485 3445 (ioue
502 3376 578 3440 ⁸un),
590 3394 604 3420 a
624 3371 779 3428 includens
793 3372 921 3444 primum
975 3383 1066 3430 meatu
1082 3382 1174 3429 uuum
1189 3374 1247 3445 ejus
1265 3375 1339 3444 suctu
1354 3380 1418 3427 scut
1432 3373 1496 3428 etta
1509 3374 1582 3428 sicet
1595 3374 1657 3440 aaa,
1673 3375 1800 3428 testante

101 3466 131 3520 et
145 3468 307 3518 extremum
324 3462 411 3516 diem.
429 3462 523 3526 Quot?
542 3467 601 3516 tres
616 3464 741 3528 tuntum,
760 3461 789 3516 id
804 3465 849 3518 est
863 3467 922 3517 tres
976 3463 1046 3521 alibi
1062 3461 1197 3518 Domino.
1214 3485 1227 3511 n
1246 3460 1411 3533 Fulgebunt
1423 3461 1498 3533 justi
1513 3460 1590 3517 sieut
1605 3459 1647 3518 sol
1664 3460 1694 3516 iu
1711 3477 1799 3536 regno

101 3551 218 3607 ordines
247 3556 353 3605 sancta
382 3549 526 3617 Ecclesiae,
547 3548 659 3604 scilicet
686 3551 920 3623 conjugatorum,
975 3551 1228 3620 coelorumitluttt.
1245 3553 1316 3619 xrn).
1334 3548 1800 3623 »Multomqjorergoestgloria

100 3637 313 3696 continentium
351 3642 379 3693 et
410 3638 566 3711 virginum.
602 3638 651 3711 qui
677 3639 761 3709 juxta
789 3640 920 3694 ordinem
975 3638 1798 3708 Christi,etetiamsanctorummultorum(utoredimus)

101 3744 188 3784 suum
205 3731 281 3784 recto
296 3727 406 3782 vivunt.
435 3725 759 3799 l'ernicariiquippeet
784 3728 919 3797 adulteri,
975 3746 1063 3803 quam
1091 3727 1171 3785 solis.
1196 3727 1251 3784 Sed
1268 3727 1292 3783 si
1317 3726 1425 3784 clarius
1449 3727 1614 3800 exemplum
1628 3727 1797 3784 invenisset.

100 3816 217 3884 moechi,
234 3815 389 3872 Sodomita
405 3814 558 3887 caeterique
574 3815 675 3887 polluti
689 3817 725 3870 ud
745 3815 848 3872 divinas
863 3816 922 3891 glo·
974 3817 1048 3874 illud
1061 3818 1218 3891 posuisset.
1228 3817 1284 3872 Sed
1299 3832 1363 3885 nec,
1374 3817 1463 3872 etiarn
1479 3816 1622 3874 Dominus
1638 3817 1735 3885 iesus,
1751 3833 1798 3873 es-

100 3904 149 3961 m‘ae
174 3904 315 3961 visionem
340 3902 508 3959 nullatenus
542 3908 611 3959 sunt
635 3904 795 3976 pervecturi
822 3906 919 3977 (reor.
974 3908 1068 3964 tendit
1082 3905 1206 3979 gloriam
1221 3905 1264 3961 vel
1278 3923 1361 3962 suam
1377 3905 1421 3960 vel
1437 3910 1615 3973 sanctorum,
1632 3904 1688 3962 nisi
1705 3922 1798 3978 quau·

98 4011 146 4066 v1;
177 3995 190 4050 l
220 3995 287 4050 Tim.
319 3998 349 4062 r).
390 3992 467 4060 Qui?
507 3993 607 4048 Simon
637 3993 749 4063 Petrus,
779 3994 918 4062 lacobus,
975 3991 1799 4065 tuminlirmadisoipulorumaciesbicpeterataliquo·

98 4082 237 4152 Joannes,
249 4082 279 4139 id
291 4086 335 4139 est
351 4081 519 4138 obedientes
530 4081 667 4138 vitiorum
686 4083 921 4156 supplantatores
975 4086 1061 4141 mode
1086 4083 1203 4139 intueri.
1228 4082 1310 4139 Unde
1334 4086 1362 4137 ct
1386 4081 1560 4139 vestimenta
1583 4082 1647 4152 ejus
1672 4082 1799 4138 eandida

99 4178 127 4228 et
143 4171 274 4246 gratiosi.
290 4171 344 4237 Qui
368 4170 445 4226 enim
470 4170 527 4226 Deo
548 4176 577 4227 et
591 4172 753 4244 majoribus
776 4173 838 4228 suis
862 4191 919 4229 non
974 4174 1051 4230 sicut
1067 4172 1161 4228 nivem
1177 4170 1398 4242 demonstravit,
1415 4187 1483 4226 eum
1498 4169 1670 4227 stelabeatte
1681 4169 1799 4228 immor

98 4259 250 4326 ebediunt,
274 4260 382 4333 quique
397 4259 466 4314 vitia
481 4260 617 4317 certando
631 4277 688 4317 non
703 4261 837 4331 vincunt,
853 4262 919 4335 qui·
972 4261 1095 4319 talitatis
1110 4260 1215 4330 induti,
1231 4260 1362 4316 vestibus
1377 4276 1435 4315 non
1459 4258 1611 4331 indigeant
1624 4258 1736 4327 vestiri,
1752 4263 1798 4314 ut·

99 4367 156 4425 que
171 4368 188 4406 a
203 4349 295 4425 gratia
310 4348 360 4404 Dei
376 4348 458 4404 vacui
470 4353 547 4417 sunt,
556 4350 590 4405 ad
604 4349 706 4405 divinis
717 4349 815 4422 gloria
829 4352 919 4408 visio·
973 4354 1052 4425 potet
1063 4350 1113 4423 qui
1124 4351 1159 4406 de
1170 4355 1272 4406 cetere
1282 4365 1335 4404 nec
1344 4347 1437 4421 lrigus
1448 4365 1500 4404 nec
1511 4348 1653 4420 pudorem
1664 4347 1724 4404 sint
1735 4364 1797 4421 per

101 4457 167 4495 nem
185 4440 335 4513 pervenire
351 4456 407 4493 non
429 4444 562 4511 pessunt.
575 4439 744 4504 Quomodo?
758 4442 919 4497 escenden—
935 4466 957 4530 D
973 4440 1097 4514 passuri.
1110 4439 1166 4495 Sed
1178 4437 1490 4511 perlaciem,animam
1500 4454 1508 4504 ;
1518 4435 1797 4509 pervestimeutum,

97 4526 144 4597 de,
161 4527 319 4584 laborando
335 4532 363 4583 ct
378 4528 413 4583 de
428 4528 532 4583 virtute
556 4528 583 4582 in
605 4527 742 4583 virtutem
767 4529 918 4601 proticion·
974 4544 1078 4601 corpus
1096 4524 1267 4599 designavit.
1284 4525 1493 4582 convenienter
1502 4525 1610 4599 quippe
1621 4525 1720 4582 anima
1735 4542 1798 4598 qua

96 4616 143 4672 de.
158 4618 211 4683 Qui
227 4617 304 4672 enirn
317 4617 346 4671 in
359 4615 611 4688 imdvoluptatum
622 4617 819 4690 vitiorumque
828 4635 918 4674 rema·
973 4619 1008 4675 ad
1024 4617 1182 4689 imaginem
1194 4618 1222 4670 et
1233 4614 1457 4671 similitudinem
1468 4613 1518 4670 Dei
1533 4618 1631 4671 creata
1642 4618 1696 4684 est,
1709 4615 1798 4671 iacies

96 4709 176 4774 nent,
199 4723 385 4778 nequaquam
411 4705 448 4760 ad
463 4705 513 4760 Dei
530 4704 806 4779 contemplationem
822 4724 917 4780 perve·
972 4705 1088 4764 Domini
1103 4704 1218 4775 dicitur,
1230 4703 1369 4777 quoniam
1381 4719 1433 4775 pee
1449 4719 1514 4759 eam
1530 4703 1798 4760 Dominusanobis

95 4794 158 4849 nire
172 4793 279 4862 valent,
297 4795 347 4850 sed
365 4794 461 4866 petius
487 4795 698 4850 subvertuntur
722 4799 751 4851 et
774 4797 915 4853 damnan-
971 4799 1000 4853 ei
1014 4795 1044 4851 in
1054 4794 1138 4850 nobis
1146 4792 1340 4866 cognoscitur.
1349 4791 1610 4849 UndsPsalmists:
1625 4816 1636 4843 ι
1649 4792 1714 4849 'libi
1725 4791 1799 4849 dixit

90 4872 152 4938 tur.
196 4883 277 4938 Unde
315 4888 344 4940 et
379 4885 441 4950 Lot,
478 4884 699 4940 subversionem
733 4886 916 4942 Sodomiticae
971 4903 1020 4942 cer
1037 4881 1332 4954 meumzuuquisivit
1344 4886 1372 4938 ts
1387 4882 1568 4954 iaciesmes,
1584 4881 1687 4939 taciem
1702 4885 1797 4954 tuam,

92 4969 254 5045 voluptatis
284 4971 462 5044 luxuriaque
490 4974 623 5045 fugienti,
654 4972 781 5046 angulus
811 4992 917 5031 consu·
971 4973 1103 5040 Domine,
1119 4971 1265 5043 requiram
1282 4972 1367 5043 (Psoi.
1384 4971 1470 5043 xxvi).
1484 4994 1498 5022 »
1514 4971 1658 5038 Quoniam
1670 4971 1750 5028 euim
1761 4972 1798 5027 si·

94 5056 159 5127 luit,
192 5060 310 5115 dicens:
329 5081 343 5110 α
370 5061 427 5117 Nee
456 5064 600 5119 uranseris
626 5062 683 5131 hic,
714 5078 767 5119 uec
795 5063 825 5118 in
855 5081 917 5120 om·
971 5059 1797 5132 millasimilibusgaudent,iaciesanimaenostrae,iaciem

97 5145 127 5202 ni
151 5147 393 5220 circumregionc,
427 5150 478 5205 sed
504 5150 532 5204 in
559 5155 658 5223 mente
683 5149 795 5207 salvum
820 5157 848 5209 te
872 5153 917 5210 fae
972 5150 1075 5218 Dei‚ad
1090 5148 1175 5220 cujus
1199 5147 1357 5221 imaginem
1379 5152 1477 5205 creata
1500 5153 1554 5218 est,
1575 5166 1692 5221 semper
1712 5149 1799 5206 debat

90 5227 247 5309 (tetum).
260 5236 335 5290 „Per
345 5238 452 5307 quem?
463 5238 515 5294 Per
525 5239 681 5296 Christum.
694 5239 798 5297 Nullus
811 5243 918 5316 quippe
972 5226 1145 5297 desiderare.
1165 5236 1263 5294 Facies
1289 5235 1380 5310 igitur
1400 5237 1486 5294 lesus
1501 5237 1621 5307 Christi,
1646 5237 1691 5294 vel
1706 5238 1797 5294 etiam

94 5321 206 5378 viribus
222 5322 263 5378 vel
281 5324 392 5380 meritis
409 5326 471 5383 suis
487 5329 643 5384 ascendere
658 5328 746 5398 valet,
763 5330 820 5386 nisi
831 5331 918 5389 luerit
972 5333 1151 5396 sanctorum,
1168 5326 1198 5382 iu
1214 5325 1427 5383 resurrectione
1437 5326 1590 5400 fulgebunt
1606 5327 1684 5385 sicut
1699 5326 1755 5396 sol,
1767 5327 1797 5383 id

95 5414 917 5495 assumptusperelectionisgratiam,etductuspergra-
972 5422 1172 5490 esttauquem
1199 5415 1286 5483 Deus,
1310 5433 1369 5472 non
1386 5421 1531 5488 quantum
1550 5416 1638 5486 Deus,
1654 5415 1798 5489 queniam

93 5499 167 5565 tom
194 5508 397 5579 cooperantem
424 5507 459 5567 ab
476 5521 509 5565 eo
525 5506 575 5583 qui
591 5503 671 5567 solus
687 5508 738 5567 dat
759 5512 789 5569 et
803 5509 875 5571 velle
890 5516 919 5571 et
972 5507 1072 5570 omma
1085 5505 1319 5582 uuiuscujusque
1334 5504 1364 5564 ia
1379 5504 1720 5584 ressurrectipae,ju1ta
1733 5521 1798 5567 me·
