3816 6006
56 307 143 371 ,tros
400 306 578 371 HOMILIAE
598 306 638 368 IN
660 307 786 369 EPlS'l'.
809 306 861 368 E'l'
882 304 1025 367 EVANG.
1048 304 1223 367 bolttmc.
1240 338 1278 349 ·-
1293 305 1392 367 Petis
1415 307 1439 368 1.
1691 307 1769 367 lito

63 440 115 497 bili
140 439 225 498 nobis
251 440 356 498 effetus
382 444 434 498 est.
459 442 552 515 Leges
580 451 652 518 λόγος
680 442 780 514 igitur,
816 439 893 495 Gre·
907 439 935 510 Α
949 437 1113 510 specialiter
1126 446 1174 504 est,
1190 441 1219 493 ct
1238 454 1389 511 nunquam
1402 440 1458 510 scit
1469 436 1514 493 vel
1527 439 1581 495 erit
1592 435 1769 507 invenimus,

57 527 141 598 ¹cum,
158 546 210 603 pro
226 545 284 603 quo
295 546 349 586 nos
359 530 502 587 babemus
513 532 645 601 verbum,
660 527 805 603 triplicem
815 527 891 601 gerit
944 529 1084 583 Ceterum
1100 526 1217 600 quando
1234 527 1326 584 Deum
1337 526 1410 582 nulli
1420 527 1545 600 tempori
1560 527 1657 583 defore
1667 532 1695 583 et
1707 543 1771 583 om-

63 616 318 692 significationem.
328 618 566 693 Signiticatenim
579 620 732 688 rationem,
745 616 890 691 significat
943 614 994 671 nia
1008 615 1215 672 transcendere
1226 620 1358 688 tempore
1369 614 1533 689 significare
1543 614 1689 684 volumus,
1701 633 1773 689 quo·

62 711 93 763 et
105 707 226 763 verbum
249 708 336 763 corde
357 712 540 780 conceptum,
563 708 710 784 signifieat
725 712 754 765 et
766 705 887 762 verbum
943 703 1023 760 niem
1034 704 1210 777 temporales
1221 721 1336 772 sumus,
1346 707 1375 759 ει
1383 705 1447 761 sine
1455 705 1666 778 temporalibus
1676 704 1772 763 verbis
1841 742 1844 747 ,

62 794 219 868 prolatum.
246 795 334 852 Porro
357 794 449 870 logos,
475 797 535 854 sive
558 798 691 866 verbum,
715 814 733 853 a
758 793 890 868 qualibet
942 790 1024 866 loqui
1038 811 1096 850 non
1111 809 1281 867 possumus,
1298 798 1379 849 extra
1394 793 1610 867 proprietatem,
1627 794 1771 868 preterito

63 883 187 941 istarum
202 885 405 958 acceptionum
421 886 494 942 satis
512 887 716 944 convenienter
728 883 888 943 transumi·
943 886 972 938 et
996 883 1094 940 futuro
1117 884 1204 940 verbo
1220 885 1257 940 ad
1281 883 1460 956 loquendum
1477 885 1512 940 de
1537 885 1594 941 Deo
1609 884 1771 965 abutimur,

62 975 112 1028 tur
135 974 171 1029 ad
196 973 300 1029 Filium
316 973 367 1033 Dei
392 973 630 1048 significandum.
656 976 767 1033 Dicitur
781 973 888 1047 quippe
942 970 1024 1028 Unde
1038 973 1181 1030 loannes:
1193 976 1325 1045 Quieret,
1337 981 1362 1030 et
1377 976 1480 1046 petest,
1496 976 1578 1048 etqui
1593 982 1723 1032 venturas
1731 982 1772 1030 est

64 1060 166 1131 Filius,
182 1063 232 1119 Dei
248 1062 341 1136 logos,
357 1062 417 1119 sive
432 1064 506 1120 ratic
523 1065 626 1132 Patris,
642 1082 676 1122 ca
691 1062 886 1138 proportione,
943 1060 1035 1133 (dpoc.
1050 1067 1102 1131 xr.)
1118 1063 1259 1120 Similiter
1273 1067 1302 1119 et
1315 1062 1363 1119 bie
1378 1064 1465 1120 dicit:

59 1151 213 1223 quoniam,
235 1150 312 1208 sieut
336 1152 409 1209 ratic
425 1156 469 1209 est
484 1153 540 1226 ipsi
556 1153 669 1210 bomini
684 1170 787 1221 ccaeva,
803 1153 889 1208 sicet
977 1151 1010 1206 ln
1025 1153 1160 1225 principio
1183 1161 1242 1209 eret
1265 1154 1388 1209 cerbere.
1416 1151 1573 1226 vigilanter
1597 1158 1769 1211 autemnon

62 1256 116 1297 suo
142 1240 227 1297 modo
252 1240 344 1298 Filius
359 1241 410 1298 Uei
426 1245 470 1298 est
484 1242 543 1299 Deo
567 1242 646 1300 Petri
668 1247 838 1299 coeternus.
855 1241 890 1296 llt
943 1239 994 1309 ait,
1009 1240 1065 1312 suit
1077 1240 1120 1296 vel
1135 1244 1237 1313 tuerat,
1254 1243 1305 1298 sed
1321 1241 1362 1298 ait
1376 1250 1444 1299 erat.
1461 1244 1523 1299 Fuit
1538 1242 1770 1318 quippepreter-

62 1329 140 1386 sicut
154 1330 241 1388 homo
256 1346 308 1403 per
324 1331 468 1387 rationem
484 1336 512 1388 et
526 1332 700 1405 sapientiam
722 1347 806 1388 suam
820 1348 888 1403 pru·
942 1327 1062 1385 itionem
1087 1331 1265 1403 perlectam3
1294 1335 1395 1404 sceret,
1425 1332 1582 1406 plusquam
1611 1334 1768 1406 perlectam

61 1419 166 1476 denter
188 1424 335 1494 operetur,
358 1420 399 1476 ita
413 1420 491 1477 Deus
517 1421 600 1477 Peter
613 1437 666 1495 per
681 1421 787 1477 Filium
802 1436 889 1477 snum
944 1419 1081 1486 ostendit,
1091 1423 1119 1474 et
1130 1420 1194 1476 ideo
1205 1420 1304 1476 minus
1314 1420 1371 1477 Deo
1382 1421 1525 1494 congruit.
1536 1423 1687 1492 lirotvero,
1700 1422 1770 1496 quia

62 1508 210 1582 sapienter
224 1513 361 1582 oporatur
371 1509 516 1566 universa.
532 1509 613 1566 Unde
624 1514 652 1567 et
665 1510 691 1566 ei
708 1509 890 1583 perSapien-
944 1506 1168 1578 preteritionem
1185 1510 1315 1565 nondum
1331 1510 1487 1583 perlectam
1503 1510 1646 1584 designet,
1658 1515 1770 1584 etpre-

61 1600 122 1653 bem
138 1596 264 1654 dieitur:
292 1598 391 1654 Omnia
411 1600 440 1654 in
460 1600 598 1671 caperrata
611 1601 700 1671 fecisti
714 1599 802 1670 (Prot.
818 1597 889 1672 cur.)
945 1594 1020 1650 senti
1035 1598 1159 1670 tempori
1176 1598 1271 1671 magis
1281 1599 1470 1671 conjunctum
1486 1603 1540 1666 est,
1554 1599 1770 1673 significantius

63 1686 177 1743 Rursus
193 1691 221 1742 et
236 1703 254 1742 a
275 1688 363 1743 verbo
388 1692 485 1744 mente
501 1692 638 1761 concepto
659 1705 717 1745 non
732 1689 891 1761 incongrue
945 1683 1075 1756 positum
1092 1690 1145 1742 est.
1165 1687 1221 1742 lloo
1236 1690 1334 1743 eutem
1360 1686 1488 1744 Verbum
1504 1692 1566 1745 erat
1581 1689 1611 1744 in
1626 1688 1769 1762 principio

61 1775 260 1832 transumitur
272 1776 309 1832 ad
322 1775 428 1833 Filium
439 1776 489 1833 Dei
500 1777 727 1850 designandum,
739 1777 889 1850 quoniam,
945 1772 1005 1829 sive
1020 1775 1172 1847 temporis,
1188 1776 1248 1832 sive
1272 1780 1492 1846 ereaturarum;
1509 1781 1626 1850 tempus
1641 1778 1720 1835 enim
1741 1782 1771 1835 et

63 1864 140 1921 sicut
153 1866 274 1922 verbum
289 1870 388 1922 mente
404 1871 577 1940 conceptum
593 1884 627 1923 ex
638 1874 735 1924 mente
746 1866 848 1934 oritur,
862 1871 892 1923 et
945 1867 1079 1920 creatura
1093 1870 1163 1920 sunt
1177 1881 1279 1921 coaeva.
1296 1866 1347 1922 Est
1361 1882 1429 1939 ergo
1446 1884 1479 1923 ac
1494 1867 1518 1922 si
1534 1866 1625 1923 dicat:
1642 1867 1675 1925 In
1689 1867 1770 1941 prin·

63 1970 131 2011 cum
155 1959 253 2012 mente
277 1959 386 2022 menet,
411 1955 454 2012 sie
469 1959 498 2012 et
512 1973 565 2013 suo
581 1958 668 2013 modo
685 1957 776 2013 Filius
791 1955 842 2012 Dei
857 1973 892 2013 ex
944 1950 1020 2024 cipio
1034 1954 1174 2025 temporis
1189 1971 1246 2010 non
1262 1953 1382 2027 incoepit
1397 1972 1461 2012 esse
1474 1955 1613 2023 Verbum,
1630 1958 1770 2030 quoniam

52 2043 121 2100 'Deo
136 2043 219 2102 Patre
234 2045 336 2115 oritur,
353 2050 382 2102 et
396 2062 463 2101 oum
479 2062 512 2102 eo
528 2051 625 2103 manet
636 2062 760 2119 semper.
772 2046 854 2102 Unde
864 2045 890 2101 ei
945 2045 1011 2096 ante
1022 2041 1199 2115 principium
1211 2044 1421 2116 temporiseret
1430 2044 1568 2101 Verbum.
1579 2048 1660 2113 Quod
1671 2051 1769 2105 eutem

62 2133 309 2207 perPsalmistam
321 2135 442 2191 dieitur:
453 2136 636 2206 lnaetemem,
646 2135 891 2202 vomereuomere
945 2128 986 2186 sie
1001 2128 1175 2188 intellexerit
1197 2133 1386 2207 evangelista,
1411 2135 1552 2206 probatur
1565 2152 1600 2192 ex
1621 2135 1675 2193 boo
1689 2137 1768 2209 qnod

62 2231 141 2280 tuum
160 2233 303 2298 pounooot
318 2227 349 2281 io
372 2225 436 2281 roto
460 2226 545 2295 (Prot.
564 2227 672 2294 orvrrr.)
693 2225 807 2281 Rursus
830 2228 891 2281 ota
944 2234 997 2289 per
1009 2217 1086 2275 idern
1097 2219 1226 2276 Verbum
1237 2222 1313 2278 lacta
1324 2222 1479 2278 confirmat
1488 2224 1633 2282 universa.
1648 2224 1676 2281 Si
1689 2225 1768 2282 enim

61 2313 149 2370 corbo
172 2313 285 2387 prolato
309 2316 338 2370 ot
361 2314 548 2388 proportione
575 2313 773 2388 transumptio
795 2315 828 2370 fit
854 2314 890 2369 ud
944 2311 973 2362 et
983 2311 1099 2381 tempus
1109 2313 1138 2365 et
1147 2315 1284 2366 creature
1293 2327 1395 2367 omnes
1406 2313 1584 2384 perverbum
1596 2313 1677 2370 facte
1687 2317 1767 2384 sunt,

64 2400 171 2457 Filium
187 2401 248 2470 Dei,
265 2404 405 2476 quoniam
417 2401 493 2458 sicut
509 2403 596 2460 homo
611 2420 645 2460 ux
655 2420 704 2460 ore,
718 2419 771 2460 ouo
782 2404 891 2476 profert
944 2400 1024 2469 petet
1038 2397 1139 2471 procul
1149 2400 1238 2455 dubio
1248 2399 1387 2473 quoniam
1401 2405 1502 2457 auctor
1512 2402 1660 2475 praecessii
1669 2403 1769 2460 omniu

62 2491 195 2560 verbum,
211 2496 240 2548 et
254 2508 306 2565 per
320 2491 392 2548 illud
408 2508 492 2549 suern
504 2492 569 2550 aliis
579 2493 889 2550 manifestatvolunta-
944 2485 1009 2558 ipsa
1024 2503 1087 2559 quae
1103 2488 1181 2544 iecit.
1203 2489 1284 2545 Unde
1305 2490 1376 2546 etin
1393 2491 1583 2562 sequentibus
1598 2490 1640 2548 sic
1655 2494 1718 2548 oret
1732 2493 1768 2549 ad

63 2585 135 2649 tem,
152 2585 180 2636 et
190 2581 423 2654 permundatum
433 2582 513 2638 verbi
526 2582 572 2638 sui
587 2588 734 2656 operatur,
746 2584 788 2640 sic
798 2589 827 2640 et
837 2600 890 2639 suc
944 2574 1077 2632 Patrem:
1096 2577 1222 2649 Clarififfl
1235 2595 1287 2647 7²²⁶,
1304 2581 1397 2647 ΡΜ,
1414 2580 1486 2651 opud
1501 2582 1670 2652 temetipsum
1684 2582 1769 2639 Clari·

64 2670 151 2725 modo
167 2669 244 2726 Deus
273 2671 357 2727 Pater
369 2687 403 2727 ex
428 2671 594 2730 substantia
609 2689 663 2728 sua
677 2673 779 2746 genuit
797 2672 889 2729 Deum
944 2672 998 2720 tate
1013 2681 1096 2738 ittam
1110 2667 1195 2722 hatti
1202 2670 1366 2740 priusquam
1373 2668 1491 2723 mendice
1501 2670 1576 2739 fieret
1586 2671 1676 2743 (toan.
1688 2675 1770 2742 xvir.)

64 2757 171 2826 11110111,
188 2758 252 2832 ipso
268 2758 340 2815 Filio
355 2760 397 2815 sie
417 2759 613 2816 testificante:
630 2762 684 2829 tipo
699 2761 841 2834 Sapientia
856 2778 891 2817 esc
945 2755 1048 2826 ltaque
1062 2756 1139 2826 quod
1157 2757 1305 2827 precessit
1319 2773 1405 2812 omne
1418 2761 1545 2830 tempus,
1557 2763 1697 2816 eternum
1713 2765 1773 2817 est,

63 2863 110 2904 cre
133 2848 228 2904 Patrio
240 2849 334 2921 prodii
341 2851 526 2922 primopooieo
539 2857 602 2906 oneo
616 2865 723 2907 omnem
736 2858 891 2907 oraturum
944 2844 979 2899 Et
995 2845 1071 2916 quod
1087 2843 1155 2900 feeit
1164 2861 1281 2901 ornnem
1293 2849 1466 2914 creaturam,
1478 2837 1596 2903 Creator
1605 2853 1659 2905 est.
1671 2849 1770 2907 Potest

65 2938 165 3006 (Eroti.
182 2941 271 3007 urg)
285 2942 314 2994 ot
337 2955 388 3011 por
411 2938 508 3011 ipsum
533 2939 620 2994 Potor
643 2943 789 3011 oporatur,
814 2941 892 2996 siout
944 2931 1032 2987 etiam
1043 2931 1100 2988 diei
1112 2932 1251 3005 quoniam
1262 2934 1382 2990 verbum
1394 2935 1496 2991 eratin
1509 2934 1662 3009 principio,
1675 2937 1769 3006 idest,

64 3029 188 3083 testatur
202 3025 480 3085 Psalmistadieens:
501 3029 584 3084 Verbo
599 3030 709 3084 Domini
717 3030 777 3085 ceti
786 3030 891 3101 fimrcti
943 3019 974 3075 in
989 3025 1084 3078 Patre·
1106 3022 1175 3077 Emi
1188 3020 1278 3096 igitur
1291 3022 1419 3080 Verbum
1435 3024 1465 3079 1¹1
1480 3025 1573 3094 Patre,
1590 3025 1769 3100 principium

62 3124 126 3173 oum
140 3117 225 3187 (Prot,
241 3117 339 3188 mir.)
354 3116 389 3171 iit
403 3132 455 3189 por
469 3118 605 3173 oumdoru
620 3116 726 3173 Filium
741 3117 827 3175 Potor
840 3119 891 3175 ho.
943 3109 973 3165 in
989 3109 1141 3184 principio.
1159 3111 1248 3168 Filius
1258 3112 1366 3186 quippe
1376 3129 1407 3169 εε
1417 3130 1480 3169 esse
1491 3114 1771 3187 principiumtesta·

64 3205 196 3262 minibus
209 3221 293 3261 sunm
306 3205 474 3262 manifestat
487 3204 754 3279 voluntatem,ipsc
766 3207 837 3264 lilio
848 3193 926 3265 sicC
945 3203 1003 3266 tur,
1027 3202 1144 3272 quando
1170 3202 1367 3273 querentibus
1395 3202 1528 3260 iudeis:
1559 3206 1597 3260 Te
1625 3207 1687 3278 quit
1713 3210 1770 3263 es!

63 3297 207 3351 testante:
224 3294 396 3367 Manifestcci
418 3302 609 3352 concentuum
624 3295 780 3353 lectricibus
795 3300 888 3366 (toan.
943 3291 1032 3360 (toan.
1047 3289 1119 3362 vm.)
1136 3290 1301 3362 rospondit:
1314 3292 1545 3365 Principicmpci
1554 3301 1580 3349 et
1590 3294 1770 3367 loquorcobis

64 3385 145 3456 xvu.)
160 3385 228 3440 Scin
243 3399 359 3456 quoque
372 3384 493 3440 verbum
505 3384 732 3455 substantivum,
744 3386 891 3460 significat
944 3379 999 3435 Sed
1015 3380 1099 3435 Pater
1110 3384 1155 3435 est
1169 3378 1348 3453 principium
1363 3380 1426 3438 sine
1436 3381 1589 3455 principio.
1602 3383 1693 3440 Filius
1703 3401 1769 3442 vero

64 3472 262 3528 substantiam
273 3471 437 3545 simplicem
448 3476 475 3528 et
483 3472 655 3530 solitariam.
665 3474 890 3550 llivinaquoque
943 3467 1020 3524 ⁸50¹st
1035 3473 1080 3525 esi
1095 3473 1169 3525 Deus
1184 3485 1219 3526 ex
1233 3469 1301 3538 0⁹0,
1318 3470 1359 3526 iia
1373 3475 1416 3526 681
1430 3471 1608 3544 principium
1618 3473 1653 3529 de
1664 3473 1770 3546 princi·

63 3560 192 3618 essentie
204 3564 249 3617 est
263 3561 429 3618 substantia
442 3561 566 3634 simplex
581 3567 610 3619 et
619 3562 759 3620 solitaria.
770 3565 805 3620 llt
819 3565 889 3620 sub·
943 3557 1006 3629 pi0;
1016 3574 1069 3614 neo
1080 3562 1177 3614 temen
1188 3559 1246 3615 duo
1255 3558 1409 3632 principia,
1419 3561 1469 3616 scd
1478 3578 1570 3617 unum
1579 3561 1767 3636 principium.

63 3650 172 3706 stantia
187 3649 305 3722 quidem
316 3654 370 3718 est,
383 3650 522 3723 quoniam
533 3667 580 3707 res
594 3655 639 3709 est
647 3669 699 3725 per
709 3669 740 3709 se
749 3653 888 3724 existens,
943 3645 1025 3703 Unde
1040 3648 1103 3720 ipse
1113 3648 1197 3704 Pater
1213 3647 1250 3704 ad
1263 3648 1368 3704 Filium
1384 3647 1531 3721 loquitur:
1549 3653 1644 3707 Tecum
1658 3655 1769 3723 princi-

61 3743 162 3812 utpote
188 3754 252 3810 que
268 3737 349 3795 nullo
374 3738 430 3795 alio
447 3739 565 3814 indiget,
582 3745 686 3796 cuncta
703 3758 768 3798 vero
784 3740 842 3798 alia
855 3759 890 3798 ea
940 3737 1029 3808 pium.
1045 3738 1130 3807 (Paul.
1146 3737 1213 3810 0111
1225 3737 1366 3793 subaudis
1376 3742 1420 3793 est
1435 3738 1517 3794 mihi.
1533 3739 1674 3798 Ceterum
1686 3743 1770 3798 Peter

61 3827 194 3901 indigent
209 3828 245 3883 ad
261 3827 307 3884 sui
328 3827 530 3897 existentiam
546 3828 671 3903 simplex
684 3847 751 3887 vero
766 3835 811 3888 ost
826 3831 889 3888 siue
942 3824 1050 3881 dicitur
1064 3825 1240 3899 principium
1255 3826 1363 3900 triplici
1376 3826 1496 3883 ratione.
1511 3829 1562 3884 Uet
1572 3829 1649 3885 enim
1659 3829 1769 3902 princi-

61 3916 205 3990 partibus,
217 3921 245 3972 et
253 3916 316 3974 sine
324 3917 404 3974 omni
415 3918 577 3974 termarum
586 3919 782 3989 concretione;
792 3919 890 3977 solite·
943 3913 1023 3986 pium
1033 3913 1097 3970 Filii
1102 3916 1389 3989 pergenerationem·
1399 3918 1449 3972 Est
1457 3916 1633 3989 principium
1641 3919 1768 3991 Spiritus

62 4000 363 4072 ria,etastsine'omni
374 4007 534 4065 formarum
544 4007 715 4079 adjectione.
725 4007 889 4066 Licetenim
943 4004 1767 4078 sanctiperspiretionem‚Estetprincipiumcreeturarum

62 4095 141 4151 Deus
155 4095 270 4152 dicatur
285 4114 374 4167 unus,
389 4113 487 4167 verus,
503 4096 631 4170 sapiens,
645 4098 747 4170 justus
762 4102 791 4154 et
811 4098 888 4171 pius,
944 4109 995 4165 per
1009 4092 1196 4149 creationem.
1223 4093 1313 4149 Filius
1329 4109 1395 4149 vere
1411 4093 1519 4167 duplici
1536 4095 1647 4151 ratione
1660 4095 1770 4153 dicitur

62 4187 162 4240 tamen
177 4183 276 4241 omnia
289 4185 350 4241 bec
366 4186 396 4241 in
408 4187 464 4242 1)εο
480 4203 537 4242 11011
549 4190 618 4242 sunt
628 4185 722 4258 plura,
735 4188 785 4243 sed
797 4204 890 4244 unum
945 4181 1140 4255 principium:
1157 4182 1207 4237 list
1217 4181 1296 4238 enim
1312 4182 1501 4256 principium,
1519 4201 1586 4240 eum
1601 4185 1695 4254 Patre,
1708 4184 1772 4259 Spi-

64 4271 129 4329 hoc.
146 4273 220 4330 llino
231 4275 363 4347 estquod
378 4274 564 4332 hooverhum
575 4292 653 4345 sum,
665 4275 760 4349 magis
776 4277 891 4350 proprio
946 4271 1020 4327 ritus
1050 4270 1142 4327 saneti
1167 4286 1219 4343 per
1242 4270 1442 4343 spirationem.
1463 4272 1515 4329 ltst
1536 4277 1565 4329 et
1592 4273 1770 4348 principium

64 4361 176 4419 catoris
196 4363 293 4420 verbis
317 4364 353 4419 de
380 4363 437 4420 Deo
460 4364 643 4437 predicatur,
668 4370 697 4420 ot
719 4365 845 4421 maximo
861 4366 891 4422 io
946 4364 1146 4417 creaturarum
1163 4375 1216 4433 per
1227 4360 1414 4417 creationem.
1431 4360 1556 4434 Spiritus
1570 4380 1637 4420 vero
1652 4366 1772 4420 sanctus

64 4450 201 4524 presenti
214 4456 354 4525 tempore.
372 4453 453 4510 Unde
467 4452 530 4526 ipse
545 4452 623 4510 Deus
638 4454 674 4510 ed
691 4454 824 4527 Moysen:
837 4456 892 4526 Epo
947 4467 1005 4506 uno
1020 4450 1223 4506 tantummodo
1240 4449 1347 4506 dieitur
1369 4451 1556 4524 principium,
1573 4452 1713 4524 quoniam
1729 4456 1774 4509 est

63 4556 126 4595 sum
140 4543 189 4612 qui
203 4557 274 4597 scm.
290 4542 336 4598 Sic
348 4541 421 4597 dices
439 4542 507 4611 filiis
521 4543 626 4599 lsrael:
643 4542 697 4611 Qui
710 4551 750 4600 est
762 4546 840 4600 misit
851 4561 895 4602 me
910 4567 933 4632 D
949 4555 1042 4595 unum
1056 4537 1244 4612 principium,
1256 4555 1324 4595 cum
1339 4539 1423 4596 Patre
1437 4545 1465 4596 et
1479 4539 1560 4608 Filio,
1573 4544 1773 4597 creaturarum

64 4629 100 4684 od
114 4646 159 4685 vos
183 4631 279 4700 (Eaecd.
298 4633 353 4701 111.)
376 4633 416 4686 Ac
439 4630 464 4686 si
485 4635 584 4703 aperte
608 4631 703 4688 dicat:
731 4633 790 4706 Ego
814 4632 895 4690 solus
949 4644 1001 4700 per
1016 4627 1203 4684 creationem.
1221 4629 1276 4684 Sed
1288 4628 1573 4700 quomodoverbum
1585 4627 1776 4701 eratinprin·

63 4735 130 4774 vere
154 4736 232 4776 sum.
257 4723 365 4776 Caetera
388 4719 497 4793 quippe
521 4720 620 4778 omnia
644 4721 679 4777 ad
701 4721 893 4794 comparatio·
949 4717 1036 4790 cipi0,
1061 4717 1089 4772 id
1115 4721 1160 4772 est
1182 4717 1212 4773 in
1229 4718 1323 4788 Patre,
1340 4721 1373 4774 ut
1388 4716 1484 4774 simile
1499 4717 1529 4774 in
1544 4717 1661 4774 similit
1676 4717 1776 4785 Qualis

64 4822 132 4862 nem
148 4807 252 4864 divine
267 4807 438 4865 eternitatis
453 4825 512 4864 non
527 4812 606 4876 sunt,
624 4810 895 4884 quoniamgenera·
949 4806 1027 4862 enim
1052 4806 1146 4874 Pater,
1163 4805 1231 4863 telis
1256 4805 1344 4862 filius.
1360 4805 1389 4862 Si
1413 4806 1492 4863 enim
1514 4806 1678 4863 deduobus
1693 4806 1776 4865 valde

64 4895 139 4951 ttoni
153 4901 182 4951 et
193 4896 385 4970 corruptioni,
400 4902 558 4970 augmento
570 4902 598 4954 et
613 4898 814 4968 diminutioni,
826 4901 895 4956 alte·
949 4894 1095 4952 similibus
1105 4895 1214 4951 dicitur
1223 4912 1274 4968 per
1284 4912 1450 4968 expressam
1460 4895 1694 4966 similitudinem,
1707 4913 1777 4970 quo·

67 4982 174 5040 rationi
189 4987 218 5040 et
240 4984 371 5042 locorum
387 4986 541 5043 mutationi
558 4988 691 5059 subjecta
712 4992 791 5057 sunt,
807 4992 836 5045 ει
849 5006 894 5046 εε-
949 4985 1029 5041 niam
1054 4984 1127 5040 ulter
1151 4989 1195 5040 est
1210 4985 1240 5040 in
1255 4984 1355 5056 altero,
1379 4985 1430 5057 qui
1443 4985 1522 5042 videt
1536 5003 1640 5056 unum,
1655 4985 1734 5043 videt
1748 4990 1778 5068 et

68 5073 199 5130 cundum
215 5077 379 5147 temporum
395 5075 599 5143 mutationem,
615 5078 758 5134 accedunt
773 5082 802 5133 et
816 5095 895 5134 rece·
951 5073 1097 5146 reliquum
1109 5093 1115 5142 3
1128 5078 1238 5147 quanto
1255 5073 1350 5147 magis
1361 5075 1395 5130 de
1406 5075 1464 5130 Deo
1475 5075 1559 5132 Patre
1573 5079 1602 5133 et
1617 5077 1680 5148 ejus
1691 5075 1775 5133 Filio.

70 5164 153 5219 dunt.
170 5162 256 5218 Solus
271 5179 337 5220 vero
352 5163 430 5221 Deus
451 5182 516 5222 vere
531 5170 587 5234 est,
603 5166 742 5238 quoniam
759 5171 894 5236 eternus,
950 5180 1075 5236 quornm
1100 5163 1228 5220 essentia
1252 5180 1309 5219 non
1333 5167 1449 5220 tantum
1465 5164 1580 5234 similis,
1593 5166 1649 5223 scd
1664 5169 1693 5223 et
1707 5183 1776 5234 una,

69 5250 209 5325 quoniam
234 5251 440 5322 immutabilis,
465 5255 605 5327 quoniam
632 5271 748 5329 semper
768 5272 896 5329 presens
950 5253 1052 5310 eadem
1063 5256 1117 5309 est.
1127 5252 1445 5327 Undecumeillppus
1455 5254 1575 5311 dixisset
1585 5255 1779 5312 Dumiumlto-

69 5345 113 5397 cst
127 5345 274 5411 AEternus,
302 5342 366 5399 sine
389 5341 532 5417 principio
547 5349 574 5401 et
590 5344 667 5414 line;
690 5344 894 5414 immutabilis,
950 5345 1035 5410 minc,
1047 5342 1155 5400 ostende
1162 5344 1242 5399 11εὸ11
1250 5342 1599 5417 Putrem,ctsesficitcobis
1613 5346 1780 5420 (locamur.)

69 5429 132 5485 sine
147 5430 226 5488 omni
242 5434 379 5488 motuum
393 5433 546 5503 varietate;
558 5451 675 5508 semper
683 5450 821 5507 presens,
834 5432 897 5490 sine
952 5429 1065 5491 audivit
1080 5433 1116 5490 ab
1131 5448 1178 5488 eo:
1191 5432 1329 5504 Ptrittppc,
1340 5434 1390 5505 qui
1397 5432 1527 5504 videtne,
1539 5434 1611 5492 videt
1624 5443 1650 5491 et
1659 5437 1778 5492 Patrem.

67 5519 210 5593 temporis
219 5521 386 5579 accessione
397 5521 440 5580 vel
451 5524 623 5582 recessione.
634 5523 734 5599 igitur,
747 5521 772 5580 si
780 5523 816 5579 ed
826 5541 898 5597 pre·
952 5526 1011 5581 lton
1027 5522 1113 5580 crede
1128 5523 1254 5597 quincue
1270 5523 1300 5577 in
1314 5527 1405 5593 Patre,
1421 5531 1448 5581 et
1460 5525 1542 5582 Pater
1556 5526 1586 5581 in
1599 5538 1643 5581 me
1656 5526 1718 5581 est?

65 5610 192 5671 sentiam
216 5610 401 5671 eternitatis
416 5611 521 5673 tiriae
545 5612 751 5691 respiciamus,
780 5629 898 5691 semper
988 5614 1022 5674 lit
1035 5611 1277 5690 comminuerit,
1292 5612 1540 5696 erctcpcdlleem.
1553 5612 1780 5692 Senebecpree
1812 5623 1821 5633 ‘
