3816 6006
115 219 175 282 3110
556 213 672 280 PAULI
694 215 728 279 S.
750 215 866 279 PETRI
888 212 1157 278 CARNOTENSIS
1183 211 1373 276 Moutcffl.
1754 211 1816 274 260

116 356 146 410 et
159 349 278 409 oxnniuo
291 347 530 417 contradicimus,
547 366 605 406 non
615 348 749 408 videlicet
757 350 794 407 de
809 348 939 407 coeuobia
952 351 980 420 Α
995 348 1143 415 fortitudo,
1160 365 1218 405 non
1234 350 1382 421 comparet
1396 346 1491 421 pietas
1501 345 1628 404 Maniai.
1640 347 1684 404 'lu
1699 363 1817 420 quoque

117 439 215 499 Sancti
231 439 307 498 Petri
323 455 449 512 quorum
465 439 586 496 nomina
599 440 767 512 subscripta
779 443 858 496 sunt.
879 439 938 495 Du·
994 436 1175 511 dereliquisti
1187 455 1250 505 nos,
1262 440 1361 494 suncte
1370 441 1453 509 pater
1463 435 1563 505 Hilari,
1575 435 1625 510 qui
1637 436 1707 493 olim
1723 436 1817 494 unita·

115 531 226 589 raudus
240 531 378 587 decanus.
395 527 546 586 Genesius.
562 528 750 586 isembertus.
761 527 877 585 Atreus.
889 527 938 584 lli-
993 531 1053 584 tem
1082 526 1217 584 ecclesia
1247 525 1372 599 Spiritus
1402 524 1501 582 Sancti
1521 525 1619 600 gladio
1638 524 1816 584 tuebarisO

117 619 431 679 chorius..Herbcrtus.
448 617 629 674 Benedictus.
646 618 820 674 Radbertus.
833 617 938 673 Dvrsr-
992 615 1142 673 derelicta!
1160 633 1176 672 o
1192 615 1299 673 meslul
1318 632 1334 672 0
1349 615 1480 671 desolata
1497 614 1655 672 Galliarum
1678 613 1815 672 ecclesia!

115 710 182 768 dus.
209 706 362 766 Amulius.
390 707 569 763 Marcuinus.
594 707 741 765 warinus.
765 705 936 763 Walterius.
992 706 1204 778 Quaejamerit
1220 722 1287 778 spes
1302 703 1408 762 salutis
1431 703 1597 761 ulterioris?
1612 704 1666 762 Ubi
1689 703 1816 778 amplius

21 853 26 859 .
114 798 303 858 Guurnerius.
320 794 515 870 Beriugerius.
531 795 705 853 Waldrious.
730 795 905 852 Bernardus.
922 818 935 845 a
991 794 1090 852 anima
1113 794 1269 853 Christiani
1292 793 1401 850 alssicta
1415 794 1590 868 respirabit?
1605 794 1664 851 Hoc
1688 810 1815 867 numque

150 887 200 946 lsti
214 887 313 961 itaque
327 902 429 942 omnes
444 902 498 942 suu
508 885 688 942 nomincaut
698 885 937 958 subscripserunt
991 883 1087 941 solum
1101 883 1144 941 vel
1160 883 1287 940 maxime
1301 901 1355 941 uos
1375 884 1538 940 confortare
1557 883 1718 952 videbatur,
1735 884 1813 957 quod

112 981 164 1037 aut
179 974 324 1034 subscribi
335 976 499 1047 iusserunt,
517 991 563 1030 me
576 974 701 1030 vidente.
724 974 776 1031 Die
791 974 935 1048 proxima.
990 973 1014 1030 si
1024 973 1205 1048 contingeret
1217 972 1318 1030 ruinas
1328 971 1467 1030 maenium
1474 977 1593 1029 tuorum
1603 971 1744 1030 resarcire
1755 989 1813 1030 non

112 1083 210 1127 comes
225 1063 393 1124 'ledbaldus
409 1063 502 1132 redit;
518 1062 608 1120 setin
624 1063 835 1121 monasterium
845 1062 935 1137 recipi
989 1080 1085 1136 posse,
1102 1063 1202 1120 liceret
1216 1062 1319 1120 saltem
1334 1063 1371 1119 ud
1386 1064 1506 1119 llrmum
1521 1063 1616 1120 adhuc
1640 1060 1811 1137 capitolium

112 1175 182 1217 eum
195 1153 381 1230 processione
396 1153 585 1226 praemandat.
607 1152 741 1209 Monechi
759 1154 935 1226 respondent
990 1152 1052 1208 vira
1068 1151 1236 1209 monasticas
1254 1152 1509 1227 confugereouod
1518 1150 1640 1209 etiamsi
1649 1151 1815 1208 iuribusiu-

112 1265 144 1305 se
157 1241 756 1316 maturamustpraesumptoram
771 1241 855 1299 illum
875 1259 933 1298 nou
988 1245 1102 1315 reptare
1117 1247 1168 1298 aut
1179 1241 1301 1315 impune
1311 1241 1493 1315 quibuslibet
1503 1240 1668 1299 ambitiosis
1676 1240 1812 1298 invadere

111 1334 267 1394 adduxerit
281 1349 391 1390 secum.
402 1330 455 1391 itta
469 1331 568 1390 deuse
577 1330 672 1391 iratus
694 1330 758 1406 ipso
774 1336 871 1388 tamen
888 1330 934 1387 die
986 1328 1065 1399 licet,
1082 1348 1134 1404 pro
1145 1330 1241 1388 dolor!
1259 1330 1393 1388 tunditus
1409 1329 1551 1388 cecidisti.
1567 1328 1650 1388 Unde
1660 1331 1725 1403 jam
1739 1331 1812 1387 adte

110 1424 262 1493 sustinuit,
277 1422 366 1480 setin
383 1420 526 1495 sequenti,
543 1437 612 1477 cum
635 1420 761 1496 strepitu
782 1419 932 1479 comiucn·
987 1421 1514 1494 revertens,venerandepator,quem
1529 1419 1813 1494 egocredoetvideo

108 1516 196 1584 tium,
210 1513 241 1570 in
256 1510 354 1570 Sancti
371 1510 446 1567 Petri
461 1510 673 1568 monasterium
686 1527 774 1568 suum
785 1510 937 1585 hlageuar*
988 1509 1151 1582 adjutorem
1175 1528 1192 1566 a
1216 1510 1340 1566 Domino
1370 1508 1455 1567 nobis
1479 1525 1544 1567 csse
1568 1509 1728 1584 provisum,
1744 1526 1811 1566 cum

109 1605 179 1662 dum
190 1600 326 1660 obtrusit.
336 1601 378 1657 Ad
390 1602 475 1674 cujus
488 1599 649 1658 violentum
660 1600 828 1674 ingressum
838 1599 934 1657 suncti
986 1599 1095 1657 domno
1105 1616 1169 1657 mco
1184 1603 1293 1672 tuoque
1305 1599 1383 1656 fideli
1399 1598 1534 1669 Rodullc,
1549 1599 1688 1673 deprecor
1711 1603 1740 1655 et
1761 1599 1811 1656 ob·

108 1695 224 1761 fratres,
235 1690 429 1748 contaminari
445 1691 539 1763 ipsius
551 1688 816 1747 communicatione
825 1689 931 1746 timcn—
985 1690 1079 1745 testor
1091 1705 1190 1762 peres
1203 1705 1266 1762 quoe
1281 1688 1335 1745 tihi
1357 1690 1426 1745 data
1453 1692 1523 1745 sunt
1545 1687 1694 1762 sapienties
1710 1693 1811 1746 sancta

106 1787 161 1851 tes,
177 1779 343 1839 sanctuario
359 1779 475 1836 Domini
491 1778 617 1836 salutato
631 1796 699 1836 cum
710 1778 850 1847 lacrimis,
860 1778 933 1836 exie·
985 1777 1155 1848 karismata,
1172 1795 1226 1852 per
1246 1777 1432 1837 dulcedinem
1462 1778 1594 1835 fraterna
1622 1777 1763 1846 caritatis,
1785 1778 1810 1834 si

106 1866 932 1944 runt,atque,aliudrelugiumncscientesndliminaprin·
984 1865 1055 1940 quid
1072 1871 1164 1940 potes,
1180 1867 1323 1941 impugna
1334 1867 1435 1927 hostes
1449 1867 1576 1935 Domini,
1593 1867 1698 1925 iratres
1709 1866 1808 1924 allisos

107 1959 211 2035 cipalis
225 1956 361 2016 ecclcsiae
377 1957 589 2031 confugerunt;
607 1957 647 2014 ibi
670 1973 786 2030 quoque
808 1961 931 2031 utroque
984 1957 1091 2027 refove,
1106 1974 1159 2014 neo
1174 1958 1268 2030 perire
1283 1958 1374 2025 sinus,
1391 1957 1492 2031 inopie
1505 1955 1605 2015 solacii
1620 1955 1674 2026 tui,
1686 1957 1809 2031 proqui-

105 2048 346 2124 pastorcdesertae
353 2062 420 2102 oves
426 2045 528 2102 mestis
535 2062 598 2102 sese
604 2045 927 2104 vocibusconsoluntur.
983 2046 1039 2102 bus
1055 2047 1150 2103 credis
1164 2064 1229 2103 esso
1243 2048 1342 2103 susum
1356 2045 1532 2121 sanguinem
1546 2046 1663 2105 Christi.

105 2141 155 2196 Set
171 2137 273 2211 recipit
289 2152 337 2192 eos
353 2139 454 2192 sancta
468 2139 561 2191 mater
575 2134 701 2204 Domini,
714 2134 799 2192 solitu
810 2135 928 2208 pietate.
1020 2136 1142 2208 lntcrca,
1159 2135 1299 2194 orationis
1314 2135 1417 2209 gretia,
1434 2152 1531 2193 comes
1547 2136 1670 2193 Romam
1685 2136 1810 2212 perrexit

104 2226 218 2300 Recipit
234 2223 379 2283 Rodullus
395 2224 535 2292 decenus,
552 2223 629 2280 dulci
646 2223 837 2296 benignitate.
859 2225 928 2281 lude
982 2224 1067 2297 (118),
1084 2231 1122 2293 et,
1139 2225 1207 2281 inde
1221 2225 1349 2294 rediens,
1365 2225 1396 2281 iu
1413 2225 1515 2282 itinere
1528 2227 1701 2299 peregrinus
1724 2225 1808 2293 obiit,

106 2315 289 2375 transierunt
302 2315 340 2370 ud
364 2312 529 2370 coenobium
555 2312 650 2370 sancti
676 2314 768 2386 patris
784 2313 926 2384 herberti,
982 2317 1069 2386 atque
1083 2313 1203 2371 veiculis
1219 2315 1390 2387 deportatus
1401 2314 1543 2384 Carnutis,
1553 2313 1583 2371 in
1598 2313 1727 2388 capitulo
1739 2315 1811 2372 San·

1 2408 8 2417 '
92 2407 189 2480 'orrjus
205 2405 285 2461 dives
300 2404 419 2470 caritas,
436 2403 472 2459 de
486 2419 613 2476 paupere
629 2419 729 2461 censu.
743 2420 866 2477 queque
880 2421 928 2477 po·
980 2403 1018 2458 cti
1035 2402 1374 2476 Petri‚adpedessrutris
1391 2402 1681 2474 sui'l'eodcrici,cum
1697 2420 1804 2477 magun

102 2500 160 2553 test
174 2492 403 2551 illisnocessaria
413 2491 629 2549 subministrat.
638 2492 772 2548 Ceterum
783 2491 831 2549 illo
839 2494 928 2550 frater
978 2492 1228 2559 ssetu,collocatur.
1238 2493 1347 2550 Deinde
1363 2492 1487 2550 llodullo
1498 2494 1608 2550 decano
1623 2510 1641 2549 a
1655 2493 1801 2551 liudberto
1846 2492 1848 2496 ‘

101 2585 187 2658 cujus
200 2581 422 2658 importunitate
438 2580 552 2654 depulsi
569 2587 647 2650 sunt,
665 2582 700 2638 ub
716 2581 834 2639 Hcrviso
850 2599 924 2655 quo·
980 2598 1047 2655 rege
1061 2581 1091 2637 in
1108 2582 1277 2655 episcopatu
1302 2581 1471 2653 sublimato,
1487 2581 1692 2639 amaritudinis
1713 2581 1803 2648 aolus,

101 2675 179 2742 dam,
196 2672 329 2739 utuiunt,
342 2670 513 2727 Britannice
524 2671 652 2744 regionis
662 2670 809 2744 episcopo,
822 2677 925 2743 quarto
980 2671 1096 2727 comitis
1111 2671 1216 2728 timore
1240 2670 1328 2745 paulo
1352 2675 1419 2728 ante
1434 2672 1556 2745 sopitus,
1572 2671 1759 2728 vehomenter
1774 2672 1803 2727 in

101 2780 193 2821 nonas
209 2759 368 2828 Februarii,
391 2760 482 2816 abbas
506 2758 664 2816 simulatus
678 2764 724 2817 est
738 2760 768 2816 in
784 2761 924 2817 suburbio
980 2758 1640 2834 Mageuardumahbatcmiullammuturstque
1651 2761 1804 2818 intantum

47 2916 51 2926 ¹
99 2849 280 2919 Curuotensi,
292 2848 506 2919 ubsenterlero,
519 2848 690 2923 indignante
701 2849 819 2923 populo,
830 2850 924 2924 legato
979 2849 1164 2923 progreditur
1178 2853 1219 2918 ut,
1237 2849 1340 2906 baculo
1357 2849 1496 2923 pastorali
1511 2849 1695 2908 auctoritatis
1714 2866 1804 2907 manu

100 2938 316 3014 archipresulis
331 2937 429 3012 palum
444 2937 662 2995 contradicente
677 2955 714 2994 ne
728 2939 757 2994 id
772 2940 863 3006 lieret,
880 2957 923 2997 rs·
978 2942 1098 3008 extorto,
1112 2939 1142 2995 iu
1157 2939 1244 2996 domo
1259 2939 1388 3014 episcopi
1403 2956 1455 3013 por
1468 2938 1530 2996 dies
1544 2939 1656 3014 aliquot
1673 2956 1803 2997 commo-

99 3029 296 3088 clamantibus
309 3026 397 3086 etium
408 3026 585 3101 quibusdum
598 3028 750 3085 monachis
759 3028 810 3102 qui
819 3027 849 3085 in
861 3028 923 3086 loco
978 3027 1036 3084 rari
1052 3028 1183 3085 feceriut.
1196 3028 1355 3101 Postquam
1369 3045 1436 3085 sero
1451 3027 1609 3085 instantem
1625 3028 1656 3085 in
1668 3027 1804 3086 orationi·

99 3121 309 3186 remanserant,
325 3134 392 3174 vero
407 3116 500 3189 vultu,
526 3117 591 3174 viva
604 3134 674 3174 voce
695 3122 782 3192 atque
797 3118 922 3192 regulari
938 3103 960 3173 G
979 3117 1036 3174 bus
1049 3134 1101 3190 per
1116 3121 1230 3174 noctem
1246 3119 1276 3173 in
1291 3116 1409 3190 vigiliis,
1422 3115 1606 3174 luculentum
1616 3116 1646 3174 iu
1663 3117 1803 3176 sermoni-

99 3209 280 3268 auotoritate.
298 3208 347 3264 Set
361 3211 390 3264 et
402 3222 480 3263 nunc
495 3205 544 3262 illc
558 3206 670 3279 primas
686 3207 716 3263 in
732 3207 835 3263 abatico
854 3224 923 3282 sug·
978 3205 1045 3277 bus,
1062 3205 1219 3280 pollentem
1245 3207 1275 3263 iu
1304 3206 1421 3275 litteris,
1432 3223 1501 3263 eum
1524 3206 1802 3265 animadverterunt.

97 3304 182 3374 gestu
199 3296 324 3356 seculari
344 3296 475 3370 potentia
498 3295 601 3367 troius,
616 3296 653 3352 de
668 3300 782 3369 peracte
804 3296 925 3354 victoria
978 3299 1140 3369 postposita
1154 3295 1215 3368 lite,
1231 3300 1260 3353 et
1274 3295 1450 3370 pastoralem
1467 3296 1604 3353 baculum
1629 3300 1659 3354 et
1680 3295 1803 3354 abbatia

97 3387 253 3463 gloriosus,
261 3385 433 3451 inauctores
443 3385 518 3457 ejus,
528 3384 659 3452 abbates,
668 3384 821 3457 episcopos
833 3390 923 3457 atque
978 3385 1290 3459 suggestum,grutanti
1299 3385 1409 3454 auimo,
1422 3385 1622 3443 reddiderunt.
1633 3385 1698 3455 Qui,
1710 3402 1803 3459 qusu-

98 3475 198 3550 ipsum
203 3491 310 3549 papam
317 3472 505 3548 ambitiendo,
518 3491 553 3529 ac
564 3472 634 3545 quid
646 3473 765 3546 gravius
776 3478 924 3531 statuatur
977 3473 1029 3530 diu
1044 3473 1142 3530 vitulis
1156 3474 1244 3530 llatus
1259 3474 1285 3531 ei
1301 3490 1398 3531 comes
1414 3474 1480 3545 luit,
1489 3474 1537 3549 pio
1552 3491 1651 3532 amore
1663 3491 1730 3532 oves
1746 3474 1803 3532 sihi

97 3565 129 3621 iu
139 3563 224 3621 illum
233 3563 329 3619 modis
339 3562 477 3618 omnibus
488 3560 923 3622 elaboratlacetinterimvicta
978 3563 1153 3620 commissas
1168 3563 1279 3636 duplici
1294 3563 1373 3620 victu
1384 3563 1495 3621 affatim
1506 3564 1665 3639 pavitouo
1676 3568 1802 3634 mortuo,

97 3654 277 3726 conlusaque
292 3651 415 3708 fratrum
428 3649 615 3724 expulsorum
631 3649 794 3720 humilitas,
812 3670 864 3709 neo
879 3658 923 3710 est
977 3656 1134 3725 antequam
1164 3653 1251 3709 matri
1281 3653 1459 3722 redderetur,
1475 3653 1615 3711 Arnullus
1643 3653 1762 3710 edituus
1786 3671 1804 3712 a

96 3741 203 3818 presul
217 3741 247 3798 in
263 3739 374 3808 Galliis,
391 3741 476 3813 cujus
491 3739 602 3797 viscora
616 3744 717 3814 tangut
731 3742 845 3799 allectio
859 3742 922 3817 pie·
978 3741 1112 3799 Fulberto
1129 3741 1264 3815 episcopo
1288 3742 1351 3799 loco
1366 3743 1430 3815 ejus
1445 3743 1631 3817 subrogatur.
1647 3744 1690 3799 nd
1706 3747 1802 3801 curtas

95 3832 165 3891 tatis
180 3835 231 3889 aut
243 3830 323 3888 zelus
338 3846 427 3887 sucrae
442 3828 516 3903 legis
530 3828 703 3899 inflammet,
716 3835 749 3887 ut
763 3836 923 3906 consurgat
975 3846 1104 3904 ergosuo
1120 3834 1249 3904 tempore
1264 3835 1393 3905 patratas
1407 3837 1507 3888 nostra
1520 3831 1648 3888 veridica
1671 3835 1801 3889 vertatur

96 3920 316 3996 adfrangendos
326 3918 669 3993 impetusherrorum,ad
679 3919 921 3996 relevandasspcs
976 3919 1114 3993 pennula,
1130 3924 1163 3976 ut
1177 3920 1360 3993 capitulatim
1375 3919 1563 3994 conglobatas
1587 3919 1739 3980 studiosus
1754 3922 1800 3978 in·

95 4011 193 4070 dolore
207 4008 431 4067 tabescentium.
448 4008 591 4065 Deiunctu
605 4008 716 4066 etenim
731 4013 777 4066 est
799 4009 921 4068 Dionisii
976 4008 1097 4082 dagator
1111 4009 1168 4066 cito
1182 4010 1261 4081 quod
1275 4008 1399 4067 voluerit
1409 4008 1539 4069 invenire
1552 4009 1656 4068 valeat.

130 4135 204 4210 (118)
219 4134 303 4190 Anno
319 4133 399 4190 1001.

606 4359 880 4500 urhun
932 4362 1280 4504 saurus

911 4599 977 4648 SIVE

577 4723 933 4813 ARNULFI
987 4726 1315 4814 ABBATIS

686 4874 740 4945 (nb
756 4891 833 4932 anno
849 4875 968 4934 1023111
986 4893 1097 4934 annum
1112 4874 1204 4948 1033.)

375 5102 584 5164 GlPlTDLUM
605 5103 625 5161 Ι.
930 5107 1049 5176 Ddotio
1063 5106 1183 5180 Christi,
1200 5123 1265 5164 mco
1277 5111 1417 5180 tempore,
1435 5108 1623 5179 constitutus,
1640 5125 1693 5184 ego
1706 5110 1797 5169 Odol·

249 5199 288 5254 De
301 5211 402 5267 coemo
419 5196 481 5253 Ursi
496 5194 607 5251 Villcria
620 5195 753 5254 ccctcaiae.
971 5197 1060 5266 ricus,
1077 5195 1302 5255 Aurelianorum
1330 5197 1496 5270 episcopus,
1512 5204 1615 5255 notum
1644 5199 1708 5256 fieri
1730 5199 1796 5257 volo

383 5282 468 5354 (Anto
483 5299 510 5338 a.
528 5280 618 5354 1018.)
970 5285 1236 5359 contemporalibus
1255 5290 1344 5360 atque
1359 5287 1796 5350 successoribusmeismodum

126 5375 138 5400 ⁶
155 5393 170 5425 a
184 5370 260 5445 (119)
270 5371 332 5430 Sub
342 5374 448 5429 eterno
468 5369 611 5446 regimine
627 5387 803 5448 summoque
820 5391 915 5433 sucer-
970 5379 999 5432 et
1009 5375 1099 5433 finem
1110 5392 1204 5434 causae
1217 5393 1280 5452 que
1292 5375 1386 5435 inhac
1396 5376 1627 5455 castulasoriptu
1639 5378 1796 5440 estMons·

126 5520 202 5601 (119)
216 5521 317 5582 Exstat
330 5521 392 5583 hac
405 5522 508 5584 charta
520 5520 551 5584 lu
567 5521 637 5583 Gali.
653 5523 765 5585 Ctrtst..
775 5528 798 5586 1.
812 5525 889 5600 v111,
902 5526 1000 5602 iustu,
1016 5525 1072 5588 col.
1085 5526 1148 5587 191.
