3816 6006
58 302 139 370 1³³8
620 304 905 373 sennim-1.
927 306 979 371 en
1000 306 1200 374 TEMPORE.
1683 301 1762 379 lidi

58 438 159 508 lsrael,
170 438 206 496 de
217 437 325 513 quibus
335 438 478 514 scriptum
489 444 543 511 est,
556 465 570 493 α
582 442 655 499 Cum
666 442 811 500 occideret
821 458 880 511 eos,
895 442 924 511 Α
939 442 1081 500 convertit
1094 444 1129 500 ad
1145 460 1177 507 se
1192 440 1334 501 Dominus
1349 439 1504 518 pleresque
1520 447 1655 502 nostrum
1666 444 1762 518 quoti·
1862 434 1864 436 ’

57 528 227 601 querebant
251 545 329 600 enm,
346 536 375 586 et
397 531 617 588 revertebantur
632 533 718 602 (Psoi.
736 532 882 604 cxxviii.»
939 532 995 590 die.
1011 533 1176 607 Nam'saepe
1192 535 1262 590 dum
1280 551 1383 591 sumus
1399 533 1430 590 iu
1444 533 1763 607 propositoetiucursu

57 617 118 674 lloc
142 619 229 674 modo
255 619 397 675 convertit
425 620 561 690 Paulum,
579 621 707 696 flagellat
721 621 801 678 enim
816 639 883 678 eum
939 623 1075 696 peccandi
1088 624 1202 680 etmale
1213 624 1329 697 agendi,
1343 628 1375 679 ut
1389 641 1442 680 nos
1458 627 1607 680 convertat
1621 623 1765 685 Dominus

56 707 169 780 prime;
186 708 326 772 secundo,
344 708 548 782 flagellationis
564 727 684 767 causam
700 727 767 767 eum
782 711 882 780 decet;
939 711 1768 786 adse,immititnobisflagellainfirmitatumperaeeutie·

56 796 154 864 tertie,
165 794 272 852 Saulus
288 795 465 855 medicinam
475 798 578 871 querit
589 817 596 867 ;
608 805 724 872 quarto,
737 799 885 859 medicina
938 817 1011 859 num
1023 805 1051 857 et
1067 802 1263 870 miseriarum,
1272 806 1305 857 ut
1315 801 1363 874 qni
1377 800 1516 858 nolumus
1526 818 1578 873 per
1589 802 1767 875 prosperita·

57 885 84 940 ei
95 886 192 941 datur.
204 885 276 942 Cum
288 886 416 959 llagellat
426 886 577 956 eum,luce
588 888 623 944 de
633 887 705 944 eoelo
717 889 885 947 circumful·
931 889 1659 963 tem,saltememendemurperreversintemoui
1668 889 1767 950 sivero

57 978 153 1047 gente,
171 989 238 1029 eum
252 979 386 1042 excecat,
400 977 567 1048 prosternit.
580 978 614 1034 st
629 977 773 1047 debilitat,
784 983 884 1036 osten·
937 979 1139 1050 humiliamur,
1148 984 1177 1036 'et
1190 979 1425 1037 emendationem
1442 979 1651 1053 promittimus,
1659 979 1768 1037 illumi·

57 1063 130 1119 dens
145 1079 176 1118 se
186 1062 293 1120 babere
304 1062 432 1120 divinam
449 1067 620 1139 potentiam,
632 1071 661 1123 et
675 1066 759 1122 illum
775 1068 883 1124 huma·
938 1084 1069 1123 namura
1079 1068 1202 1125 Domino
1218 1057 1352 1137 interius,
1365 1069 1507 1141 erigimur
1515 1072 1544 1125 et
1553 1069 1761 1129 confortamur.

56 1150 884 1228 namfragilitatem.llumexcaeat,quoniamneupotarat
973 1157 1763 1231 Sequiturparstertie,iuquaestenditurquambouus

48 1255 122 1296 ,vere
133 1238 304 1307 illuminari,
317 1240 374 1296 uisi
385 1258 402 1296 a
413 1240 491 1297 malo
501 1258 556 1298 sua
566 1243 688 1298 scientia
699 1243 781 1316 prius
794 1260 883 1300 exece-
941 1244 1028 1301 luerit
1041 1245 1149 1302 Paulus
1159 1251 1225 1318 pest
1236 1247 1466 1313 conversionem,
1478 1263 1545 1303 cum
1556 1247 1760 1321 subjungitur:

55 1332 182 1385 caretur.
195 1329 268 1384 llum
282 1329 450 1401 prosternit,
463 1330 603 1402 quoniam
617 1332 882 1405 nonpoteratbene
937 1335 1000 1390 Fuit
1023 1343 1115 1392 cutem
1137 1351 1200 1390 cum
1224 1335 1368 1408 discipulis
1392 1338 1440 1408 qui
1463 1344 1543 1392 crunt
1563 1336 1698 1404 Damasci,
1712 1353 1763 1410 per

55 1433 186 1491 surgere,
199 1416 256 1474 nisi
268 1416 350 1490 prins
361 1434 378 1473 a
388 1417 466 1474 mala
476 1436 530 1475 sua
545 1421 670 1478 elatione
684 1425 882 1494 presternere-
928 1409 994 1480 ¹dies
1010 1424 1125 1496 aliquot.
1142 1423 1196 1489 Qui
1212 1423 1291 1480 enirn
1306 1424 1389 1498 prius
1405 1428 1468 1480 erat
1484 1426 1645 1482 totocorde
1661 1428 1763 1483 centra

55 1507 198 1564 turdum
211 1505 344 1563 debilitat
355 1507 880 1582 quoniamuonpoteratbeuevalere,
937 1512 1087 1569 Christum
1103 1516 1131 1569 et
1156 1511 1317 1586 discipulos
1337 1513 1412 1585 ejus,
1429 1529 1507 1568 nunc
1523 1515 1585 1569 erat
1599 1515 1659 1571 toto
1675 1515 1762 1572 corde

56 1596 114 1654 nisi
127 1595 236 1668 priusa
252 1613 306 1652 sna
319 1594 396 1653 mala
411 1597 581 1655 fortitudine
596 1598 807 1656 debilitaretur.
819 1599 881 1655 Non
938 1618 1005 1657 curn
1020 1602 1135 1659 Christo
1151 1604 1180 1658 et
1195 1601 1347 1675 discipulis
1363 1602 1437 1674 ejus.
1455 1602 1549 1675 Super
1571 1602 1669 1659 omnia
1682 1601 1761 1661 enim

55 1689 153 1759 petest
166 1683 245 1741 enim
259 1684 368 1757 aliquis
383 1684 511 1742 divinam
527 1688 657 1760 accipere
670 1688 881 1756 fortitudinem,
937 1690 1078 1764 diligebat
1087 1689 1281 1758 Christum,et
1291 1690 1362 1746 disci
1366 1689 1451 1762 pulos
1460 1690 1609 1763 ejussicut
1618 1692 1760 1767 seipsum.

53 1771 114 1832 nisi
129 1791 215 1831 suam
230 1771 346 1831 amittat
360 1778 389 1830 et
402 1774 562 1848 vilipendat
576 1777 789 1834 tortitudinem.
801 1777 883 1834 Unde
938 1779 1083 1843 Quantum
1101 1777 1209 1850 quippe
1225 1776 1358 1849 diligeret
1372 1777 1520 1834 Christum
1541 1779 1678 1849 ostendit,
1694 1797 1761 1837 oum

55 1864 136 1922 idem
152 1862 270 1932 Paulus,
289 1884 303 1914 «
314 1865 397 1932 Cum,
414 1864 520 1937 inquit,
536 1866 679 1933 infirmer,
696 1871 766 1923 tunc
781 1866 884 1922 sortior
936 1866 977 1922 ait
993 1882 1000 1921 ε
1018 1887 1032 1916 «
1049 1864 1151 1922 Certus
1167 1882 1233 1921 sum
1249 1865 1328 1921 enim
1344 1866 1422 1938 qued
1445 1882 1539 1939 neque
1559 1885 1649 1938 mors,
1667 1885 1761 1942 neque

55 1970 123 2010 sum
143 1956 173 2011 et
196 1958 299 2026 petens
315 1953 352 2026 (ll
364 1952 424 2009 Cor.
441 1959 499 2027 nn).
511 1976 525 2005 u
541 1957 664 2011 Causam
680 1954 882 2029 flagellationis
935 1955 1005 2021 vita,
1022 1970 1117 2026 neque
1130 1953 1384 2028 instantia,neque
1399 1955 1610 2030 futuramque
1624 1958 1759 2030 altitudo,

54 2059 124 2099 eum
139 2042 282 2098 Dominus
297 2043 382 2098 docet
397 2059 465 2098 cum
479 2043 535 2099 ait:
548 2045 641 2112 Saule,
659 2044 825 2118 Scutapuid
838 2062 882 2102 me
936 2059 1030 2115 neque
1045 2043 1236 2115 protundum,
1252 2061 1346 2116 neque
1369 2048 1504 2101 creatura
1526 2046 1636 2119 aliqua,
1653 2046 1760 2121 peterit

54 2133 246 2206 persequeris?
259 2132 299 2186 Ae
316 2130 341 2187 si
357 2131 435 2187 dieat
451 2148 457 2186 :
473 2130 585 2205 Dignus
600 2150 631 2189 es
647 2150 704 2189 non
721 2134 817 2190 selum
832 2133 882 2189 fia·
936 2149 983 2189 mo
999 2149 1134 2206 separare
1149 2149 1167 2189 a
1182 2132 1323 2190 charitate
1347 2151 1412 2206 quaa
1437 2138 1482 2191 est
1504 2134 1534 2192 in
1558 2136 1672 2194 Christo
1688 2137 1759 2195 lesu

54 2220 168 2294 gellari,
180 2220 239 2277 imo
249 2218 338 2276 etiam
346 2219 492 2287 damnari,
500 2221 550 2294 qui
562 2222 786 2279 mesalvaterem
795 2238 880 2279 mun·
935 2222 1022 2294 (Rom.
1030 2224 1120 2290 vuit»
1133 2223 1279 2289 Quantum
1290 2238 1356 2279 vero
1367 2221 1501 2296 diligeret
1512 2224 1618 2281 Christi
1629 2226 1760 2299 discipu-

55 2308 879 2385 dipersequeris.N0nautemnit,qnidmeespersequcris,
935 2309 979 2367 les
994 2309 1130 2378 ostendit,
1157 2327 1226 2366 cum
1250 2311 1314 2366 ait:
1345 2334 1359 2362 «
1376 2311 1447 2378 Quis
1469 2312 1636 2370 infirmatur
1659 2318 1688 2371 et
1707 2331 1760 2390 ego

54 2398 117 2467 sed,
128 2398 246 2471 quidne
254 2400 424 2470 persequeris
435 2401 449 2454 t
461 2398 492 2453 Iu
505 2399 881 2471 quodemenstraturnobis
936 2398 1231 2466 nenintlrmorlouis
1243 2399 1563 2474 scandalizatur,eteg0
1574 2419 1632 2459 nen
1648 2403 1760 2461 orori»
1802 2397 1804 2402 ’

54 2486 220 2560 quantasit
245 2488 314 2544 uuio
343 2487 448 2561 capitis
463 2492 492 2544 et
506 2489 718 2546 membrorum.
735 2489 879 2557 Quoniam
935 2490 972 2561 (ll
986 2489 1046 2545 Cer.
1064 2489 1157 2558 n.)l]t
1186 2489 1234 2561 qui
1266 2488 1333 2562 plus
1356 2489 1580 2562 blasphemabat
1607 2496 1636 2548 et
1664 2509 1760 2566 perse·

55 2578 230 2649 sicutcaput
245 2576 315 2632 dicit
325 2594 377 2649 pro
388 2577 460 2649 pede
471 2577 650 2647 conculcato,
659 2595 748 2651 quare
762 2578 879 2635 concul-
935 2579 1079 2651 quehatur
1095 2593 1200 2634 nomon
1217 2577 1333 2645 Christi,
1345 2594 1444 2634 eoram
1455 2579 1574 2651 regibus
1584 2583 1613 2636 et
1624 2580 1761 2655 principi·

54 2683 107 2724 eas
120 2665 190 2731 mel
203 2670 232 2721 et
246 2681 298 2738 pro
322 2667 409 2723 dorso
434 2682 518 2734 creso,
535 2682 626 2737 quare
641 2667 730 2724 cadis
752 2667 822 2724 me?
838 2668 881 2725 lta
934 2668 990 2723 bus
1005 2671 1033 2724 et
1049 2666 1117 2723 eliis
1142 2665 1229 2724 lsrael
1255 2666 1381 2740 portavit
1404 2683 1510 2724 nemen
1540 2669 1660 2727 Christi.
1677 2670 1760 2730 Unde

55 2755 199 2812 Dominus
227 2754 298 2811 dicit
322 2754 377 2810 sibi
402 2753 502 2810 inferri
528 2774 591 2829 qna
616 2756 679 2814 suis
702 2757 878 2813 inferuntur.
934 2760 962 2814 et
973 2757 1019 2813 hic
1030 2755 1139 2812 dicitur
1151 2773 1157 2810 :
1170 2757 1202 2811 Et
1216 2757 1344 2811 continuo
1360 2758 1498 2828 inpressos
1512 2759 1617 2815 Paulus
1632 2761 1661 2816 in
1675 2775 1761 2833 cyno·

58 2845 99 2901 hd
115 2844 170 2901 boe
185 2842 293 2901 Saulus
321 2848 451 2900 tremens
480 2862 537 2918 pra
567 2844 680 2913 timore,
698 2847 833 2902 conscius
848 2862 880 2903 se
933 2862 1024 2918 popae,
1034 2845 1266 2918 paredimbntiltia
1275 2847 1375 2911 iesum,
1388 2846 1528 2902 ostendens
1538 2849 1761 2920 quoninmbiccst

53 2934 155 2990 lesum
168 2937 354 3006 persecutum
366 2932 503 2999 fuisse,et
513 2939 646 3007 stupens,
654 2932 738 2990 illum
749 2934 880 2991 animad-
933 2934 1178 3006 FiliuaDei.lltqui
1186 2933 1760 3010 priusadjuvabattotonianudoeosper·

53 3027 171 3079 vertens
189 3037 254 3079 esse
277 3023 379 3090 Deum,
398 3039 485 3095 quam
515 3039 622 3095 purum
648 3023 797 3079 hominem
825 3041 880 3096 pu·
934 3022 1759 3097 sequeustristum,nnnctotonisupersequebaturiull·

54 3112 147 3179 tabat,
164 3112 249 3184 quasi
278 3116 396 3168 coactus
421 3112 457 3167 ad
482 3111 683 3168 obediendum·
703 3111 879 3169 medicinam
935 3109 1084 3166 delitatem
1101 3109 1303 3166 eorumUnde
1317 3109 1407 3166 ethic
1422 3111 1547 3168 dicitnr:
1564 3113 1759 3172 Suetusmnlte

24 3267 26 3270 ,
55 3200 878 3275 quaritdicens:Dominapaidoacoio[marathesidicah
895 3189 917 3256 G
934 3201 1025 3268 meeis
1054 3199 1264 3265 convalescebat,
1280 3206 1305 3254 et
1328 3198 1510 3271 confundebat
1536 3201 1655 3273 taneos,
1671 3209 1760 3260 ceun-

55 3291 164 3347 Verum
179 3294 234 3357 est,
251 3290 382 3359 Domina,
400 3290 478 3362 quud
494 3294 521 3345 te
537 3294 709 3362 persecutns
734 3308 812 3359 sum,
829 3291 880 3348 sed
934 3288 1011 3354 decu,
1030 3287 1058 3342 id
1082 3291 1126 3343 est
1140 3287 1303 3354 affirmans,
1318 3289 1384 3360 qnia
1399 3288 1444 3343 bic
1456 3296 1495 3344 est
1510 3290 1643 3346 Christus.
1660 3291 1696 3346 llt
1708 3289 1759 3364 qui

56 3380 228 3454 ignorabam
258 3383 286 3436 te
309 3396 373 3436 esse
399 3379 561 3436 Christum.
579 3380 635 3436 Sed
647 3381 712 3452 jam
728 3382 880 3438 decutere
935 3377 1017 3453 prius
1033 3375 1184 3450 lapidabat
1199 3379 1227 3432 et
1241 3375 1391 3432 occidebat
1412 3377 1583 3435 confitentes
1599 3378 1760 3451 Christum,

55 3469 109 3527 tibl
120 3469 239 3538 obedio,
250 3468 372 3541 praecipe
391 3468 534 3542 quidquid
550 3470 604 3526 vis.
617 3469 792 3526 Medicinam
808 3468 880 3526 inei·
935 3484 1013 3522 nunc
1024 3484 1082 3524 non
1094 3464 1324 3539 etlugitlnpidari
1334 3466 1460 3522 eteecidi
1471 3470 1589 3539 prepter
1598 3466 1759 3539 Christum,

56 3559 100 3633 pit
114 3559 140 3615 ei
155 3558 297 3622 Dominus
312 3558 461 3626 adhibere,
478 3559 549 3615 dum
572 3560 703 3632 precipit
725 3559 754 3615 in
778 3560 880 3616 urbem
936 3557 1132 3623 serenares
1148 3554 1215 3623 mei,
1227 3554 1264 3610 de
1279 3571 1368 3626 quam
1384 3572 1518 3627 perverso
1534 3573 1624 3629 quam
1639 3561 1759 3615 sanctus

55 3645 175 3715 intrare,
191 3650 220 3703 et
235 3645 366 3702 dicendis
382 3647 509 3703 obedire.
526 3647 587 3702 Viri
615 3653 713 3704 autem
739 3648 788 3721 qui
812 3664 880 3706 eum
935 3646 1030 3702 laetus
1041 3649 1084 3700 est
1095 3643 1213 3699 Paulus.
1227 3644 1258 3699 ln
1271 3644 1358 3699 Paulo
1374 3643 1483 3718 qnippe
1499 3642 1571 3701 et'iu
1587 3646 1760 3720 Magdalena

56 3735 284 3801 comitabantur,
296 3735 414 3791 stabant
424 3734 697 3808 stupefacti,vocem
707 3737 882 3810 quidemau·
935 3738 964 3792 et
978 3731 1160 3806 hujusmodi,
1171 3731 1263 3788 veluit
1280 3732 1419 3789 Dominus
1434 3734 1635 3792 demonstrare
1647 3735 1761 3795 viscera

56 3822 180 3891 dientes,
197 3828 230 3878 ut
244 3822 446 3879 testimenium
461 3824 486 3878 ei
511 3824 585 3880 serre
609 3829 738 3898 possent,
754 3827 805 3883 sed
822 3845 881 3883 non
936 3822 1142 3881 misericordia
1158 3839 1228 3889 sura,
1245 3825 1278 3876 ut
1293 3819 1403 3877 seilicet
1427 3823 1539 3879 caeteris
1559 3824 1759 3895 peccatoribus

55 3911 161 3979 renati,
183 3928 250 3967 eum
265 3911 362 3967 videre
378 3928 436 3967 nen
451 3917 536 3968 erant
550 3913 642 3987 digni.
662 3914 702 3970 Ac
715 3932 814 3972 mactus
828 3933 881 3971 on·
935 3911 1100 3984 exemplum
1118 3909 1294 3981 poenitentia
1309 3915 1338 3966 et
1353 3926 1435 3982 spem
1450 3912 1539 3966 veniae
1554 3915 1760 3985 praetereare

55 4008 110 4057 um
123 4001 204 4056 ittam
218 4000 365 4068 trabentes,
386 4005 442 4056 ete.
459 4023 473 4051 a
486 4001 550 4057 Haen
565 4002 688 4059 mutatio
705 4005 810 4060 dextra
826 4005 881 4061 bx·
935 4000 1069 4057 videlicet
1080 3997 1188 4071 aliquis
1198 3998 1227 4052 in
1236 4003 1464 4071 quantacunque
1479 3999 1621 4056 scelerum
1636 4000 1761 4057 enormi·

56 4088 128 4145 celsi
142 4090 227 4161 (Prot.
250 4091 353 4158 eaxan).
370 4111 384 4138 »
406 4088 459 4154 Qui
474 4095 593 4146 venerat
607 4091 722 4147 trabere
737 4108 805 4150 oves
819 4096 882 4150 tra·
936 4093 994 4146 tate
1011 4089 1189 4160 desperaret,
1206 4086 1256 4142 sed
1285 4077 1383 4158 potius
1413 4104 1464 4159 pur
1492 4088 1692 4160 paenitentiam
1722 4089 1759 4146 ad

55 4177 138 4234 bitur
153 4181 185 4234 ut
199 4177 271 4243 ovis,
289 4178 383 4234 laetus
397 4178 433 4235 de
449 4178 517 4251 lupe
533 4195 636 4252 agnus,
653 4180 688 4237 de
704 4179 791 4237 Saule
807 4182 880 4238 Pau·
936 4195 1017 4250 spem
1042 4176 1131 4232 venia
1158 4174 1317 4231 festinaret.
1334 4175 1416 4231 Sicut
1441 4178 1602 4234 econtrario
1624 4178 1654 4234 in
1675 4178 1761 4236 ruina

55 4265 113 4334 lus,
130 4266 165 4322 de
193 4271 377 4338 persecutore
405 4267 585 4340 predicator.
603 4269 635 4324 dt
659 4276 718 4325 crat
738 4270 779 4326 ibi
793 4272 881 4326 tribas
935 4267 1017 4324 Judae
1033 4271 1062 4322 et
1078 4264 1232 4330 similium,
1249 4262 1297 4335 qui
1315 4265 1351 4320 de
1364 4264 1423 4320 alto
1438 4265 1531 4337 gradu
1551 4267 1715 4325 sanctitatis
1730 4269 1760 4326 in

53 4356 151 4411 diebus
165 4363 191 4412 et
205 4358 295 4412 tribes
307 4358 431 4413 rtcetibus
442 4373 499 4413 non
515 4357 650 4429 videncet
663 4374 718 4414 non
732 4359 881 4415 memineo-
936 4357 1047 4413 iuream
1060 4352 1233 4428 perditionis
1245 4352 1373 4425 prolapsi
1385 4358 1465 4420 sunt,
1476 4353 1568 4412 voluit
1581 4357 1761 4428 profundita-

52 4447 93 4501 oit
105 4461 192 4518 neqcae
206 4447 285 4502 bibit.
301 4445 474 4502 Admodum
490 4446 633 4502 triduanos
651 4446 764 4504 Domini
780 4447 880 4521 sepul·
936 4451 994 4502 tem
1010 4442 1174 4500 severitatis
1189 4459 1249 4498 sura
1265 4442 1477 4507 demonstrare,
1488 4443 1639 4500 utscilicet
1649 4443 1761 4502 esteris

31 4538 125 4591 'ture
142 4541 278 4592 mortuus
301 4541 346 4591 est
372 4539 501 4608 peccate,
519 4539 552 4590 nt
573 4541 706 4608 surgeret
722 4537 789 4593 Deo.
806 4540 879 4593 Cum
895 4533 1023 4623 njnstis
1034 4531 1169 4588 timorem
1181 4529 1625 4605 incuteret,nevidelicetaliqnis
1636 4532 1763 4606 inquan-

54 4627 154 4679 autem
174 4623 317 4680 Dominus
338 4625 401 4696 jam
430 4640 482 4695 per
496 4640 528 4679 se
541 4622 666 4680 interius
692 4642 759 4681 eum
788 4626 877 4682 etiam
933 4619 1761 4696 tacunquevirtutumaltitudinepraesumeretsedpotius

54 4711 246 4784 Evangelium
275 4711 422 4769 docuisset
438 4713 527 4784 (nude
542 4711 604 4784 ipso
619 4712 761 4785 gloriatur
775 4731 806 4771 se
822 4732 880 4770 uon
936 4729 967 4769 se
981 4710 1162 4777 humiliaret,
1172 4709 1289 4765 timeret
1304 4714 1333 4765 ct
1347 4709 1490 4782 vigilaret,
1504 4716 1533 4767 et
1548 4728 1605 4767 uon
1619 4709 1650 4767 iu
1666 4712 1762 4780 se,sed

55 4822 70 4850 a
88 4800 125 4856 ab
140 4798 259 4856 homine
271 4823 285 4851 n
296 4801 443 4874 accepisse
459 4800 542 4866 illud,
555 4817 649 4873 neque
665 4802 813 4871 didicisse,
829 4804 880 4860 sed
936 4801 965 4856 in
982 4801 1040 4856 Dee
1055 4816 1086 4855 se
1102 4815 1189 4872 posse
1204 4802 1282 4853 stare
1299 4798 1467 4856 confideret.
1481 4800 1555 4856 nudi
1570 4806 1680 4868 tamen,
1695 4815 1762 4874 pec·

56 4911 71 4940 «
90 4906 141 4960 per
155 4889 360 4947 revelationem
384 4890 453 4948 Jesu
482 4890 599 4960 Christi)
614 4891 687 4962 (Get.
704 4895 734 4960 1),
751 4914 765 4943 o
783 4897 880 4950 tamen
935 4894 1026 4946 cater.
1038 4889 1099 4943 Non
1111 4886 1285 4959 proponitur
1297 4887 1348 4942 tibi
1361 4887 1469 4945 Paulus
1481 4890 1511 4945 in
1523 4888 1689 4963 exemplum
1699 4905 1764 4962 pec·

57 4976 194 5034 mittitad
206 4995 275 5035 eum
286 4978 525 5046 illuminandum,
537 4978 708 5051 erigendum
723 4986 751 5037 et
765 4983 881 5039 consor·
936 4977 1033 5046 candi,
1051 4977 1101 5033 sed
1117 4976 1288 5049 paenitendi.
1306 4975 1335 5032 Si
1353 4981 1472 5033 secutus
1488 4995 1520 5034 es
1535 4983 1764 5051 peccantem,se·

55 5067 181 5122 tandum
193 5068 230 5123 ad
240 5069 399 5135 Ananiam;
413 5072 445 5124 ut
455 5085 506 5141 per
515 5067 569 5123 hee
580 5071 714 5125 ostendat
727 5070 880 5146 ministris,
937 5083 1026 5140 quere
1042 5065 1241 5138 poenitentem.
1257 5065 1298 5120 Ne
1322 5064 1441 5122 dilleras
1460 5067 1496 5122 de
1511 5067 1556 5124 die
1570 5067 1600 5124 in
1617 5068 1705 5126 diem.
1721 5068 1764 5127 Ne

57 5155 88 5211 id
104 5161 150 5211 est
166 5156 339 5214 ministeriis
354 5157 414 5225 Dei,
433 5160 542 5230 quarata
560 5158 720 5214 reverentia
732 5160 881 5230 debeatur,
938 5154 1061 5228 adjicias
1077 5159 1230 5227 peccatum
1246 5171 1335 5226 super
1350 5160 1514 5226 peccatum,
1526 5161 1554 5212 et
1564 5156 1663 5214 dicas:
1680 5158 1765 5217 Mise-

58 5246 92 5300 ut
107 5260 165 5300 non
182 5245 239 5302 nisi
249 5263 301 5320 per
312 5249 612 5319 cesetpereapateat
625 5246 716 5304 salus.
728 5249 800 5304 Nam
818 5265 884 5306 mox
939 5245 1012 5302 ratio
1023 5243 1072 5300 Dei
1085 5259 1191 5315 magna
1201 5248 1257 5308 est,
1270 5248 1456 5315 peccaterum
1469 5262 1601 5302 meorum
1611 5247 1763 5305 miserebi-

59 5337 93 5389 ut
108 5333 233 5390 Ananias
260 5334 401 5408 imposuit
429 5334 517 5391 Paulo
547 5351 665 5403 manus,
681 5337 836 5394 ceciderunt
850 5340 884 5395 ob
937 5339 995 5390 tur.
1007 5333 1106 5405 Neque
1119 5332 1196 5387 enim
1208 5331 1379 5406 vitareque
1391 5334 1662 5406 poenitentie‚estin
1673 5353 1764 5394 manu

56 5422 145 5478 ocutis
160 5425 220 5495 ejas
236 5432 367 5498 tanquam
379 5439 511 5497 somma,
529 5425 702 5497 serpentina
718 5426 846 5496 mulitia,
856 5432 885 5485 et
939 5422 1078 5490 hominis,
1095 5422 1145 5478 scd
1161 5421 1190 5476 in
1207 5439 1298 5478 manu
1313 5422 1373 5478 Dei.
1391 5424 1444 5489 Qui
1467 5424 1545 5481 sieut
1560 5424 1723 5482 humilibus
1736 5428 1765 5483 et

56 5509 589 5586 illuminatusest.Etcumaccepisset
600 5515 776 5583 cibum,tam
786 5535 885 5590 corpo·
939 5511 1112 5569 timentibus
1128 5527 1180 5584 per
1195 5510 1426 5569 misericerdiam
1443 5531 1529 5571 suam
1541 5518 1657 5587 tempus
1673 5513 1764 5586 poeui·

36 5600 41 5605 ’
58 5599 152 5659 ratem
169 5619 258 5676 quam
274 5601 467 5677 spiritualem,
478 5601 717 5663 coniectatusest.
729 5606 788 5665 lloc
798 5608 884 5666 mode
939 5600 1037 5660 tentia
1049 5599 1765 5673 tribuititapraesumeutibusetcontemnentibus
