3816 6006
156 213 213 291 thi
408 209 462 272 AD
485 208 742 273 consumenti
763 207 931 278 hPPllND.
955 207 994 269 tl.
1011 240 1049 253 -
1064 206 1220 271 NONUM.
1244 208 1296 270 nte
1317 208 1448 273 antee
1466 209 1602 273 SACRO.
1798 210 1858 293 &22

155 346 218 401 Non
232 342 332 407 timuit
346 344 461 401 turcus
475 343 505 397 in
520 345 602 398 tante
617 348 697 414 peste
712 341 844 414 sagittas,
990 339 1014 406 Α
1030 339 1093 396 Νοιι
1109 339 1190 396 loeus
1207 345 1251 396 est
1265 341 1367 407 metui,
1384 341 1409 398 si
1424 358 1476 399 vos
1491 341 1679 401 committitis
1694 341 1747 405 illi,

155 434 287 507 Undique
302 433 451 500 turritum,
470 433 589 487 robuste
606 433 697 488 milite
715 431 820 486 tultum
1027 430 1100 494 Quid
1118 447 1215 484 rrroror
1231 430 1259 485 in
1275 430 1442 487 verbislrcs
1458 437 1502 487 est
1518 449 1578 487 rem
1592 431 1729 488 claudere
1740 434 1853 506 paucis:

153 526 235 580 Nune
250 521 343 596 aperit
357 527 454 594 portas
469 522 607 579 diuturno
623 526 752 593 tempere
769 520 903 585 clausas,
1027 519 1169 587 Creditur,
1188 520 1309 587 accitur,
1326 522 1476 589 reseratur,
1494 521 1602 587 abitur,
1618 522 1720 577 initur.

152 611 284 670 Occurrit
298 610 416 667 demtne
430 609 558 666 venienti
572 627 701 682 congrua
717 609 819 681 pubes,
1070 626 1163 684 xfflv,
1180 657 1214 667 -
1227 627 1369 684 Pedieisia
1384 630 1503 700 episcopi
1517 629 1659 691 uertere
1674 630 1755 689 verbo
1767 631 1803 691 ed

152 702 201 757 lllo
216 700 296 756 ciens
312 699 445 772 supplete
461 715 561 764 neves,
578 698 711 770 supplete
725 697 863 757 caballos.
1354 701 1513 756 exercitare.

149 793 245 858 Arma,
259 789 347 857 ainos,
362 792 391 845 et
406 804 496 860 equos
513 786 601 843 simul
616 786 728 843 invenit
743 786 842 843 omnia
857 791 951 859 parta.
1025 787 1137 843 Interea
1150 787 1255 860 praesul
1272 788 1395 844 meritur
1410 788 1570 856 Pediensis,
1586 793 1614 845 et
1628 789 1705 849 intra

516 877 596 933 llCtl.
1024 876 1178 933 Basilicam
1196 878 1269 934 Petri
1285 878 1421 934 condilus
1436 878 1573 935 conditur
1587 877 1657 934 almi
1674 896 1680 935 :

148 968 286 1026 Planities
301 984 389 1039 super
403 966 541 1033 Arthasii,
559 966 613 1022 seb
629 966 775 1022 maenibus
791 966 898 1021 Emmae
1023 968 1059 1022 At
1074 967 1202 1024 moriens
1217 985 1350 1040 proceres
1366 968 1400 1023 ad
1418 971 1556 1035 sevocat,
1573 967 1678 1046 hisque
1692 970 1802 1029 vocatis
1819 987 1829 1028 ι

147 1057 273 1114 Herbida
288 1055 398 1111 dividui
411 1071 499 1112 cursu
515 1055 714 1111 circumdatur
729 1055 843 1111 amnIs:
1022 1055 1117 1112 Verba
1132 1056 1209 1123 lucit,
1228 1059 1420 1112 monumenta
1435 1057 1491 1124 sul,
1508 1055 1684 1115 documenta
1700 1056 1813 1138 salutis,

147 1145 197 1203 llla
213 1147 337 1201 viatores
354 1144 436 1218 prius
451 1142 633 1210 excludebat,
650 1149 769 1216 eratque
1025 1167 1038 1193 «ι
1048 1150 1120 1200 Dum
1129 1145 1480 1218 Deusindulsit,dumqee
1493 1145 1523 1201 in
1538 1162 1586 1202 me
1600 1147 1845 1229 suspitnmansitr·

145 1235 273 1293 Circuitu
289 1234 368 1307 longi
383 1233 607 1309 properantibus
622 1233 720 1290 invida
735 1251 841 1301 eausa;
1023 1234 1080 1289 Nec
1095 1234 1228 1311 studium
1244 1235 1359 1301 iratres,
1377 1251 1428 1290 nec
1445 1234 1585 1293 sedulitas
1600 1252 1665 1293 mee
1679 1241 1775 1301 vestro
1799 1303 1801 1307 ,

143 1323 275 1384 Abscidit
287 1323 425 1380 invidiam
442 1322 577 1397 geminus
593 1322 628 1378 do
646 1327 743 1380 mente
760 1323 881 1390 recisus,
1022 1322 1119 1378 Doluit
1133 1323 1273 1396 obsequie
1291 1340 1297 1379 :
1314 1340 1364 1379 vos
1381 1323 1457 1380 sicut
1472 1327 1565 1379 mater
1579 1323 1733 1383 alumnum

142 1415 238 1486 Atque
252 1412 392 1470 viatorem
408 1413 579 1479 admittens,
594 1411 769 1469 altrinsecus
785 1429 879 1468 arcus.
1022 1410 1171 1468 SoIIIcitus
1186 1412 1252 1482 lori,
1270 1411 1365 1480 docel,
1384 1412 1497 1481 menni,
1510 1412 1658 1471 stImulavi
1675 1430 1682 1469 :

143 1503 200 1558 llus
215 1502 291 1559 inter
306 1506 409 1574 pentes
424 1517 496 1573 gens
513 1501 627 1557 Persica
636 1503 699 1573 jam
716 1506 799 1574 quasi
817 1507 888 1568 tuta,
1021 1501 1166 1557 Lethilera
1181 1500 1284 1565 avulsi,
1298 1501 1399 1558 sitella
1414 1502 1528 1558 semiue
1543 1501 1638 1576 sparsi
1656 1519 1662 1558 :

141 1591 207 1647 lam
222 1591 307 1663 quasi
324 1594 409 1646 naria
424 1590 498 1661 luga
514 1595 580 1663 post
596 1591 679 1646 taedia
695 1590 782 1663 longa
797 1590 925 1663 quietem
1021 1590 1153 1665 Pervigili
1170 1589 1320 1647 cerasolvi
1338 1591 1408 1647 mihi
1426 1592 1533 1649 tradita
1543 1593 1621 1663 jara.

141 1680 229 1736 Fessa
244 1680 422 1752 quiescebat,
441 1679 549 1734 bellum
565 1679 692 1735 erasisse
709 1679 841 1752 putabat.
978 1714 1001 1778 D
1018 1680 1084 1736 Iam
1102 1698 1180 1736 nuno
1195 1679 1316 1748 delibor,
1329 1681 1391 1751 jara
1409 1680 1472 1735 vita
1487 1679 1631 1737 terminus
1646 1680 1744 1738 instat.

139 1774 210 1824 Cum
224 1769 392 1826 Tencredus
408 1769 499 1833 adest,
517 1773 547 1823 et
561 1769 643 1825 adest
663 1785 767 1842 equare,
785 1785 867 1824 arma
892 1769 962 1824 viri·
1018 1770 1064 1825 Sic
1080 1786 1127 1825 me
1143 1770 1281 1825 doetrinae
1296 1769 1378 1825 vebis
1394 1786 1470 1841 papa
1485 1769 1654 1825 ministrum

867 1857 935 1931 [quc
953 1874 959 1913 :
1018 1859 1149 1914 Tradidit
1164 1858 1300 1914 Urbanus
1317 1875 1323 1913 z
1340 1857 1383 1914 sic
1397 1857 1478 1914 robis
1493 1857 1572 1914 hunc
1587 1873 1640 1934 ege
1655 1859 1738 1919 trado
1754 1876 1760 1914 :
1781 1882 1794 1910 n

140 1949 239 2021 Pugna
254 1965 365 2018 recens,
381 1945 451 2003 visis
467 1963 497 2003 se
513 1950 615 2002 mutuo
629 1945 680 2018 qui
696 1947 778 2020 legat
791 1949 882 2003 ane!
1016 1947 1150 2003 Tradidit
1162 1947 1318 2003 Arnnllum
1335 1946 1407 2003 nulli
1424 1946 1478 2003 hac
1494 1948 1523 2002 in
1539 1963 1632 2021 agene
1649 1949 1835 2025 seeundum:

138 2036 286 2099 Exclamat
300 2039 425 2103 Tereus,
440 2036 557 2109 lugiens
571 2035 780 2092 immurmurat
794 2043 841 2092 et!
856 2044 898 2093 et!
1014 2061 1028 2086 ιι
1047 2036 1136 2092 Filius
1151 2037 1209 2104 hic,
1226 2037 1333 2110 inquit,
1350 2053 1433 2092 meus
1447 2041 1492 2093 est
1505 2034 1643 2104 dilectus,
1657 2036 1766 2111 inipso

138 2126 243 2198 Magna
258 2126 313 2181 leit
327 2126 420 2182 cedes
435 2126 490 2182 sub
507 2125 652 2182 moenibus
664 2124 861 2192 Antiochenis,
1015 2128 1063 2181 Est
1078 2127 1150 2181 mihi
1167 2125 1440 2199 cemplaeilum,ros
1455 2142 1541 2183 aures
1556 2125 1658 2189 vertite
1673 2126 1708 2189 ad
1726 2126 1833 2202 ipsum:

136 2208 248 2270 Multus
264 2214 313 2273 uhi
329 2219 416 2286 atque
432 2230 531 2270 recens
547 2214 696 2269 commisit
710 2212 810 2286 prelia
825 2231 915 2269 caesor
931 2234 937 2270 :
1012 2217 1052 2270 Tu
1070 2233 1146 2284 rere,
1165 2213 1239 2282 l'ilii,
1256 2213 1386 2270 monitus
1402 2219 1589 2275 memoresto
1606 2214 1737 2286 paterni:

135 2303 209 2358 Hinc
224 2307 278 2370 est,
296 2308 383 2375 atque
398 2301 478 2357 illlnc
493 2320 545 2375 per
559 2309 663 2358 mutua
673 2302 793 2359 vulaera
808 2304 920 2370 ilatum,
1011 2306 1105 2361 Dirini
1124 2305 1202 2378 large
1219 2303 1386 2359 documenti
1404 2301 1517 2363 scaena
1533 2319 1647 2377 sparge,

135 2392 207 2447 ilinc
224 2388 303 2449 illino
319 2392 422 2458 risum,
440 2407 497 2447 nen
514 2396 558 2447 est
573 2390 620 2446 hic
638 2391 691 2446 hae
706 2391 767 2447 vioe
782 2396 897 2464 gestum
916 2410 922 2448 ι
1010 2397 1167 2466 Acceptum
1184 2394 1276 2466 gratis
1292 2395 1453 2448 sementem
1467 2391 1581 2448 reddito
1595 2391 1697 2465 gratis,

132 2480 231 2538 Altera
245 2498 314 2554 pars
328 2479 393 2536 risit
407 2485 533 2547 tantum,
549 2484 664 2534 tantum
681 2471 772 2536 altera
787 2480 864 2536 llevit
882 2498 888 2536 :
1010 2483 1165 2539 Peccantes
1182 2498 1292 2548 revoca,
1310 2481 1382 2539 benc
1398 2486 1517 2553 agentes
1531 2479 1619 2537 leude
1633 2497 1749 2552 corone,

136 2571 223 2626 Flevit
238 2570 333 2627 Turca
349 2570 446 2644 fugax,
464 2568 528 2626 risit
542 2569 737 2625 Nornrannica
753 2569 855 2625 bellax.
1008 2572 1084 2644 Urge
1100 2571 1292 2644 propositum,
1309 2568 1414 2625 Christi
1428 2573 1455 2625 te
1471 2569 1592 2625 ostende
1606 2568 1777 2635 ministrum

132 2660 319 2716 Normannas
334 2659 448 2730 sternit,
464 2658 577 2714 Turcus
592 2658 679 2723 cadit,
696 2663 728 2712 ut
744 2659 907 2716 subitarum
1008 2661 1169 2717 sedulitate
1185 2660 1286 2732 proba,
1301 2658 1461 2716 commissa
1475 2658 1591 2730 negotia
1605 2663 1708 2725 traete,

132 2748 261 2822 Impetus
275 2747 440 2817 hastarum,
455 2747 624 2820 geminique
640 2747 776 2820 angustia
790 2748 897 2821 pontis,
1008 2750 1112 2805 Nullus
1128 2751 1163 2804 ad
1180 2750 1324 2822 injustum
1341 2748 1426 2805 donis
1440 2752 1468 2803 te
1484 2747 1579 2804 llectat
1596 2752 1747 2816 onustum,

131 2837 276 2912 Nllugium
293 2837 430 2904 retinent,
446 2836 555 2892 bellurn
570 2837 752 2892 committere
768 2841 860 2892 terror
1007 2838 1100 2911 thue
1117 2838 1194 2893 brevi
1212 2838 1345 2903 breviter,
1360 2838 1428 2903 vita,
1446 2836 1559 2908 loquar,
1574 2841 1636 2894 este
1651 2837 1800 2914 pudicus:

130 2927 193 2982 Non
208 2926 288 2994 sinit,
306 2932 393 2998 atque
408 2925 482 2998 suge
496 2924 588 2992 labor,
605 2931 632 2981 et
648 2925 723 2981 vires
738 2925 896 2996 label'aetm,
1006 2928 1138 2997 Sobrius,
1153 2932 1183 2982 et
1197 2928 1336 3000 prudens,
1352 2925 1484 2992 humilis,
1500 2923 1567 2999 pius
1577 2930 1664 2998 atque
1679 2927 1827 3001 quietus.»

130 3013 278 3075 Plurimus
293 3020 320 3070 et
335 3014 456 3088 sanguis
472 3013 564 3071 multe
581 3014 615 3069 de
630 3013 748 3070 vulnere
764 3014 868 3071 lusus:
1212 3016 1293 3072 XCV.
1311 3048 1342 3057 -
1358 3016 1422 3088 Ejes
1436 3014 1616 3087 epitaphium.

129 3103 165 3160 Ut
180 3109 250 3177 quot
265 3104 397 3162 membra
412 3104 479 3171 lere,
496 3107 538 3159 tet
553 3107 668 3176 gestent
688 3102 808 3158 vulnera
832 3105 923 3162 Persae
941 3123 948 3163 :
965 3083 986 3151 C
1006 3107 1053 3163 Sic
1069 3110 1177 3176 monet,
1194 3111 1222 3162 et
1236 3104 1323 3178 paulo
1339 3109 1496 3161 cunctatus
1511 3103 1616 3161 transit
1631 3104 1669 3161 ad
1682 3104 1769 3168 illum

128 3193 202 3267 Ergo
217 3211 257 3255 aa
274 3193 389 3251 miseris
405 3191 548 3265 quidquid
566 3196 681 3248 tenetur
696 3193 731 3249 ab
747 3192 806 3249 illis
823 3210 828 3249 :
1004 3197 1095 3261 Quem
1111 3212 1204 3263 mens,
1221 3211 1308 3267 quem
1323 3193 1410 3261 vires,
1426 3207 1513 3265 quem
1528 3207 1582 3247 vex
1597 3190 1686 3247 coluit
1705 3210 1759 3250 sua
1772 3194 1823 3250 Je-

127 3282 264 3338 Namnec
279 3299 379 3357 pugna
392 3282 491 3355 lugam
508 3281 629 3348 solatur,
646 3298 697 3337 nec
711 3283 780 3356 luga
794 3299 923 3355 pugnam
940 3303 946 3340 :
1660 3322 1664 3334 .
1729 3279 1821 3355 [sum.

127 3371 241 3431 Turcus
256 3375 352 3427 utram
367 3376 455 3438 tenet,
470 3377 606 3426 neutram
622 3371 776 3444 procedere
791 3373 898 3444 gaudet
914 3390 921 3429 :
1003 3372 1054 3427 Vir
1068 3371 1168 3446 magni
1185 3371 1290 3440 meriti,
1306 3371 1351 3426 ιιι
1365 3373 1468 3444 quovis
1483 3374 1591 3450 dignus
1606 3373 1725 3442 honore,

127 3457 163 3515 Ut
177 3477 265 3532 pecus
280 3476 347 3535 ergo
363 3460 448 3531 perit,
465 3458 519 3530 leo,
536 3459 582 3515 cui
598 3458 753 3532 leopardus
767 3460 891 3517 lnhaesit.
1000 3461 1052 3516 Vir
1066 3462 1174 3535 dIgnus
1190 3460 1285 3528 titulo,
1299 3460 1324 3517 si
1342 3477 1399 3519 non
1416 3463 1535 3535 potiore,
1551 3463 1596 3520 vel
1611 3461 1677 3530 iste.

244 3548 339 3605 XCIII.
356 3579 390 3588 —-
406 3549 544 3603 rlrteaium
557 3556 677 3603 cestram
692 3548 824 3604 redditor.
1000 3551 1140 3607 Conditus
1154 3554 1199 3605 est
1213 3548 1320 3624 ltleyssss
1336 3549 1518 3611 clarissimus
1533 3551 1581 3609 hle
1596 3549 1726 3606 imitator

124 3637 164 3694 De
179 3642 261 3695 tanta
275 3637 362 3693 turba
377 3654 486 3711 paucos
502 3639 570 3709 tuga
586 3637 688 3705 salvat,
704 3642 732 3693 et
749 3637 818 3693 ulna
834 3657 840 3695 :
1034 3639 1180 3709 Doctrina,
1197 3639 1304 3705 studia,
1320 3639 1462 3713 moribus,
1475 3640 1580 3696 alticio.

123 3726 170 3783 Sic
185 3725 251 3782 aliis
265 3726 376 3792 stratis,
393 3725 458 3783 eliis
474 3727 630 3782 sternendo
648 3726 766 3799 lugetis,
1000 3734 1061 3784 Dux
1076 3727 1175 3801 pepuli
1191 3731 1313 3801 Moyses,
1330 3732 1358 3784 et
1372 3729 1430 3784 dux
1445 3729 1545 3804 pepuli
1560 3729 1616 3785 luit
1631 3728 1686 3786 iste
1702 3745 1709 3784 :

122 3816 256 3882 Castrum
270 3820 357 3875 restat
373 3815 467 3871 adhuc
483 3815 597 3883 Turcis,
615 3815 748 3888 belloque
765 3816 914 3886 refertam,
1032 3819 1124 3873 Ambe
1141 3818 1230 3873 duces
1246 3815 1363 3884 Christi,
1378 3817 1492 3875 coelitus
1508 3818 1595 3875 ambo
1607 3818 1674 3886 sati,

121 3903 222 3968 Restat
236 3904 341 3973 adbuc,
358 3904 547 3977 iuquam,sed
566 3904 788 3977 lnexpugnabile
801 3911 941 3979 tanquam
995 3908 1088 3963 Ambe
1099 3905 1231 3978 justitiae,
1249 3905 1388 3962 doetrinae
1404 3907 1490 3965 ambo
1506 3906 1632 3966 studiosi
1649 3923 1656 3962 :

120 3993 265 4059 Quiddam
281 4010 339 4049 nen
354 3986 507 4050 hominum
525 3993 675 4061 l'uerit,sed
691 3994 801 4050 lubrica
815 3995 914 4052 divum
932 4013 939 4052 :
1030 3996 1123 4052 Ambo
1139 3996 1218 4051 luero
1233 3994 1284 4050 Dei
1298 4012 1353 4051 vox
1368 3996 1464 4053 media
1478 4001 1506 4053 et
1521 3995 1632 4069 populi.

120 4081 260 4155 Pergama
275 4082 412 4156 Neptuni,
430 4082 530 4139 Phoebi
545 4082 641 4150 llium,
658 4073 815 4156 utrumque
831 4085 926 4142 utrius
995 4085 1094 4140 Causae
1109 4084 1159 4140 vie
1175 4083 1283 4157 Moysis
1297 4082 1385 4141 tellus
1400 4084 1547 4141 chanaam
1563 4089 1759 4153 memoratur,

872 4175 940 4247 [que
1031 4173 1101 4229 tluic
1118 4189 1235 4246 quoque
1249 4190 1339 4229 causa
1353 4172 1404 4229 viae
1419 4179 1496 4231 terra
1510 4173 1565 4230 suit
1580 4174 1729 4239 Chanaam
1747 4189 1755 4228 ι

116 4258 228 4405 fiellata
241 4261 448 4332 humanatum,
460 4267 601 4335 quantum
619 4261 676 4318 illis
691 4266 793 4319 catera
808 4265 936 4334 cedunt;
992 4263 1126 4328 Cernere,
1143 4279 1200 4318 non
1215 4262 1255 4317 uti
1271 4261 1363 4335 Moysi
1375 4261 1544 4319 conceditur
1558 4262 1609 4319 illa
1624 4279 1631 4318 :

142 4350 169 4406 la
184 4355 282 4407 tamen
298 4352 390 4424 pubes
406 4351 550 4408 socierum
567 4351 669 4407 territa
684 4352 770 4419 caede,
1029 4352 1101 4408 lluio
1116 4368 1232 4424 quoque
1248 4368 1305 4411 non
1321 4351 1374 4418 uti,
1390 4368 1507 4410 cernere
1523 4352 1613 4409 lernae
1627 4352 1730 4407 datum
1745 4355 1800 4407 est.

114 4437 161 4494 Nil
176 4439 231 4495 sibi
248 4441 397 4507 conlidens
413 4457 492 4513 opes,
509 4456 590 4512 teque
606 4457 717 4514 pauper
731 4445 760 4497 et
773 4457 875 4514 expers
891 4460 897 4498 :
951 4451 974 4515 Ι)
991 4443 1089 4514 Longa
1102 4441 1161 4496 Deo
1176 4440 1293 4512 Moysen
1305 4440 1420 4512 jejunia
1434 4440 1650 4508 conciliarunt:

114 4527 187 4583 llinc
201 4527 282 4596 item,
298 4528 366 4585 inde
381 4546 479 4586 meras
494 4529 641 4585 examinat
658 4545 664 4585 ι
681 4546 749 4602 ergo
765 4546 913 4586 morarum
1027 4530 1110 4586 llune
1125 4545 1241 4601 queque
1256 4527 1343 4602 longa
1356 4529 1415 4587 Dee
1430 4533 1582 4596 consecrat
1595 4526 1718 4585 esuries.

113 4615 236 4679 Sublata
249 4619 370 4684 trutina,
387 4618 588 4691 preponderat
602 4622 632 4673 et
646 4617 741 4690 placet
755 4617 809 4674 ire:
991 4621 1056 4692 lpse
1072 4619 1150 4674 Deus
1164 4618 1294 4690 Moysen,
1311 4617 1390 4674 hunc
1405 4618 1637 4692 paanrbanus,
1653 4621 1681 4683 et
1695 4616 1759 4695 ipse

111 4704 157 4762 Nil
173 4705 228 4763 sibi
244 4724 312 4763 eum
329 4707 458 4776 Francis,
475 4706 517 4762 nil
533 4723 600 4762 cum
616 4706 784 4764 caelestibus
800 4708 889 4764 armis
1025 4709 1120 4764 Praeco
1136 4706 1187 4764 Dei
1204 4707 1347 4780 sequitur,
1364 4708 1445 4764 misit
1461 4713 1617 4783 utrumque
1631 4706 1725 4773 [leus.¹

109 4794 220 4852 Alunt:
238 4801 304 4871 pest
319 4797 409 4853 victos
426 4812 599 4869 superorum
616 4795 735 4852 numine
751 4797 871 4853 Tereos.
987 4814 1080 4871 xqvp,
1097 4846 1131 4855 ..
1148 4813 1301 4870 pancrgdu,
1319 4830 1382 4871 cum
1405 4816 1585 4875 pomam
1607 4821 1633 4875 ,ι
1656 4814 1812 4875 pwmsoe

110 4884 257 4949 Quosdam
274 4885 309 4940 de
324 4883 431 4958 popule
448 4883 622 4953 ltaimendi;
640 4884 699 4940 sive
715 4889 829 4941 coactos
1190 4886 1334 4941 coruitttus
1349 4890 1475 4942 Murram
1489 4880 1601 4942 obsidet.
1737 4872 1741 4883 ’

108 4971 210 5029 Esurio
226 4973 305 5029 dIras
320 4978 455 5046 captosve
471 4972 607 5046 cupidine
624 4972 717 5043 lalso;
1022 4976 1179 5047 Postquam
1195 4975 1266 5030 urbs
1281 4978 1377 5048 capta,
1388 4975 1500 5032 vicoras
1512 4975 1603 5050 gazis,
1614 4973 1706 5040 victos
1722 4973 1810 5053 cedis

107 5059 223 5119 Christo
239 5059 416 5133 posthabito,
433 5060 585 5116 ltlahnmet
596 5063 665 5133 jura
680 5060 817 5131 colentes,
985 5064 1041 5120 bus
1056 5065 1190 5132 donatos,
1205 5063 1277 5119 alios
1293 5062 1444 5120 abhumili
1458 5063 1604 5120 adsidere
1618 5059 1814 5131 extulit,alios

107 5149 364 5207 T.urcatoseade1n
381 5167 439 5221 qna
455 5151 565 5206 Turces
580 5150 709 5206 claustra
724 5152 869 5207 tenebant.
985 5153 1039 5216 sub
1056 5159 1165 5209 tartara
1180 5171 1196 5209 a
1211 5153 1281 5209 luxu
1296 5158 1324 5208 et
1338 5152 1459 5227 crapula
1473 5152 1810 5218 submersit:Beamun·

106 5236 152 5301 llli
165 5236 291 5296 consulti
305 5237 372 5310 quis
387 5239 480 5311 major
495 5237 746 5308 Christicolarum,
984 5242 1039 5297 dus
1053 5241 1214 5298 Antiochiae
1229 5241 1426 5315 principatum
1439 5243 1574 5319 adeptus,
1584 5240 1620 5297 ed
1636 5239 1809 5315 presidium

105 5325 210 5392 Quisve
225 5326 281 5382 fide
296 5325 399 5398 potior,
416 5327 462 5383 eui
478 5334 607 5385 castrum
624 5329 753 5398 reddere,
771 5328 817 5384 cui
833 5347 873 5397 se,
985 5331 1277 5400 manet;'l¹ancredus
1292 5330 1496 5388 intermissum
1511 5331 1562 5388 vie
1572 5329 1704 5402 laborem
1712 5329 1810 5387 rodin-

104 5412 156 5471 Cui
173 5430 227 5470 sua
242 5414 281 5471 sit
295 5420 391 5471 tutum
409 5433 416 5472 ε
434 5417 601 5474 Raimundo
617 5418 734 5473 credere
749 5418 882 5476 suadent.
981 5423 1086 5492 tegrat;
1094 5419 1233 5493 algorem,
1249 5424 1364 5487 astum,
1380 5417 1521 5488 inediam,
1535 5418 1627 5493 sitIm,
1642 5417 1806 5497 montibus,

103 5501 155 5565 Ille
168 5503 225 5564 ilde
240 5505 346 5583 potior,
362 5522 470 5582 comes,
487 5507 582 5578 aiunt,
597 5507 820 5597 reboreflmajer.
981 5507 1557 5602 valhhus,agris,monioipiis,pralert:ad
1573 5524 1704 5587 queram
1716 5524 1807 5589 ame-
