3816 6006
100 262 161 324 837
473 263 683 328 FUlAlllllllll
705 265 876 330 GARNO'I'.
896 263 1001 330 aler.
1024 265 1230 330 eletosot.
1246 265 1372 329 -Lta
1395 265 1421 331 l.
1740 271 1802 336 8³8

99 396 187 457 sitate
203 397 250 467 pio
265 396 411 464 subvenit)
426 395 568 468 paulatim
589 399 719 472 vigorem
744 404 814 455 ωηο
839 401 924 457 nobis
938 399 967 468 Α
981 398 1803 473 linguisdivisieremustanquamtratres,subdilcctione

100 485 249 560 praestitit,
270 489 298 541 et
323 486 434 541 ‘lurcos
459 488 554 560 magis
579 489 732 562 magisque
756 490 925 546 debilitavit.
980 487 1042 556 Dei,
1058 493 1087 544 et
1102 488 1236 561 proximi,
1255 489 1409 546 unanimes
1424 506 1488 546 esse
1501 490 1803 565 videbamur.Nam,si

98 577 174 634 Nam
189 574 259 630 visis
276 573 421 630 consociis
437 576 556 641 nostris,
573 577 622 650 qui
639 578 777 650 postremi
793 595 928 651 propera·
981 579 1016 634 dc
1033 579 1120 634 rebus
1136 579 1199 636 suis
1214 580 1320 653 aliquis
1335 580 1445 652 aliquid
1459 581 1602 653 perderet,
1627 599 1679 654 per
1699 599 1803 655 quam,-

97 667 171 722 bent
185 665 220 721 ad
237 664 437 735 adjuvandum
454 681 517 730 nos,
534 665 689 723 laudantes
713 668 816 736 Deum,
833 669 925 724 suda·
980 665 1124 739 plurimos
1138 668 1200 724 dies
1215 667 1244 723 id
1261 668 1804 743 diligentertandiuquiinvenissctde·

96 754 174 812 ciam
188 752 404 825 resumpsimus
429 758 457 809 et
482 770 534 826 per
559 755 661 811 turbas
683 760 710 813 et
736 755 870 813 cohortes
884 758 926 812 eis
980 755 1068 812 ferret
1084 774 1195 826 seeum,
1211 758 1302 814 donec
1318 758 1493 831 inquirendo
1508 759 1592 815 illum
1607 759 1806 834 quiperdidis·

96 843 234 901 resistere
250 841 307 897 nisi
324 842 428 899 simus.
444 841 527 898 Heu!
545 849 616 915 quot
631 845 666 900 de
682 846 790 920 nostris
804 846 850 902 die
875 845 926 903 illo
980 850 1024 901 set
1038 847 1188 918 reperiret,
1213 851 1241 904 et
1264 847 1415 903 inventum
1443 848 1567 904 libenter
1581 849 1724 905 redderet.
1745 854 1806 907 Hoc

97 938 166 1007 post
180 949 234 988 nos
248 930 325 988 lente
339 931 489 988 venientes
503 931 593 988 invia
608 932 777 990 occiderunt
789 932 927 1008 lAprima
979 935 1057 990 enim
1074 937 1213 1008 competit
1228 936 1274 992 his
1290 935 1342 1008 qui
1352 937 1433 1007 juste
1448 937 1679 1010 peregrinantur.

97 1022 158 1079 diei
174 1022 245 1078 hora
263 1037 356 1094 usque
373 1021 546 1089 adsertam,
563 1039 626 1088 nos,
652 1025 684 1078 ut
708 1023 777 1092 dixi,
803 1029 927 1098 angusto
1303 1025 1417 1083 CAPUT
1428 1028 1475 1081 Vl.

98 1114 311 1178 coercuerunt;
328 1111 377 1165 sed
395 1114 465 1166 tunc
482 1108 622 1182 paulatim
639 1112 724 1168 nobis
746 1113 884 1169 animatis
898 1118 927 1169 et
1016 1114 1194 1169 Cumautem
1205 1113 1805 1188 adEracleamurbempervenissemus,vi-

99 1202 138 1259 de
152 1199 261 1258 nostris
276 1199 363 1256 sociis
374 1199 526 1266 concretis,
537 1200 630 1256 adsuit
641 1199 815 1258 mirabiliter
828 1202 926 1258 divina
979 1202 1078 1259 dimus
1094 1202 1211 1273 signum
1219 1202 1248 1258 in
1256 1202 1573 1276 coeloquoddam,quod
1581 1204 1704 1262 alburno
1711 1204 1807 1278 splen·

98 1291 205 1365 gratia,
222 1293 250 1345 et
264 1287 349 1362 quasi
365 1291 513 1344 momento
528 1289 692 1360 subitaneo,
710 1291 796 1346 'lurci
823 1307 926 1348 omnes
979 1292 1048 1347 dore
1064 1292 1181 1365 fulgens
1196 1296 1266 1348 tunc
1280 1291 1416 1365 apparuit
1430 1292 1459 1348 in
1476 1294 1595 1349 modum
1607 1293 1687 1351 ensis
1700 1295 1806 1368 ligura·

95 1380 212 1436 visibus
226 1375 333 1434 nostris
349 1377 436 1432 dorsa
458 1376 572 1450 fugitivi
595 1382 752 1433 verterunt.
778 1380 836 1435 Nos
859 1397 926 1436 vero
979 1384 1053 1448 tum,
1068 1381 1188 1454 cuspide
1202 1398 1304 1437 versus
1320 1381 1461 1437 orientem
1486 1386 1630 1454 protento.
1656 1383 1711 1439 Sed
1735 1383 1805 1456 quid

97 1473 166 1542 post
181 1484 230 1524 eos
245 1465 432 1522 vehementer
454 1466 656 1536 vociterantes,
681 1484 733 1540 per
755 1472 870 1524 montes
897 1472 927 1525 et
979 1470 1112 1525 futurum
1128 1470 1316 1542 promittebat
1330 1470 1544 1537 nesciebamus,
1556 1471 1806 1545 sedprasentiaet

97 1557 190 1615 valles
205 1555 348 1629 persecuti
366 1571 416 1610 eos
431 1571 555 1623 sumus;
571 1572 645 1627 quos
660 1556 761 1629 lugere
781 1575 837 1613 non
863 1574 927 1614 ces·
978 1559 1078 1614 sutura
1092 1558 1215 1615 Domino
1231 1558 1500 1615 committebamus.
1512 1561 1556 1615 Ad
1572 1559 1712 1634 oppidum
1729 1561 1806 1637 opti·

97 1648 241 1712 sacimas,
259 1644 350 1701 donec
366 1643 525 1700 anteriores
541 1645 634 1702 nzstri
650 1662 783 1703 cursores
810 1647 845 1702 ad
863 1651 925 1703 ten·
980 1663 1061 1702 mum
1079 1648 1237 1719 quoddam,
1255 1648 1333 1721 quod
1359 1647 1516 1705 Mariscum
1539 1649 1719 1720 nominatur,
1735 1655 1806 1708 tuno

98 1737 177 1795 toria
189 1751 290 1792 eornm
306 1739 509 1807 pervenerunt.
526 1733 578 1790 Ubi
595 1733 644 1789 alii
660 1735 696 1790 de
723 1736 810 1792 rebus
825 1753 924 1793 eorum
980 1736 1099 1808 profecti
1116 1754 1230 1802 sumus,
1248 1736 1298 1792 ubi
1323 1753 1375 1809 par
1394 1741 1454 1793 tres
1478 1738 1541 1795 dies
1556 1738 1732 1812 quievimus.
1749 1740 1805 1798 Sed

98 1831 129 1884 et
145 1828 179 1883 de
194 1822 330 1881 tentoriis
346 1822 928 1898 ipsisoneraverunteorumdemequoset
983 1841 1050 1879 cum
1075 1824 1178 1880 exhinc
1205 1825 1283 1880 viam
1309 1825 1398 1882 unius
1421 1825 1478 1881 diei
1500 1826 1764 1899 proculcassemus,
1780 1832 1809 1886 et

99 1914 231 1974 camelos
246 1911 357 1985 plures,
374 1929 448 1984 quos
473 1928 525 1983 pro
542 1911 714 1968 timoreillic
730 1913 928 1986 reliquerant3
984 1930 1042 1969 non
1070 1913 1150 1986 longi
1176 1914 1212 1969 ab
1237 1914 1392 1971 Antiochia
1413 1915 1511 1988 Syria,
1534 1917 1585 1973 sed
1607 1918 1691 1989 quasi
1709 1918 1806 1975 tribus

101 2004 233 2061 aliivcro
249 1999 809 2074 ‘lurcoslugientesusqueadnoctem
829 2020 930 2076 perse·
984 2003 1088 2059 diebus
1103 2019 1247 2069 essemus,
1265 2003 1300 2059 ab
1316 2004 1442 2060 exercitu
1472 2004 1605 2071 discessi,
1627 2007 1807 2065 otoumdo·

101 2092 164 2151 cuti
181 2095 257 2150 sunt.
275 2090 330 2147 Sed
346 2090 416 2163 quia
429 2088 555 2145 famelici
570 2094 599 2145 et
621 2090 732 2164 fatigati
757 2097 840 2149 orant
862 2093 929 2166 oqui
984 2090 1064 2146 mino
1089 2090 1232 2146 balduino
1254 2092 1368 2160 comite,
1393 2092 1540 2148 Godelridi
1575 2093 1659 2151 ducis
1686 2095 1807 2151 antefati

102 2180 208 2252 nostri,
225 2196 333 2256 paucos
354 2196 388 2236 ex
411 2179 454 2235 eis
482 2178 667 2235 retinuimus.
693 2180 808 2237 Grande
832 2188 930 2238 autem
984 2181 1082 2247 l'ratre,
1100 2180 1129 2235 in
1159 2179 1285 2236 sinistra
1309 2184 1421 2253 partem
1446 2180 1599 2253 provincia
1623 2182 1806 2240 divertimus.

102 2270 282 2330 miraculum
298 2269 348 2325 Dei
365 2268 430 2340 tuit,
446 2267 523 2341 quod
538 2267 585 2324 die
600 2268 727 2324 crastino
740 2272 860 2327 ettertio
872 2289 930 2328 non
985 2269 1052 2324 Erat
1066 2269 1174 2341 quippe
1189 2267 1273 2325 miles
1288 2286 1375 2341 quam
1393 2270 1533 2342 optimus,
1550 2271 1694 2344 probitate
1713 2276 1742 2328 et
1755 2290 1808 2332 au·

103 2365 293 2419 cessaverunt
313 2359 423 2431 lugere,
436 2357 571 2430 quamvis
586 2374 635 2414 eos
650 2358 760 2426 nullus,
776 2359 832 2416 nisi
849 2361 930 2418 solus
985 2359 1068 2415 dacia
1095 2358 1179 2414 valde
1207 2359 1359 2427 famosus;
1385 2359 1435 2431 qui
1451 2365 1538 2416 antea
1558 2359 1657 2418 relicto
1681 2361 1807 2419 exercitu

103 2452 194 2519 Deus,
210 2448 338 2523 amplius
354 2448 476 2520 fugaret.
492 2446 533 2502 De
549 2451 734 2504 tantaautem
747 2449 931 2509 victorianae
984 2466 1051 2503 cum
1067 2448 1125 2504 illis
1141 2464 1214 2521 quos
1230 2464 1329 2504 secum
1345 2447 1437 2517 duait,
1462 2449 1576 2519 urbem,
1603 2467 1692 2523 quam
1706 2451 1809 2509 dicunt

102 2542 173 2598 facti
190 2537 341 2604 latissimi,
357 2538 415 2593 Deo
431 2538 540 2609 gratias
556 2552 658 2593 omnes
671 2537 932 2613 exsolvimus,quia
985 2538 1130 2593 Thareum
1154 2536 1268 2604 Silicis,
1294 2554 1368 2593 ausu
1384 2555 1490 2611 magno
1515 2544 1648 2612 ceperat;
1664 2558 1753 2614 quam
1767 2545 1809 2598 ta·

103 2629 200 2688 noluit
213 2629 269 2685 iter
283 2630 416 2683 nostrum
433 2624 552 2681 omnino
567 2625 735 2692 adnihilari,
749 2629 799 2684 sed
826 2630 860 2684 ad
878 2629 930 2685 ho·
985 2644 1052 2681 nien
1080 2626 1229 2681 'lancredo
1254 2625 1393 2682 violenter
1415 2626 1546 2694 abstulit,
1573 2627 1623 2700 qui
1648 2629 1712 2700 jam
1728 2629 1758 2685 in
1773 2646 1808 2687 ea

103 2736 207 2776 norem
223 2719 269 2775 sui
292 2722 320 2773 et
344 2714 595 2782 Christianitanis,
620 2714 821 2773 honorabilius
846 2719 930 2776 solito
985 2714 1119 2770 homines
1135 2732 1215 2781 suos,
1232 2715 1335 2771 Turcis
1349 2714 1375 2770 ei
1390 2715 1651 2785 consentientibus,
1673 2716 1807 2774 intromi-

103 2808 271 2884 prosperari
289 2825 296 2863 :
314 2806 429 2862 undeab
445 2803 555 2860 oriente
570 2821 664 2877 usque
679 2805 714 2860 ad
731 2822 868 2862 occasum
889 2809 931 2863 sa·
985 2808 1072 2859 serat.
1094 2802 1213 2859 llelictis
1240 2804 1338 2876 itaque
1366 2802 1408 2860 ibi
1436 2804 1618 2872 custodibus,
1649 2805 1809 2864 Balduinus

102 2915 153 2955 ma
168 2894 338 2970 personabit
353 2892 499 2967 perennis.
516 2894 592 2948 Tum
607 2892 725 2965 quidem
738 2900 803 2966 post
813 2913 862 2951 eos
878 2897 932 2953 iter
985 2893 1021 2947 ad
1034 2892 1192 2948 exercitum
1208 2891 1303 2947 rediit.
1320 2894 1420 2964 ltaque
1430 2892 1580 2949 confidens
1595 2893 1625 2948 in
1640 2893 1810 2962 Domino,et

102 2991 241 3044 nostrum
257 2985 387 3040 modeste
402 2981 589 3038 calcavimus.
607 2982 693 3038 Turci
709 3001 776 3040 vero
796 2989 862 3040 ante
878 3003 931 3042 nos
985 2982 1015 3036 in
1031 2981 1125 3036 valore
1141 2997 1204 3049 suo,
1221 2980 1338 3053 collegit
1352 2996 1451 3036 secum
1468 2978 1577 3038 milites
1592 2984 1808 3055 paucos,proil·

102 3075 250 3150 fugientes
265 3071 433 3130 catervatim
449 3071 675 3144 mansionesper
685 3073 858 3129 Romaniam
875 3074 931 3130 sibi
986 3070 1098 3125 cisccns
1109 3086 1210 3125 versus
1225 3067 1809 3143 Euphratemfluviumetcomprehendit

101 3165 293 3240 quesierunt.
318 3163 394 3217 Tum
418 3159 599 3233 perreximus
622 3160 818 3231 Antiochiam,
841 3180 931 3234 quam
946 3138 968 3206 C
986 3158 1026 3213 ibi
1042 3163 1138 3213 castra
1152 3155 1280 3228 plurima
1294 3162 1353 3211 tam
1369 3157 1396 3212 vi
1411 3173 1499 3229 quam
1515 3157 1642 3231 ingenio.
1659 3159 1807 3233 Interque

104 3253 323 3329 praenominant
338 3267 466 3324 parvam,
483 3248 512 3304 in
529 3248 677 3322 provincia
702 3249 807 3320 Psidie,
828 3251 931 3309 deinde
986 3264 1078 3301 unum
1094 3246 1170 3317 cepit
1185 3244 1391 3317 peroptimum,
1408 3244 1486 3317 quod
1509 3249 1629 3303 vocatur
1651 3248 1806 3306 Turbares.

101 3337 932 3413 Iconium:inquibusregionibus,sapissimepaneci·
984 3336 1043 3392 Ηοο
1059 3334 1178 3407 pacifico
1194 3334 1382 3390 reddiderunt
1410 3333 1436 3389 ei
1461 3333 1511 3407 qui
1536 3335 1566 3390 in
1582 3350 1615 3391 eo
1635 3335 1809 3393 habitabant
1876 3337 1880 3345 '

101 3434 253 3504 bariisque
267 3429 339 3487 satis
354 3428 548 3501 indiguimus.
572 3427 646 3483 Nam
667 3428 840 3485 Romaniam
865 3448 929 3503 quae
983 3424 1124 3491 Armenii,
1150 3428 1179 3478 et
1200 3421 1258 3478 alia
1278 3422 1406 3495 plurima
1430 3421 1499 3478 huic
1522 3422 1649 3479 subdita.
1670 3424 1743 3480 Cum
1758 3441 1808 3482 au·

101 3528 182 3580 terra
197 3526 241 3579 est
256 3519 367 3594 optima
378 3522 407 3574 et
421 3516 604 3573 fertilissima
618 3517 761 3573 bonorum
784 3519 928 3589 omnium,
983 3518 1043 3570 tem
1058 3515 1137 3569 tama
1151 3512 1186 3568 de
1199 3528 1232 3567 eo
1248 3510 1334 3585 longe
1347 3511 1463 3584 lateque
1476 3511 1540 3583 Jam
1556 3512 1807 3587 circumvolasset,

101 3610 270 3669 invenimus
284 3607 367 3664 valde
382 3624 399 3662 a
413 3605 517 3663 Turcis
533 3610 677 3662 vastatam
693 3609 721 3662 et
735 3607 927 3680 deploratam.
984 3602 1065 3658 misit
1077 3602 1113 3658 ad
1130 3616 1197 3657 eum
1212 3599 1386 3673 legationem
1403 3600 1452 3672 qui
1469 3599 1605 3675 princeps
1615 3601 1808 3660 eratcivitatis

102 3699 254 3758 Multoties
265 3703 361 3754 tamen
378 3695 516 3753 videretis
530 3699 642 3751 tantam
658 3696 754 3769 gentis
769 3696 931 3753 multitudi-
984 3691 1079 3762 bosia,
1096 3690 1124 3746 id
1140 3695 1185 3746 est
1197 3689 1320 3757 Edessa,
1338 3706 1401 3762 qua
1417 3689 1489 3745 satis
1504 3693 1549 3745 est
1564 3690 1757 3761 nominata,et
1771 3691 1808 3748 de

101 3805 170 3847 nem
187 3788 224 3844 de
239 3787 314 3844 raris
330 3786 465 3852 culturis,
479 3802 553 3858 quas
569 3785 715 3841 interdum
732 3802 784 3856 per
807 3785 870 3842 loca
885 3787 929 3842 in·
984 3781 1069 3837 bonis
1084 3783 1166 3835 terra
1179 3779 1336 3835 uberrima.
1352 3779 1404 3834 Est
1417 3777 1468 3834 illa
1483 3778 1514 3835 in
1529 3779 1739 3851 Mesopotamia
1758 3781 1808 3855 Sy·
1844 3806 1847 3810 Δ

99 3877 302 3941 veniebamus,
333 3875 405 3932 bene
431 3873 596 3942 refocillari,
622 3871 825 3946 supplemento
849 3875 930 3932 illius
984 3869 1044 3936 riae,
1060 3874 1141 3923 trans
1157 3867 1808 3942 dumenpradictumlluphratemvigintilere

100 3967 164 4035 Dei,
181 3966 232 4039 qui
249 3966 284 4021 de
300 3963 429 4036 quinque
458 3962 583 4035 panibus
607 3967 635 4017 et
659 3963 775 4019 duobus
799 3963 929 4036 piscibus
984 3957 1171 4023 milliariis,et
1186 3957 1221 4013 ab
1236 3956 1390 4012 Antiochia
1404 3955 1517 4013 distans
1531 3957 1615 4029 quasi
1631 3961 1748 4014 centum
1762 3957 1808 4015 vel

100 4056 233 4130 quinque
249 4053 342 4109 miilia
357 4052 511 4109 hominum
528 4051 634 4106 cibavit
650 4051 929 4127 (Mattianum-21),
984 4046 1070 4121 paulo
1082 4045 1159 4120 plus.
1177 4045 1332 4101 Mandatus
1347 4048 1391 4102 cst
1405 4045 1504 4118 itaque
1519 4044 1680 4102 Bnlduiuus
1691 4050 1723 4102 ut
1737 4045 1808 4105 illuc

101 4145 173 4202 lnde
190 4143 263 4200 satis
273 4141 456 4210 laetabamur,
473 4144 500 4196 et
513 4139 741 4212 congaudentes,
754 4140 830 4195 dona
845 4141 930 4197 mise·
983 4138 1048 4204 iret,
1065 4141 1094 4191 et
1105 4136 1290 4191 elficerentur
1304 4134 1427 4190 invicem
1443 4133 1541 4202 amici,
1564 4135 1697 4206 quandiu
1721 4137 1807 4194 ambo

100 4233 233 4290 ricordia
249 4233 299 4288 Dei
315 4232 376 4287 hac
396 4246 461 4286 esse
485 4228 705 4301 profitebamur.
732 4228 815 4284 'lunc
830 4234 928 4286 autem
981 4227 1121 4292 viverent,
1136 4228 1278 4296 tanquam
1295 4227 1376 4295 pater
1389 4222 1516 4279 etfilius.
1533 4224 1614 4289 Quod
1631 4224 1655 4280 si
1670 4224 1730 4280 dus
1744 4224 1807 4298 ipse

98 4340 166 4380 vere
182 4320 226 4378 vel
239 4321 384 4392 rideretis,
408 4319 453 4374 vel
479 4318 601 4373 forsitan
628 4316 734 4389 pietate
758 4317 930 4392 lacrymare·
983 4316 1148 4371 Edessenus
1164 4313 1237 4369 sorte
1252 4311 1353 4380 obiret,
1371 4311 1469 4367 statim
1482 4311 1807 4379 Balduinus,acsitllius

99 4411 185 4480 mini,
201 4427 269 4466 cum
287 4407 372 4464 multi
388 4411 524 4463 nostrum
545 4405 691 4478 jumentis
717 4411 835 4479 egentes
860 4409 930 4480 quia
983 4407 1048 4476 ejus
1061 4408 1148 4470 esset,
1165 4402 1266 4458 urbem
1283 4405 1311 4456 et
1326 4405 1433 4456 terram
1450 4406 1808 4477 suam,quantamcunque

97 4502 135 4557 de
155 4500 219 4556 suis
230 4499 293 4570 jam
309 4497 402 4553 multa
425 4495 621 4568 perdiderant,
646 4511 790 4564 verveces,
816 4513 930 4570 capras,
944 4509 968 4574 D
985 4493 1164 4566 possidebat,
1175 4491 1205 4546 in
1220 4489 1386 4547 haereditate
1400 4488 1570 4562 possideret.
1581 4490 1644 4545 Non
1659 4492 1738 4547 enim
1753 4492 1805 4549 ha·

98 4607 180 4657 sues,
195 4605 293 4656 canes,
309 4587 344 4642 de
359 4585 446 4643 rebus
458 4584 531 4652 suis,
548 4582 659 4640 scilicet
670 4583 777 4655 pannis
796 4584 840 4641 vel
850 4587 930 4657 pani·
985 4583 1071 4638 behet
1084 4580 1178 4636 filiurn
1195 4596 1248 4635 nec
1263 4578 1364 4634 filiam.
1380 4579 1415 4634 Et
1429 4578 1594 4650 quoniame
1608 4579 1806 4638 'lurcissede-

98 4680 166 4745 hus,
183 4694 236 4734 seu
251 4675 380 4750 qualibet
396 4673 511 4731 sarcina
522 4671 816 4745 peregrinorumusui
828 4690 923 4730 neces·
979 4671 1095 4728 tendere
1111 4687 1169 4726 non
1185 4672 1308 4741 poterat,
1325 4667 1439 4724 volebat
1452 4667 1569 4725 Graecus
1583 4667 1631 4724 ille
1641 4673 1706 4725 etse
1715 4673 1807 4732 etter.

98 4766 178 4824 saria
192 4765 362 4823 onerabant.
380 4765 509 4829 Quarum
525 4759 715 4816 bestiolarum
724 4760 926 4834 tergavideba-
982 4777 1044 4816 ram
1060 4776 1145 4814 suam
1161 4758 1197 4813 ab
1213 4759 1276 4830 ipso
1289 4756 1429 4812 balduino
1440 4756 1806 4830 detendi,quemetmilites

98 4873 178 4924 mus,
208 4853 284 4910 mole
309 4852 397 4909 lascis
424 4850 521 4923 gravis
549 4865 613 4905 esse
637 4854 783 4922 corrupta.
808 4850 928 4922 Equites
982 4865 1051 4906 suos
1067 4846 1220 4903 bellatores
1236 4846 1365 4902 adiverat
1379 4863 1443 4902 esse
1464 4846 1666 4920 probissimos.
1681 4850 1741 4905 Hoc
1756 4865 1807 4905 au·

97 4944 186 5000 etiam
203 4959 294 5014 supra
308 4941 395 4997 boves
411 4956 478 4994 cum
494 4938 585 4994 armis
600 4937 662 4993 suis
678 4937 825 4993 interdum
842 4956 927 4995 scan-
981 4938 1052 5004 dito,
1067 4942 1222 5009 postquam
1234 4934 1654 5009 legatijurejurandolecerunt
1664 4936 1806 4996 eumiude

97 5032 217 5087 dehent.
234 5030 290 5087 Sed
306 5030 374 5102 quis
390 5045 520 5100 unquam
537 5024 696 5082 audivittot
711 5026 806 5081 tribus
819 5026 927 5099 lingua
982 5025 1144 5083 credulum.
1160 5041 1228 5081 cum
1245 5022 1716 5091 minimoexercitulosuo,scilicet
1729 5031 1807 5084 oete-

94 5120 127 5176 in
143 5137 202 5177 uno
216 5118 353 5187 exercitu,
370 5135 436 5175 cum
450 5117 490 5172 ibi
506 5117 645 5172 adessent
666 5114 779 5180 Franci,
796 5115 926 5187 Flandri,
981 5115 1062 5188 ginta
1077 5114 1229 5182 militibus,
1246 5117 1368 5187 pergent
1391 5112 1508 5169 transiit
1530 5113 1720 5186 Euphratem.
1744 5117 1805 5183 Quo

97 5207 185 5277 Frisi,
206 5207 292 5275 Galli,
312 5207 434 5274 Britoni,
454 5204 633 5278 Allobroges,
661 5203 840 5276 Lotharingi,
862 5204 927 5260 Ale·
982 5204 1116 5269 transito,
1132 5207 1287 5259 noctetota
1302 5217 1476 5276 perpropere
1488 5218 1577 5275 prope
1592 5208 1689 5259 castra
1704 5203 1805 5261 Sarra·

97 5298 213 5364 manni,
243 5292 613 5368 BnJ'oarii,¹Northmanni,
658 5293 760 5361 Scotti,
803 5290 927 5365 Anglici,
982 5307 1131 5357 cenorum,
1148 5291 1217 5346 hinc
1231 5296 1259 5347 et
1274 5292 1341 5347 inde
1356 5289 1522 5362 linquentes
1537 5307 1580 5358 ea,
1603 5291 1685 5348 valde
1709 5292 1806 5365 pavidi

95 5385 248 5461 Aquitani,
265 5384 339 5453 Itali,
355 5382 454 5457 Apuli,
477 5381 563 5452 lberi,
590 5381 670 5450 Daci,
696 5381 796 5449 Grani,
826 5383 926 5438 Arme·
981 5380 1173 5453 perreximus.
1190 5381 1271 5446 Quod
1285 5397 1353 5436 cum
1365 5379 1522 5459 ¹audissent
1535 5379 1622 5436 Turni
1639 5381 1689 5454 qui
1705 5380 1736 5437 in
1751 5381 1806 5438 Sa·

96 5474 164 5532 aiii
179 5472 262 5541 Quod
277 5473 303 5530 si
318 5472 404 5530 vellet
419 5486 467 5526 me
483 5469 594 5543 alloqui
608 5469 777 5539 Britannus,
791 5469 835 5527 vel
851 5471 927 5526 Teu·
981 5472 1093 5524 mosate
1108 5468 1214 5542 oppido
1230 5469 1297 5525 lorti
1312 5472 1405 5538 erant,
1420 5467 1543 5526 insidias
1553 5469 1637 5527 nobis
1649 5469 1680 5527 in
1694 5468 1806 5544 via,per

94 5562 226 5635 tonicae,
243 5566 346 5620 neutro
361 5561 537 5637 respondere
561 5575 705 5648 saperem.
730 5559 787 5618 Sed
811 5558 863 5634 qui
884 5561 928 5620 tot
981 5573 1071 5634 quam
1086 5558 1180 5618 ituros
1195 5573 1249 5618 nos
1269 5557 1477 5645 opinabantur,
1495 5559 1722 5636 pretenderunt.
1747 5557 1805 5621 Sed
