3816 6006
104 189 184 253 tata

600 192 798 255 anundus.
817 221 856 235 -
870 187 1073 250 nauatam
1095 188 1305 253 annuatis.

1739 189 1815 253 lili

102 324 301 399 questrabitur
315 327 491 398 haereditata,
508 326 580 384 nibil
604 326 750 399 accipiens
766 324 823 380 uisi
840 327 924 380 aeter·
938 321 967 390 Α
980 326 1083 394 tentat,
1100 327 1133 379 ut
1147 323 1242 380 diseat
1256 323 1333 397 quod
1351 323 1477 398 ignorat.
1492 323 1581 382 Juxta
1592 339 1667 380 vero
1682 325 1814 398 tropolo-

102 431 170 469 nam
186 415 415 484 damnationem,
434 418 572 489 quoniam
598 417 627 472 in
652 415 706 472 hac
731 414 789 470 vita
817 412 924 486 recepit

101 503 177 560 bona
187 522 250 560 sua.
264 505 389 577 Populus
399 523 464 562 vero
475 506 596 573 electus,
609 506 659 578 qui
671 508 714 562 est
726 503 803 559 lilius
813 503 921 569 liberae,

101 593 289 649 constituitur
309 595 401 652 hares
425 595 526 668 patris,
544 600 573 650 et
588 611 667 650 nuria
684 592 835 659 electione,
851 597 880 646 et
894 591 923 646 in

100 682 198 738 futuro
213 683 441 739 confirmatione.
454 684 536 739 Nunc
552 682 750 756 spiritualium
767 683 922 748 bonarum,

100 774 128 827 c't
154 772 183 826 in
213 773 310 828 futuro
335 772 495 828 eoelestium
519 773 715 846 piramiorum.
733 772 786 827 Nus
814 771 923 843 itaque,

101 860 204 917 fratres
220 860 286 930 mei,
303 862 409 918 Christi
426 862 567 934 sanguine
583 861 708 928 liberati,
728 862 793 932 jam
806 877 861 916 noa
875 876 924 915 su-

101 955 164 1005 riucs
177 949 231 1023 sitii
242 953 421 1023 ancittmseet
431 953 571 1018 titre›·a',si
583 956 680 1008 taiueu
693 969 749 1006 nou
762 950 925 1006 seeundum

102 1057 229 1107 carnem,
247 1042 295 1097 scd
312 1043 474 1098 secuudum
490 1043 626 1114 spiritum
638 1040 808 1108 visiiuus3si
821 1045 923 1107 Deum,

103 1147 161 1186 nen
187 1131 330 1187 muudum
355 1131 515 1205 diligimus,
532 1132 556 1187 si
573 1130 711 1198 ooelestiu,
728 1147 786 1185 uon
808 1133 925 1184 terrena

103 1219 314 1288 desideramus,
332 1221 356 1276 si
372 1221 540 1276 servitutem
562 1219 699 1276 vitiorum
716 1218 870 1291 fugientes,
889 1215 924 1271 li-

103 1309 245 1365 bertatem
273 1308 415 1364 virtutum
443 1315 600 1366 sectamur.
626 1306 866 1381 accipiemusque
894 1306 924 1361 iu

102 1397 200 1454 future
215 1403 352 1454 aternam
364 1398 573 1466 haereditatem,
586 1396 836 1471 incorruptibilem
848 1400 875 1452 et
885 1396 926 1451 in-

102 1487 330 1543 contaminatam
346 1493 546 1544 conservatam
562 1488 591 1543 in
607 1486 697 1556 omlis,
715 1491 748 1541 ut
762 1486 855 1542 simus
866 1492 925 1542 taa-

102 1578 185 1632 redes
210 1577 323 1650 quidem
345 1579 407 1646 Dei,
422 1579 583 1635 cohaeredes
597 1586 694 1633 autem
712 1577 818 1633 Christi
834 1576 923 1648 (licia.

102 1667 173 1739 vrri),
191 1667 331 1739 queniam
346 1668 382 1723 ad
400 1669 547 1723 dexteram
565 1667 648 1722 nobis
669 1666 771 1739 positis
787 1666 922 1721 dicetur:

104 1757 208 1825 Venite,
227 1757 367 1813 benedicti
383 1756 474 1813 Patris
489 1757 557 1823 urci,
573 1757 712 1827 percipite
724 1772 843 1825 requam
854 1755 929 1826 qaod

101 1848 179 1903 uobis
194 1857 332 1916 paratum
347 1856 389 1903 est
404 1849 440 1903 ab
464 1848 578 1918 oripiae
600 1847 707 1902 iurandi
720 1849 832 1914 (lletth.
850 1844 926 1916 xxv).

103 1937 195 2003 Quam
210 1935 400 1992 hereditatem
415 1936 559 2009 largiatur
584 1935 668 1992 uobis
684 1938 712 1991 et
727 1933 884 2007 promereri
901 1937 929 1989 et

103 2025 242 2097 consequi
255 2025 342 2080 lesus
359 2024 491 2080 Christus
507 2024 649 2081 Dominus
671 2029 780 2091 noster,
793 2023 843 2095 qui
860 2038 927 2078 cum

103 2113 186 2169 Patre
200 2117 228 2168 et
244 2112 352 2186 Spiritu
370 2116 470 2169 sancto
486 2112 554 2169 vivit
569 2116 596 2168 et
611 2117 713 2185 regnat
728 2112 926 2168 Deusltmen.

386 2220 536 2276 HOMlth
556 2220 639 2275 XLll.

253 2309 387 2348 nemausa
406 2309 518 2354 ausari
537 2307 775 2355 ouiumeasrun.

137 2380 741 2453 AbiitlesustransmareGatitaee,qaodeat
754 2380 925 2447 attenuata

101 2479 129 2528 et
140 2473 312 2544 sequebatur
326 2487 391 2526 eum
406 2470 560 2527 oruttitado
574 2485 690 2541 artaque,
705 2469 773 2542 qaia
793 2470 926 2526 uidebant

101 2562 183 2633 sipaa
211 2576 274 2635 qua
296 2560 421 2632 faciebat
437 2563 526 2632 (ioan.
544 2559 593 2631 vi),
618 2563 646 2615 ct
675 2558 798 2632 reliqua.
815 2559 845 2614 ln
870 2558 925 2615 bac

102 2651 194 2707 sancti
206 2649 353 2723 Evangelii
373 2648 506 2716 lectione,
519 2667 607 2722 cluam
625 2649 720 2718 mede,
738 2650 841 2705 fratres
856 2649 925 2705 cha·

103 2739 223 2809 nissimi,
236 2739 413 2806 audivimus,
426 2739 521 2812 primo
532 2757 595 2812 quae
606 2740 641 2795 ad
654 2738 925 2806 litteram,secuudo

102 2828 179 2902 quod
192 2826 228 2882 ad
240 2826 443 2900 tropologiam,
455 2826 538 2883 tertio
555 2828 632 2899 qued
646 2828 681 2882 ad
694 2827 850 2900 mysticum
862 2843 925 2882 sen-

101 2935 167 2974 sum
178 2915 483 2990 partinet,videamus.
495 2915 640 2979 Otiantum
653 2915 785 2989 igiturad
798 2915 924 2971 litteram

101 3006 236 3079 pertinet,
249 3006 351 3061 fratres
367 3006 435 3072 mei,
447 3005 588 3062 Dominus
599 3009 627 3061 et
637 3006 813 3078 Redemptor
827 3009 925 3060 uester

979 411 1069 487 giam,
1088 413 1205 485 quaudo
1230 412 1364 470 Christus
1389 413 1443 469 boc
1467 412 1545 481 lacit,
1562 413 1638 486 quid
1655 413 1815 473 Christiani

980 503 1073 558 theare
1088 502 1217 558 debeant
1232 502 1371 559 ostendit.
1390 503 1460 560 Octo
1477 503 1567 576 igitur
1579 503 1629 558 bic
1647 503 1737 560 nobis
1752 505 1815 560 imi·

980 591 1070 647 tanda
1086 591 1403 664 proponuntur:Maris
1418 592 1627 659 transfretatio,
1642 591 1675 649 in
1687 600 1815 652 montem

979 680 1123 748 ascensio,
1139 681 1291 737 miseratio
1314 681 1453 737 humanm
1481 681 1667 750 tentationis,
1683 683 1815 756 abjectio,

980 769 1124 841 quibusct
1134 788 1223 842 quam
1232 768 1453 844 eleemosynam
1466 771 1816 844 faciainus,quomodoet

980 875 1037 931 que
1063 859 1130 926 fine,
1154 860 1301 932 quernode
1332 861 1519 935 eleemosyna
1547 860 1815 933 multiplicetur,et

981 953 1092 1019 quanta
1107 946 1201 1020 gloria
1215 949 1281 1006 inde
1297 949 1389 1005 Deum
1414 953 1563 1023 sequatur.
1580 951 1698 1022 ltaque,
1716 954 1812 1010 tratres

981 1037 1049 1103 mci,
1066 1054 1133 1093 eum
1150 1038 1294 1094 Dominus
1310 1039 1384 1095 abiit
1407 1045 1488 1096 trans
1510 1057 1592 1096 mare
1604 1039 1749 1110 Galilaea,
1764 1061 1810 1100 noa

981 1131 1079 1182 monet
1094 1131 1330 1200 tempestuosum
1343 1128 1433 1201 hujus
1450 1128 1553 1185 mundi
1568 1146 1654 1186 mare
1669 1131 1809 1189 desiderio

980 1216 1161 1285 transireat
1189 1218 1225 1273 ad
1252 1218 1399 1275 caelestem
1427 1218 1554 1291 patriam
1584 1219 1809 1293 suspirarem

980 1305 1059 1361 enim
1073 1305 1120 1360 hic
1136 1307 1266 1362 muudus
1277 1307 1439 1379 justis,qui
1451 1309 1581 1365 futuram
1592 1307 1689 1366 sitam
1700 1312 1808 1368 deside-

980 1399 1055 1462 rant,
1066 1393 1215 1467 exsilium,
1230 1413 1310 1454 mare
1321 1402 1567 1470 tempestuosum,
1580 1397 1669 1455 vallis
1678 1399 1810 1475 lacryma·

980 1501 1054 1539 rum.
1069 1483 1149 1540 Unde
1161 1489 1189 1540 ct
1200 1484 1272 1540 illud
1286 1486 1456 1542 desiderant
1465 1487 1521 1543 cito
1533 1488 1676 1555 transire,
1693 1491 1812 1549 etaliatn

979 1571 1068 1628 vitam
1083 1573 1231 1630 advenire.
1249 1575 1318 1631 lnde
1330 1575 1495 1644 Psalmista,
1507 1582 1571 1634 lteu
1583 1580 1670 1645 mini,
1686 1579 1811 1650 Domino,

981 1663 1047 1734 quia
1059 1663 1202 1719 incolatus
1214 1681 1293 1721 tricus
1305 1666 1545 1737 prosonomasia
1556 1668 1811 1740 (motantibus

981 1752 1223 1823 qereaaadmuatam
1233 1753 1382 1810 desiderat
1391 1771 1493 1812 ceruus
1505 1758 1543 1814 eci
1552 1759 1652 1829 sontes
1661 1776 1812 1831 aquaram,

982 1842 1023 1896 ita
1034 1843 1181 1898 desideret
1194 1845 1295 1900 auitae
1309 1861 1375 1901 ntea
1386 1847 1424 1901 act
1435 1854 1474 1914 te,
1483 1851 1558 1904 Deras
1570 1851 1811 1920 (melanthum

981 1930 1058 1986 idem
1070 1931 1138 1988 alibi
1151 1933 1239 1990 dicit:
1252 1935 1308 2004 Qui
1318 1937 1502 1992 serniuantia
1511 1939 1670 2010 lacrymis,
1679 1940 1810 1997 inexsat-

982 2022 1090 2078 taticue
1105 2032 1218 2079 metent.
1228 2028 1333 2080 dantes
1349 2025 1427 2081 ibent
1442 2035 1470 2082 ct
1481 2027 1604 2100 flebant,
1618 2030 1810 2088 mittentem

980 2112 1060 2166 mina
1074 2128 1138 2167 suo.
1149 2114 1296 2169 Venientes
1305 2124 1403 2171 aalma
1414 2118 1526 2172 venient
1539 2133 1608 2174 cam
1618 2123 1809 2177 exsultatione

980 2210 1129 2270 portantes
1143 2203 1305 2272 trianipaios
1320 2221 1386 2262 snos
1400 2207 1489 2274 (Psat.
1505 2212 1601 2276 cxxv).
1616 2211 1655 2264 At
1671 2211 1807 2267 mundani

980 2289 1114 2346 homines
1124 2291 1174 2364 qui
1185 2291 1293 2349 habent
1304 2292 1350 2349 bio
1361 2293 1485 2367 patriam
1496 2302 1633 2365 suam,et
1642 2299 1806 2356 ducuutbio

980 2379 1105 2435 inbonis
1121 2380 1183 2436 dies
1200 2399 1439 2455 suos,uunquam
1455 2385 1561 2441 vellent
1575 2386 1672 2444 vitam
1690 2404 1806 2461 praesen·

979 2471 1038 2523 tem
1065 2469 1201 2527 transire.
1225 2471 1346 2541 Tamen,
1362 2471 1459 2543 velint,
1477 2474 1582 2543 uelint,
1599 2481 1766 2546 transeunt,
1780 2484 1806 2534 aa

979 2557 1015 2612 ad
1030 2562 1154 2613 mortem
1186 2559 1427 2634 rapiuntur;qni
1457 2567 1554 2620 tamen
1586 2571 1691 2622 mente
1717 2571 1805 2624 bane

979 2646 1117 2703 euntibus
1146 2648 1306 2717 adherent,
1327 2649 1406 2707 velut
1429 2652 1478 2725 qui
1502 2653 1619 2727 rapitur
1637 2671 1658 2709 a
1683 2660 1805 2713 torrento

979 2736 1107 2792 adheret
1122 2737 1214 2810 spinis
1230 2743 1258 2794 et
1273 2741 1396 2813 asperis.
1412 2742 1524 2814 ltaque,
1534 2744 1653 2814 fratres,
1663 2745 1805 2802 desiderio

979 2825 1014 2879 ad
1038 2825 1184 2882 coeiestem
1208 2827 1298 2883 vitam
1322 2834 1518 2900 transeamus,
1541 2830 1615 2888 illuc
1639 2849 1697 2905 per
1725 2850 1804 2908 optem

979 2914 1185 2970 misericordiae
1215 2933 1397 2992 quaecunque
1426 2936 1596 2993 possumus,
1624 2924 1802 2980 transmitta-

979 3021 1056 3060 mus.
1075 3002 1135 3060 tllic
1151 3005 1189 3060 sit
1206 3006 1361 3065 thesaurus
1378 3013 1475 3066 noster
1490 3014 1518 3066 et
1532 3027 1583 3067 cor
1607 3018 1757 3069 nostrum.
1772 3011 1803 3070 ll·

101 3095 188 3152 Jesus
212 3095 344 3152 Christus
369 3094 496 3151 ostendit
513 3095 542 3150 in
566 3095 621 3151 hac
646 3094 768 3151 lectione
783 3111 814 3150 se
827 3073 1025 3149 voramssluo
1056 3093 1203 3165 proximos
1232 3102 1349 3153 nostros
1378 3099 1455 3156 beno
1483 3099 1618 3172 exemplo
1646 3107 1680 3156 et
1707 3102 1802 3159 cnbor·

101 3183 327 3253 humanitatem,
340 3189 369 3240 et
383 3203 480 3241 veram
496 3184 603 3240 babere
618 3182 807 3240 divinitatem.
819 3184 925 3238 Huma-

101 3275 224 3330 nitatem
240 3273 347 3346 quippe
363 3279 391 3329 ot
406 3273 542 3347 pietatem
557 3291 654 3330 reram
666 3291 697 3330 se
708 3273 815 3328 habere
830 3277 925 3328 osten-

103 3362 156 3430 dit,
173 3363 290 3435 quando
306 3361 430 3417 infirmis
446 3366 474 3417 et
489 3363 687 3418 esurientibus
703 3361 879 3433 compatitur
895 3365 925 3416 et

102 3449 316 3507 condescendit.
330 3450 514 3506 Divinitatem
529 3468 595 3506 rere
611 3451 756 3508 sehabere
771 3467 867 3506 veram
877 3451 924 3505 de·

103 3543 258 3606 monstrat,
284 3539 401 3611 quando
433 3539 565 3595 infirmos
594 3540 655 3596 solo
684 3544 755 3594 nutu
785 3543 925 3606 sanat,et

103 3629 219 3701 quande
227 3627 261 3682 de
273 3627 402 3699 quinque
411 3627 535 3699 panibus
543 3629 693 3684 etduobus
700 3628 829 3700 piscibus
840 3629 924 3701 quin·

102 3733 158 3789 que
172 3715 264 3771 millia
278 3714 443 3782 bominum,
460 3716 586 3772 sublatis
602 3718 689 3773 etiam
705 3716 858 3773 duodecim
875 3735 923 3774 co·

101 3802 199 3877 phinis
215 3803 454 3878 fragmentorum,
472 3810 595 3862 saturat.
606 3806 716 3873 Nonne,
734 3807 838 3862 fratres
853 3806 921 3875 ruci,

101 3893 125 3950 si
136 3894 171 3948 de
182 3892 311 3966 quinque
325 3893 451 3967 panibus
467 3895 597 3968 quinque
613 3895 705 3950 millia
719 3894 873 3950 hominum
882 3895 924 3951 ni·

100 3982 159 4038 hilo
175 3987 343 4038 remanente
359 3983 504 4050 satiasset,
513 4000 654 4057 nrirgnum
664 3988 692 4040 et
703 3983 835 4039 divinum
846 3989 924 4039 esset

100 4069 299 4126 miraculum?
315 4071 398 4127 Nunc
423 4089 489 4127 vere
513 4090 601 4144 quam
627 4072 791 4128 mirabilius
815 4077 843 4128 et
867 4074 922 4129 Deo

99 4160 217 4234 dignius
232 4159 407 4215 miraculum
424 4166 627 4234 apparatuum
639 4167 666 4217 et
681 4162 716 4217 do
732 4160 860 4233 quinque
869 4179 923 4234 pa·

100 4249 186 4303 nibus
197 4248 325 4320 quinque
336 4249 585 4305 milliaheminum
597 4250 780 4317 satlentur‚et
785 4255 923 4323 praterea

99 4337 220 4411 decuplo
236 4338 302 4410 plus
316 4337 481 4394 sustollitur
491 4357 579 4412 quam
591 4339 757 4412 appositum
769 4344 823 4395 est.
832 4341 921 4407 Quasi

979 3180 1097 3247 tatione,
1113 3183 1266 3253 premissis
1286 3191 1314 3241 ot
1335 3203 1444 3254 amore,
1459 3187 1616 3245 nobiscum
1641 3190 1802 3257 trahamus,

978 3274 1011 3324 ut
1026 3272 1275 3342 quemadmodum
1298 3275 1465 3345 Dominum,
1482 3278 1564 3334 itaet
1586 3295 1643 3335 nos
1668 3286 1804 3353 sequatur

979 3359 1135 3416 multitudo
1153 3379 1269 3435 magna.
1287 3364 1369 3429 Quod
1385 3365 1494 3439 ubique
1509 3368 1568 3434 fiet,
1576 3368 1603 3423 si
1619 3368 1749 3427 viderint
1757 3382 1805 3426 nos

978 3449 1071 3504 lacere
1087 3449 1171 3522 sigua
1182 3468 1270 3523 super
1281 3453 1327 3509 his
1338 3455 1388 3526 qui
1403 3454 1601 3512 infirmantur.
1618 3461 1713 3515 Porro
1724 3476 1804 3532 super

978 3536 1094 3593 infirma
1110 3539 1194 3612 signa
1211 3542 1346 3613 tacimus,
1362 3544 1387 3599 si
1402 3544 1446 3600 vel
1461 3545 1595 3602 infirmos
1618 3562 1745 3621 corpore
1764 3549 1804 3604 be·

978 3627 1089 3683 neficiis
1104 3628 1318 3700 visitamusvel
1331 3632 1464 3691 infirmos
1480 3639 1576 3692 mente
1592 3637 1803 3703 confortamus,

976 3715 1021 3771 vel
1037 3716 1170 3774 infirmos
1185 3726 1304 3791 peccato
1327 3722 1512 3796 corripimus,
1528 3722 1572 3780 vel
1588 3725 1724 3784 furiosos
1735 3727 1803 3784 odiis

976 3804 1020 3860 vel
1037 3805 1152 3876 injuriis
1168 3815 1271 3865 contra
1287 3828 1340 3867 nos
1355 3812 1500 3883 patienter
1514 3813 1714 3882 sustinemus,
1725 3814 1803 3873 nelei

977 3911 1078 3950 omnes
1093 3895 1182 3966 hujus
1203 3899 1305 3954 inundi
1330 3899 1463 3957 infirmos
1487 3900 1675 3961 erationibus
1700 3905 1804 3962 nostris

977 3984 1054 4056 apud
1065 3984 1156 4040 Deum
1168 4003 1317 4044 curamus.
1325 3988 1396 4044 Cum
1408 4006 1474 4047 vcro
1485 3991 1667 4049 Dominusin
1675 4000 1804 4052 moran

976 4074 1119 4142 aseendit,
1131 4080 1160 4130 et
1170 4075 1210 4131 ibi
1222 4078 1303 4133 sedet
1315 4095 1381 4134 cum
1395 4078 1546 4152 discipulis
1558 4081 1634 4151 suis,
1646 4090 1805 4140 monetae·

977 4165 1009 4216 ut
1021 4163 1170 4219 devirtute
1185 4164 1213 4219 in
1230 4166 1368 4223 virtutem
1383 4185 1477 4241 usque
1492 4169 1528 4225 ad
1543 4168 1738 4230 altitudinem
1749 4173 1803 4230 sir·

976 4250 1047 4306 tutis
1066 4257 1095 4307 et
1118 4253 1374 4327 contemplationis
1398 4258 1605 4316 ascendamus.
1624 4261 1659 4317 m
1673 4262 1717 4318 ibi
1733 4263 1805 4319 iuter

976 4339 1125 4396 miserium
1142 4341 1230 4413 hujus
1247 4345 1349 4401 muudi
1363 4347 1525 4404 sessionem
1540 4352 1570 4404 et
1584 4351 1724 4422 requiem
1738 4369 1804 4408 cum

99 4445 156 4483 non
173 4426 249 4482 idem
267 4427 441 4483 miraculum
457 4427 598 4484 Dorulaus
612 4427 740 4500 quotidie
756 4427 853 4496 faciat,
870 4429 917 4501 qui
934 4443 961 4510 D
976 4428 1096 4485 Domino
1111 4436 1140 4486 et
1156 4432 1265 4488 sanetis
1281 4434 1355 4506 ejus,
1372 4441 1517 4508 quantum
1533 4454 1702 4510 possumus
1716 4441 1804 4498 baba·

97 4533 191 4590 pauca
216 4516 336 4572 seminis
360 4534 451 4589 grana
465 4516 494 4572 iu
512 4522 618 4573 terram
637 4519 716 4589 jacta
730 4516 916 4589 centuplicat.

98 4607 153 4663 Sed
175 4603 273 4660 nullus
299 4606 421 4661 iniretur
445 4607 522 4679 quod
547 4607 677 4679 quotidie
700 4607 777 4662 ridet
791 4624 798 4673 3
814 4607 919 4662 raritas

96 4713 163 4752 vcro
177 4694 216 4750 rei
234 4695 374 4766 majorem
390 4699 509 4767 prestat
530 4696 763 4751 admirationem.
777 4695 918 4750 Caeterum

97 4785 173 4857 quod
189 4783 236 4838 hic
251 4783 358 4857 legitur
373 4784 515 4839 Dominus
530 4783 697 4856 Philippum
712 4788 849 4847 tentasse,
860 4802 917 4840 nou

96 4877 139 4930 est
155 4873 333 4928 centrarium
351 4873 375 4927 ri
393 4873 470 4944 quod
486 4873 618 4928 adacobe
638 4872 762 4927 dicitur:
777 4876 851 4928 Deus
866 4890 917 4928 ae-

94 4962 202 5017 miuem
217 4970 307 5015 tentat
320 4961 601 5034 (tac.1).Tripliciter
615 4960 721 5034 quippe
737 4962 857 5017 tentatio
875 4963 915 5018 tit.

94 5048 185 5104 Aliter
214 5049 290 5103 enim
320 5050 397 5106 Deus
426 5055 527 5120 tentat,
554 5050 637 5106 aliter
664 5048 808 5117 diabolus,
835 5049 918 5106 aliter

94 5136 192 5192 homo.
208 5136 284 5192 Deus
300 5138 407 5212 quippo
429 5144 532 5207 tentat,
551 5144 582 5195 ut
598 5140 708 5213 prebet,
726 5140 915 5211 quemadmo-

94 5225 164 5278 dum
176 5225 295 5280 teutai'it
304 5227 461 5293 Abraham,
475 5234 506 5283 ut
515 5230 579 5302 ajam
591 5229 677 5284 tidem
688 5228 823 5300 probaret
837 5228 921 5296 (Gen.-

973 4533 1040 4572 mus
1048 4535 1054 4587 3
1063 4517 1170 4575 talibus
1182 4522 1290 4594 quippe
1298 4525 1461 4596 proximum
1470 4526 1804 4598 estpaschadieslestus

972 4605 988 4662 J
992 4607 1151 4664 udaeorum.
1160 4611 1302 4674 Quoniam
1313 4612 1387 4670 tales
1399 4614 1449 4686 qui
1458 4629 1509 4686 per
1522 4618 1802 4690 contemplationem

972 4710 1040 4750 cum
1054 4696 1177 4756 Domino
1192 4704 1220 4755 et
1239 4701 1348 4758 sanetis
1372 4702 1437 4772 ejus
1467 4703 1669 4775 requiescunt,
1693 4725 1802 4775 amore,

972 4800 1034 4856 spe,
1046 4790 1074 4841 et
1088 4787 1190 4844 merito
1197 4790 1261 4861 jam
1272 4791 1399 4862 proximi
1414 4797 1485 4848 sunt
1499 4793 1547 4848 die
1563 4794 1639 4852 testo
1655 4813 1723 4855 sere
1738 4815 1802 4855 con·

971 4873 1117 4931 titeutium
1136 4877 1318 4951 angelorum.
1335 4880 1407 4937 Cum
1423 4886 1520 4938 autem
1537 4884 1683 4944 Dominus
1700 4889 1803 4945 sedem

971 4962 1001 5017 in
1017 4969 1125 5032 monte,
1142 4965 1331 5025 inferioribus
1360 4971 1456 5027 turbis
1483 4972 1687 5033 esurientibus
1701 4978 1803 5035 οουὼ-

972 5052 1085 5108 scandit
1099 5058 1127 5109 et
1142 5056 1307 5127 miseretur,
1323 5059 1444 5116 instruit
1458 5078 1521 5125 nos,
1538 5065 1573 5116 ut
1596 5060 1640 5119 ita
1663 5081 1718 5137 per
1737 5084 1804 5123 con·

971 5141 1805 5224 teniplatiouemincoelestibusquiescamus,quodturbi⁸

971 5227 1157 5291 interioribus
1178 5252 1229 5307 per
1253 5236 1488 5308 compassionem
1512 5240 1803 5312 condescendamus,

93 5315 177 5379 xxii);
190 5318 218 5369 et
228 5314 274 5369 hie
286 5316 465 5388 Philippum,
475 5322 505 5374 ut
517 5321 580 5391 ejus
589 5318 787 5373 infirmitatem
799 5317 917 5372 demon·
967 5318 1052 5389 juxta
1066 5323 1144 5392 quod
1161 5321 1222 5395 ipse
1235 5325 1378 5380 Dominus
1389 5326 1475 5382 dicit:
1490 5331 1805 5391 aseoaeemtserteorrtes

94 5402 209 5456 straret.
229 5403 364 5459 Diabolus
379 5421 444 5460 veru
465 5412 566 5476 tentat,
582 5413 614 5464 ut
629 5406 776 5480 decipiat:
795 5424 851 5478 quo
866 5423 915 5480 ge·

94 5502 162 5541 nere
177 5492 345 5547 tentationis
362 5492 438 5547 fleus
455 5497 600 5553 neminem
623 5500 725 5553 tentat.
744 5496 834 5552 Homo
849 5513 915 5552 vcro

969 5407 1042 5463 sicat
1053 5418 1080 5464 et
1091 5416 1180 5466 Pater
1191 5421 1281 5467 uester
1295 5416 1415 5470 caelestis
1430 5417 1598 5473 vuiseru'cors
1610 5428 1657 5475 est
1672 5422 1803 5494 (Lucan.

971 5495 1144 5566 luduemus,
1156 5500 1268 5569 fratres,
1277 5498 1483 5561 misericordia
1498 5503 1610 5562 viscera
1622 5513 1657 5565 ct
1671 5518 1805 5586 domm
