3816 6006
63 274 130 339 'aa
448 270 620 341 acetum
643 216 817 340 nentem
839 274 948 340 arsa·
964 262 1222 341 maboaen-
1236 260 1312 342 ali.
1333 260 1387 341 lt.
1708 273 1771 338 rea

64 406 669 484 namiaeoeperuntmoylantanaibuann
682 410 800 467 dextera
811 414 892 483 parte
905 410 933 478 Α
948 414 1075 467 atrorum
1090 409 1204 486 gladios
1227 409 1426 485 impellebant.
1443 406 1611 467 'l'aacredus
1634 413 1662 465 et
1686 407 1767 467 Bolo-

60 501 148 573 juxta
166 507 258 566 mare,
273 516 371 556 comes
386 500 484 556 Sancti
498 500 602 575 AEgidii
625 501 696 567 fuit;
713 500 743 555 in
769 499 890 556 sinistra
944 500 1056 556 niensis
1071 517 1170 557 comes
1184 501 1361 558 Eustachius
1375 500 1525 557 irruerunt
1537 499 1568 556 in
1583 515 1685 557 eorum
1700 503 1766 555 ten-
1844 510 1848 518 ’

60 605 132 647 aare
145 589 262 661 rex,abi
279 591 374 660 major
387 590 517 646 hostium
532 590 672 646 fortitudo
689 590 886 658 incumbebat,
942 589 1027 656 toria,
1043 593 1072 645 et
1086 589 1180 646 multe
1194 591 1233 646 ibi
1259 589 1398 663 praeclara
1422 592 1560 664 egerunt3
1575 605 1638 662 qua
1655 588 1679 645 si
1695 587 1767 644 scei-

62 679 214 751 equitarit.
232 680 310 734 inter
324 678 378 735 boa
393 677 443 735 alii
455 696 558 735 omnes
574 680 700 735 fuerunt.
943 679 1183 754 berentur,digna
1196 686 1295 736 essent
1311 679 1462 736 memoria.
1478 678 1583 735 Nullus
1597 681 1766 734 nostrorum

98 768 156 825 Sed
171 784 229 823 non
245 772 292 824 est
304 769 539 840 pratereundum
554 768 625 840 quid
643 768 779 826 Clemens
794 767 888 824 admi·
942 768 1052 842 segnis,
1071 767 1170 824 nullus
1185 768 1308 842 pavidus
1325 773 1457 841 repertus
1471 767 1583 837 est,sed
1595 782 1697 823 omnes
1707 782 1766 824 unc

60 856 179 914 revisus
199 856 315 922 dixerit,
330 872 397 912 cum
423 857 448 912 ei
474 858 552 929 quod
577 857 668 913 nostri
694 862 795 913 contra
820 873 887 913 aum
943 857 1049 930 spiritu
1065 858 1198 927 animati,
1215 857 1393 914 unanimiter
1406 855 1766 930 prosequebanturiniini-

61 946 236 1019 equitabant
249 946 286 1001 ad
304 945 437 1018 pralium
452 945 620 1002 nuntiatum
635 945 749 1002 fuitlie
760 946 889 1002 serotina
943 963 992 1003 cos
1007 946 1103 1003 crucis
1118 947 1234 1003 Christi.
1252 946 1359 1003 Mirum
1375 947 1483 1020 quippe
1497 944 1654 1018 erat,quod
1669 948 1765 1001 tanto·

60 1035 142 1093 enim
157 1036 256 1107 prada
270 1050 358 1106 quam
373 1035 465 1091 nostri
481 1040 628 1108 ceperant,
644 1033 785 1091 nullusei
811 1051 887 1090 nun·
942 1053 1009 1092 rum
1025 1035 1244 1092 multitudinem
1259 1040 1439 1092 armatorum
1454 1034 1587 1108 paucitas
1598 1037 1764 1090 nostrorum

60 1123 194 1190 tieverat,
211 1123 350 1196 quoniam
366 1123 424 1179 nisi
437 1121 503 1180 lata
522 1127 551 1181 et
574 1139 714 1197 prospera
736 1121 837 1179 nullus
861 1123 887 1180 ei
942 1141 1001 1181 non
1026 1126 1242 1198 expavescebat,
1259 1124 1311 1182 sed
1336 1124 1435 1182 divina
1458 1125 1636 1197 suffragante
1659 1122 1762 1197 gratia,

61 1212 159 1268 dicere
174 1211 454 1283 praesumebatquia
469 1211 498 1266 in
513 1212 622 1284 gaudio
637 1227 754 1284 semper
764 1228 887 1270 essere·
943 1214 1037 1288 magis
1052 1231 1086 1270 ac
1101 1214 1195 1289 magis
1209 1214 1436 1281 convalescebat,
1452 1217 1594 1269 eteorum
1611 1211 1764 1268 cervicosi-

61 1300 151 1356 lebat.
163 1300 338 1372 Quicunque
347 1300 426 1355 enim
437 1299 463 1356 ei
474 1300 596 1356 adversa
606 1300 887 1372 nuntiabat,nnllem
941 1306 1033 1360 tatem
1048 1302 1217 1373 inclinabat,
1231 1304 1332 1375 sicque
1346 1303 1392 1359 die
1406 1306 1468 1359 fota
1489 1318 1592 1375 pugna
1612 1295 1765 1357 conflictus

61 1387 201 1462 deinceps
215 1388 340 1462 gratiam
356 1389 386 1443 in
402 1395 558 1462 conspeetu
571 1391 636 1462 ejus
652 1388 888 1446 inveniebatiioc
942 1392 1033 1449 initur
1047 1409 1201 1466 usqueque
1216 1391 1259 1448 sol
1275 1395 1407 1448 centrum
1423 1391 1480 1464 poli
1496 1390 1676 1456 conscendit,
1692 1389 1765 1445 bora

59 1476 147 1534 ilium
161 1482 261 1532 tamen
276 1475 338 1532 ulla
349 1493 396 1532 res
411 1492 548 1549 possessa
562 1493 617 1533 suc
631 1478 772 1534 distractu
787 1479 887 1534 turbs·
941 1481 1075 1538 videlicet
1089 1498 1148 1554 qna
1163 1480 1304 1538 Dominus
1319 1485 1419 1537 noster
1432 1481 1519 1536 iesus
1534 1495 1649 1535 crucem
1665 1495 1764 1536 ascen-

58 1570 141 1623 aeret
156 1569 244 1621 tentas
258 1565 408 1621 facultatis
423 1569 485 1620 erat
504 1566 581 1637 quod
607 1566 787 1622 remanebat.
802 1567 838 1622 st
851 1582 888 1622 ne
942 1570 1001 1639 dlt;
1019 1570 1084 1643 ipsa
1098 1571 1200 1627 eadem
1215 1570 1288 1626 bera
1302 1587 1388 1627 omne
1404 1571 1493 1626 robur
1508 1567 1659 1625 contraria
1669 1568 1764 1641 gentis

59 1653 199 1712 friralum
214 1669 281 1711 asse
294 1654 373 1710 dicat
383 1654 451 1727 quis
462 1655 540 1726 quod
550 1655 658 1710 dicturi
670 1669 805 1722 snmus,a
815 1671 887 1727 quc·
941 1660 1097 1725 emarcuit,
1113 1659 1163 1731 qui
1180 1659 1220 1714 ita
1234 1676 1322 1716 sensu
1339 1658 1443 1716 mutati
1460 1662 1543 1715 amnt
1557 1657 1633 1730 quod
1651 1674 1703 1713 neo
1719 1655 1765 1713 lu-

59 1744 129 1801 dam
144 1743 248 1810 Taren,
265 1743 316 1816 qui
331 1743 392 1799 haic
409 1747 510 1815 postea
533 1743 564 1797 in
587 1743 751 1800 Jerusalem
776 1739 885 1813 retulit,
942 1764 1010 1821 gere
1024 1752 1168 1821 poterant,
1185 1763 1238 1803 neo
1252 1765 1284 1804 se
1299 1734 1454 1804 defendere
1478 1745 1624 1804 valebant.
1639 1746 1766 1803 Arbores

59 1831 231 1900 babuimus,
247 1833 298 1905 qui
311 1835 416 1906 sponte
430 1848 487 1888 sua
501 1833 595 1888 iactus
619 1837 665 1888 est
688 1832 885 1902 Christianus,
942 1837 1149 1902 ascendebant,
1166 1839 1302 1908 putantes
1318 1837 1395 1909 quod
1411 1835 1452 1892 sic
1475 1851 1506 1892 se
1529 1838 1682 1891 tuerentur
1696 1851 1765 1891 naa

58 1927 90 1978 et
104 1922 134 1978 in
151 1921 329 1993 baptismata
342 1923 462 1976 vocatus
478 1923 522 1977 est
547 1921 745 1976 mamardus.
763 1922 887 1980 Summo
941 1928 1050 1983 nostem
1073 1927 1268 1982 intuerentur.
1284 1925 1383 1981 Nostri
1403 1941 1470 1981 vero
1494 1924 1673 1997 sagittabant
1697 1923 1763 1979 illos

57 2010 163 2084 itaque
174 2025 261 2066 mane
275 2010 388 2066 dictum
402 2014 448 2065 ast
462 2009 500 2076 ei,
517 2010 593 2080 quod
611 2025 709 2066 revera
720 2011 821 2067 Franci
838 2029 887 2084 pa·
941 2015 1018 2072 sieut
1032 2031 1160 2094 aucupes
1174 2013 1311 2082 volatilia,
1329 2017 1357 2069 et
1369 2014 1404 2069 ad
1417 2016 1524 2069 terram
1539 2014 1689 2069 demersos
1704 2017 1764 2069 tru-

57 2100 116 2157 rati
131 2103 216 2156 mant
230 2099 268 2154 ad
283 2097 429 2171 pralium,
447 2103 476 2155 et
487 2099 564 2171 quod
576 2099 639 2171 jam
662 2115 752 2172 propa
776 2107 885 2171 essent,
940 2103 1086 2173 cidabant,
1102 2104 1136 2159 ut
1148 2103 1178 2159 in
1194 2103 1316 2159 macello
1331 2101 1481 2159 carnifices
1493 2101 1701 2157 animalia.Afii
1713 2117 1764 2157 au·

56 2189 210 2248 misulas
224 2193 326 2245 contm
336 2189 531 2260 ipsum.'f¹unc
542 2187 634 2243 fertur
644 2189 766 2245 demens
776 2188 886 2247 dixisse
939 2195 1000 2248 tem
1015 2196 1147 2249 tenentes
1162 2191 1275 2266 gladios
1290 2193 1320 2247 in
1337 2191 1485 2256 manibus,
1501 2185 1626 2264 pedibus
1647 2195 1761 2247 nemro-

58 2277 164 2337 au'ntio
179 2294 186 2334 a
203 2277 284 2351 (ised
305 2278 379 2333 milii
400 2277 480 2341 dieb.
499 2293 555 2333 aon
579 2277 664 2335 audeo
687 2278 804 2345 aalma
820 2280 887 2351 quie
940 2297 1006 2337 rum
1022 2281 1177 2355 provoluti,
1193 2286 1275 2336 terra
1300 2296 1332 2337 se
1356 2279 1546 2349 inclinabant,
1563 2282 1592 2335 et
1605 2279 1715 2353 erigere
1731 2295 1761 2336 so

56 2382 109 2428 neo
121 2369 206 2427 eum
220 2368 293 2423 taba
308 2370 401 2423 marus
419 2367 570 2424 Jerusalem
593 2375 701 2423 estimo
724 2367 787 2422 illes
809 2375 886 2425 tave·
938 2374 1041 2426 contra
1054 2370 1307 2427 Christianoarron
1324 2370 1480 2426 audebant.

56 2461 131 2516 nire.
144 2456 198 2514 Gai
221 2461 252 2512 et
273 2456 322 2512 ille
339 2474 346 2512 :
362 2458 521 2513 cmiasr’me
543 2457 621 2523 sciat,
638 2457 760 2523 fiamine,
775 2459 884 2529 moqed·
974 2460 1040 2516 Jam
1055 2476 1123 2516 aero
1138 2461 1233 2533 prima
1253 2476 1321 2532 pars
1344 2457 1510 2533 Babylonici
1533 2458 1676 2514 exercitus
1699 2461 1761 2514 tota

57 2548 196 2616 mum,
213 2548 280 2620 quia
301 2547 394 2619 parati
418 2545 453 2600 od
476 2545 609 2617 pralium
633 2546 757 2610 veniunt,
781 2552 807 2600 et
824 2546 888 2617 juna
938 2546 1081 2621 fugiebat,
1097 2550 1124 2603 et
1140 2548 1283 2619 posterior
1297 2549 1332 2604 de
1346 2546 1760 2618 victoriaoujusesset,adbue

55 2653 141 2712 prope
153 2640 228 2692 saraa
244 2634 884 2708 Tunopracepitutcmneeermacaperenf,
939 2636 1103 2705 dubitabat,
1125 2635 1196 2708 quia
1221 2635 1295 2692 nibil
1324 2653 1457 2710 unquam
1487 2635 1586 2691 minus
1613 2635 1759 2707 sperabat,

59 2730 89 2784 et
102 2726 141 2782 ad
155 2724 266 2782 bellum
291 2726 492 2797 properarent,
507 2726 638 2795 cumque
664 2722 757 2794 parati
782 2736 885 2779 omnes
939 2741 1029 2797 quam
1045 2741 1166 2781 suorum
1182 2725 1293 2797 fugam,
1305 2727 1337 2780 et
1348 2725 1500 2780 victoriam
1515 2723 1759 2780 Christianorum.

57 2831 93 2872 ex
107 2815 231 2871 dromo
246 2816 368 2878 starent,
384 2816 413 2867 et
427 2811 491 2884 ipae
515 2817 631 2867 nostros
648 2810 773 2867 intuitus
796 2814 884 2878 esset,
938 2811 1012 2867 Cum
1023 2812 1102 2867 enim
1114 2828 1184 2867 suos
1193 2812 1419 2884 conspicabatur
1429 2829 1480 2884 per
1491 2811 1577 2884 plana
1589 2827 1760 2884 camporum

57 2900 155 2962 dixit:
173 2924 188 2955 a
202 2901 227 2958 0
239 2917 362 2974 regnum
378 2900 544 2973 Babylonia
559 2900 673 2956 cunctis
687 2900 786 2973 regnis
801 2902 885 2956 ante·
938 2900 1078 2973 fugiendo
1093 2899 1266 2966 discurrere,
1279 2901 1442 2956 estimabat
1455 2899 1520 2956 illos
1535 2899 1670 2973 persequi
1681 2898 1762 2955 Chri·

57 2993 179 3060 csllsss,
194 2997 339 3064 quantum
369 2989 497 3046 dedecus
520 2989 607 3046 hodie
632 2988 751 3061 pateris,
775 2988 805 3044 in
829 2988 885 3044 boo
938 2991 1059 3057 stianos,
1077 2995 1107 3046 et
1121 2988 1194 3045 velle
1208 2989 1350 3045 occidere.
1367 2989 1423 3045 Sed
1439 2992 1596 3062 postquam
1612 3004 1760 3060 compere-

57 3081 137 3157 qund
152 3078 270 3136 tantilla
284 3081 472 3152 gens,contra
486 3077 626 3133 tevenire
641 3075 808 3147 presumitl
825 3076 885 3149 ligo
938 3081 1007 3134 runt
1026 3079 1103 3151 quod
1128 3077 1361 3133 Christianorum
1387 3081 1449 3133 erat
1471 3076 1602 3139 victoria.
1617 3074 1759 3149 gaudium

55 3186 124 3228 vem
139 3174 295 3241 amquam
310 3165 450 3223 estimati
466 3165 532 3222 illos
547 3182 600 3222 aec
613 3165 691 3220 intra
705 3164 885 3238 septaetiam
899 3145 927 3221 (5
940 3168 1017 3240 quod
1039 3167 1212 3230 habuerant,
1229 3166 1387 3244 superavit,
1399 3165 1547 3223 maestitia.
1562 3162 1644 3222 Tunc
1659 3168 1688 3221 et
1703 3161 1760 3237 ipsi

58 3257 220 3331 cujuslibet
234 3256 317 3313 urbis
333 3256 479 3323 invenire;
496 3259 524 3310 et
539 3255 595 3326 ipsi
611 3259 712 3309 contra
724 3270 770 3309 me
781 3254 886 3310 itinere
938 3256 1082 3331 perterriti
1100 3256 1257 3329 fugiunt,ot
1271 3255 1447 3327 sequacibus
1462 3255 1524 3311 suis
1537 3253 1668 3329 fugiendi
1684 3269 1759 3328 pra-

57 3347 117 3406 diei
130 3346 297 3404 uniusausi
309 3348 378 3401 sunt
387 3343 569 3401 venire‘lflut
578 3358 700 3399 sensum
710 3342 884 3411 amiserunt,
938 3349 1019 3402 stant
1033 3344 1223 3401 consortium.
1235 3344 1271 3400 aa
1285 3348 1318 3399 ut
1331 3348 1439 3400 ventus
1451 3343 1550 3417 aquilo
1565 3342 1690 3416 dissipat
1704 3358 1759 3398 nu·
1850 3396 1856 3407 ,

58 3441 110 3495 abt
123 3435 201 3493 mori
216 3435 293 3491 siout
308 3439 337 3490 et
349 3433 445 3489 virere
467 3431 605 3506 diligunt.
623 3430 761 3503 Pracipic
785 3431 886 3504 itaque
938 3433 1001 3502 bes,
1017 3436 1045 3489 et
1060 3432 1213 3488 immissus
1226 3432 1313 3488 turbo
1329 3419 1450 3506 agg'eres
1464 3430 1696 3504 stipularum,sio
1711 3445 1760 3486 nc·

56 3526 153 3593 rabia,
168 3539 186 3581 o
202 3522 369 3597 Babylonici
386 3521 552 3588 bellatores,
569 3523 602 3575 ut
626 3535 729 3576 omnes
753 3520 825 3576 istos
849 3520 886 3575 de
939 3522 992 3578 stri
1007 3521 1191 3593 dissipabant
1205 3519 1267 3576 ala's
1282 3523 1310 3577 ct
1325 3519 1434 3577 cuneos
1446 3519 1631 3595 fugientium.

56 3618 138 3674 tara
151 3611 274 3680 tollatis,
290 3611 364 3667 nulli
380 3622 481 3682 parcet
495 3609 597 3666 oculus
607 3607 887 3681 vesler,nulliusqus
1258 3609 1374 3666 CAPUT
1395 3608 1439 3665 IV.

58 3701 273 3761 misereamini.
290 3721 305 3750 a
323 3700 370 3756 Sie
385 3716 454 3773 ergo
469 3698 661 3754 commissum
678 3702 722 3754 est
740 3696 885 3770 pralium.
975 3699 1050 3756 Dum
1065 3687 1126 3754 bac
1142 3697 1184 3753 ita
1198 3697 1309 3766 flerent,
1327 3698 1398 3753 dum
1412 3697 1455 3754 sic
1470 3696 1578 3754 milites
1592 3695 1700 3753 Christi
1716 3711 1763 3753 sa·

58 3791 178 3851 Primus
192 3789 338 3864 siquidem
355 3805 452 3844 comm
466 3786 672 3844 thbmannirs
687 3786 889 3858 milesimper·
939 3788 1047 3846 telliles
1062 3787 1170 3843 diaboli
1186 3778 1379 3855 destruerent,
1391 3789 1420 3842 et·
1434 3795 1530 3842 comes
1545 3784 1644 3842 Sancti
1658 3782 1765 3859 AEgidil

57 3881 180 3941 territas
194 3896 261 3936 cum
282 3895 337 3935 sua
361 3878 423 3933 acie
447 3874 685 3949 congressionem
711 3874 839 3947 inempit,
855 3874 887 3929 in
942 3879 993 3951 qui
1005 3879 1089 3951 juxta
1105 3890 1183 3931 mare
1199 3875 1361 3949 pugnabat,
1376 3874 1488 3946 absque
1502 3890 1625 3931 numero
1640 3873 1765 3947 perime·

55 3969 107 4027 ilfa
118 3968 236 4027 scilicet
254 3967 383 4040 regione.
400 3966 430 4021 in
455 3982 514 4037 qua
536 3963 676 4020 vexillum
701 3962 886 4029 admiravisi,
942 3972 995 4034 ret,
1012 3970 1041 4022 et
1053 3963 1146 4022 multe
1163 3963 1262 4036 plures
1277 3964 1307 4019 in
1323 3980 1404 4020 mere
1415 3959 1765 4036 praecipitesiracempel·

57 4059 137 4131 quod
150 4057 349 4114 standardum
364 4057 478 4120 vacant,
495 4051 655 4124 conspexit.
673 4052 727 4118 Qui
747 4051 823 4107 ferro
838 4066 890 4124 per
943 4055 1024 4121 leret,
1036 4054 1107 4128 quid
1123 4053 1426 4120 ulemaasauaavaro
1437 4051 1558 4109 demens
1568 4050 1766 4108 admiravisus

57 4145 255 4205 mediasaeies
266 4145 346 4200 riam
360 4139 703 4214 interrumpens,multas
714 4145 828 4212 strages
837 4141 888 4196 ds-
943 4149 1025 4202 stans
1040 4147 1109 4199 ante
1122 4145 1236 4214 portam
1252 4140 1399 4196 Ascalone
1420 4140 1535 4205 direxit,
1547 4139 1713 4203 audiamus,
1725 4137 1765 4195 ai·

57 4237 109 4304 dit,
126 4238 156 4292 et
169 4235 291 4290 undem
307 4234 344 4288 ad
370 4231 454 4288 illum
480 4230 530 4304 qui
555 4229 748 4286 standardum
773 4228 891 4284 tenebat
944 4236 1097 4303 eutsupra
1110 4230 1206 4299 dietus
1222 4227 1387 4302 proselytus
1404 4227 1612 4305 Hierosolymis
1626 4227 1765 4297 deinceps

58 4324 243 4399 perveniens,
259 4321 343 4378 illnm
359 4321 425 4377 ante
438 4320 527 4394 pedes
537 4317 704 4374 admiravisi
718 4316 886 4390 prostravit,
944 4319 1046 4377 retulit
1059 4321 1109 4392 qui
1122 4321 1207 4390 Juxta
1220 4317 1305 4372 illum
1320 4321 1393 4382 erat,
1409 4323 1442 4373 ut
1455 4317 1609 4382 assecla,et
1622 4313 1765 4370 domesti-

58 4419 85 4472 at
98 4411 239 4469 millam
257 4408 582 4482 accepit.Admirarisus
597 4411 696 4462 autem
711 4405 759 4460 vix
782 4404 885 4471 evasit,
943 4427 996 4466 cus
1010 4413 1039 4464 et
1052 4424 1142 4463 verna
1155 4405 1246 4461 illius.
1258 4404 1392 4462 Clemens
1404 4404 1497 4478 igitur
1509 4407 1543 4459 ut
1557 4404 1679 4458 mineus
1692 4400 1767 4456 dice·

59 4507 88 4560 et
99 4500 279 4559 Ascalonem
293 4499 419 4573 fugiens,
431 4501 497 4553 ante
512 4495 595 4553 urbis
605 4495 730 4567 januam
745 4493 886 4549 constitit.
902 4516 927 4584 D
943 4500 992 4557 bat
1003 4494 1144 4566 (cladum
1155 4496 1271 4567 gentem
1282 4507 1366 4548 suam
1381 4508 1452 4566 gens
1468 4489 1634 4548 Christiana
1647 4489 1767 4545 detrun·

60 4589 198 4650 samiae
212 4588 410 4645 miserrimam
425 4593 547 4643 suorum
558 4583 702 4650 cladem,a
712 4581 798 4654 longe
809 4597 890 4654 pros·
943 4587 1028 4643 oabat
1045 4601 1051 4640 :
1069 4605 1083 4635 a
1096 4583 1118 4639 Θ
1129 4581 1294 4638 lllaohomet
1307 4582 1466 4652 preceptor
1480 4580 1579 4635 nomer
1593 4579 1622 4634 et
1636 4578 1769 4650 patrone,

61 4678 220 4754 psaittlea
227 4676 367 4734 dissimili
376 4675 500 4731 andacia
510 4689 560 4729 rar
570 4676 598 4728 et
608 4670 712 4743 reliqui
725 4669 849 4726 comites
858 4669 889 4726 in
944 4674 995 4732 ubi
1009 4677 1054 4730 est
1066 4671 1160 4727 virtus
1174 4669 1248 4725 tuat
1261 4668 1316 4725 Ubi
1332 4670 1377 4724 eet
1391 4667 1553 4724 coelestium
1567 4665 1662 4722 virtus
1672 4661 1769 4720 numi-

62 4767 216 4843 cppositos
229 4766 365 4834 irruunta
381 4768 410 4820 et
425 4761 587 4820 sevissima
601 4759 777 4816 multatione
787 4758 892 4815 dextra
945 4777 1027 4829 num,
1044 4774 1111 4816 cum
1128 4757 1236 4831 quibus
1250 4756 1314 4830 ipse
1329 4754 1487 4829 glorieris?
1501 4753 1555 4812 Ubi
1567 4756 1614 4811 est
1623 4750 1770 4808 creatoris

61 4855 192 4929 imaque
203 4856 352 4929 perimunt
363 4855 507 4925 quotquot
517 4849 575 4907 sibi
587 4851 754 4906 occurrunt.
767 4846 808 4902 ibi
819 4846 892 4902 Tur·
944 4851 1048 4908 efficax
1062 4845 1201 4921 potentia,
1217 4845 1264 4900 cui
1279 4858 1396 4916 semper
1419 4845 1496 4900 astat
1517 4844 1570 4898 tua
1594 4836 1772 4914 prematis?

64 4946 160 5003 reama
176 4959 264 5001 aroris
278 4940 352 4999 nolli
368 4957 469 4998 eorum
486 4938 677 5012 profuit,quia
693 4937 823 5009 impetus
838 4951 891 4991 no·
945 4943 1002 4994 Car
1016 4937 1059 4992 sic
1073 4932 1217 5006 reliquisti
1233 4935 1349 5005 gentem
1365 4935 1551 5005 tuam,quam
1561 4926 1770 4985 immisericor-

63 5039 196 5092 strcruar
205 5037 265 5088 tam
282 5030 359 5087 celer
372 5034 495 5101 tamque
510 5026 707 5084 densissimus
732 5024 798 5091 fuit,
813 5024 892 5096 quod
946 5027 1022 5084 diter
1031 5020 1338 5095 dissipat,destruit,et
1349 5018 1485 5075 interficit
1496 5034 1571 5092 gens
1584 5013 1770 5089 pauperrima

64 5120 138 5179 nulli
152 5121 268 5177 nabere
284 5117 378 5187 licuit,
394 5118 445 5174 sed
464 5117 563 5189 fugere
580 5110 775 5170 libuit-Multa
785 5112 894 5185 quippe
947 5120 976 5171 et
990 5127 1122 5187 pannosa
1137 5124 1218 5183 gens,
1230 5106 1358 5162 aliarum
1372 5106 1503 5180 gentium
1517 5103 1691 5178 peripsema,
1703 5117 1769 5157 om·

64 5211 105 5268 ibi
123 5209 221 5267 millia
236 5213 354 5264 mortue
368 5211 514 5277 suntque
530 5207 713 5259 mortuanon
724 5201 838 5267 esset‚si
850 5201 894 5256 fu·
948 5205 1090 5272 niumque
1104 5212 1225 5271 prorsus
1246 5195 1400 5251 bominum
1421 5194 1484 5258 fax,
1501 5193 1606 5265 rubigo
1621 5194 1650 5248 et
1664 5189 1769 5248 sooria.

65 5316 136 5375 8⁰⁸⁸
148 5295 446 5372 {invaluissent-Sed
462 5292 621 5349 mullitud0
636 5293 717 5345 lint&
731 5292 804 5355 ml,
821 5305 895 5360 q00·
949 5292 1036 5358 Gens,
1057 5290 1189 5359 inquam,
1214 5300 1278 5357 qua
1294 5298 1311 5338 a
1325 5289 1425 5339 nostra
1448 5280 1534 5338 solita
1558 5285 1620 5337 erat
1644 5290 1772 5352 quarere

67 5389 149 5447 aiam
163 5387 215 5462 qui
232 5390 309 5442 retro
322 5387 416 5453 erant,
432 5381 600 5456 premissos
615 5378 645 5435 in
661 5375 829 5433 mortiferos
842 5395 895 5436 uc·
950 5392 1134 5454 panemque
1149 5371 1223 5428 nihil
1238 5387 1360 5445 pmrsus
1374 5369 1500 5427 babebat
1514 5368 1572 5426 nisi
1592 5365 1729 5426 baculum
1743 5367 1773 5420 et

627 5473 783 5532 NO'FULAE
802 5473 1035 5535 Maauluaces
1054 5473 1114 5530 MS.
1135 5469 1215 5527 COD.

99 5567 158 5638 (ol)
167 5564 233 5622 lieo
241 5560 425 5619 uldementis
433 5565 504 5617 sunt
515 5560 611 5616 tristia
620 5557 708 5614 verba
718 5555 799 5614 Clam
808 5557 898 5614 entis.
