3816 6006
46 278 135 344 *iffi

438 413 495 470 XL.

288 521 317 560 ru
336 519 421 559 rasro
437 518 536 560 saecri
557 520 646 559 auce.

94 597 256 665 Desipaevit
270 596 345 651 Jcsas
359 602 384 650 et
398 596 468 650 elios
482 595 656 665 septemplicia
672 592 748 660 ditos,
764 601 789 649 et
803 595 880 648 vuisit

56 687 118 742 illos
134 688 162 740 in
177 700 284 740 omnem
298 685 439 738 ciuitatem
454 684 595 751 cllocem,
612 699 664 754 quo
679 692 737 738 eret
747 685 805 754 ipse
818 699 880 737 eree·

55 784 134 832 turus
159 775 233 838 (Luc.
255 772 294 845 a).
321 772 354 828 Et
376 772 498 859 reliqua3
523 772 588 826 lani
612 772 749 845 elegerat,
775 773 880 827 iratres

55 863 232 927 charissimi,
241 861 382 917 Dominus
396 861 548 916 duodecim
561 861 708 932 apostolos
720 879 726 928 ς
739 861 788 916 sed
799 861 877 932 quia,

55 957 90 1009 ut
106 954 168 1026 ipse
184 952 254 1007 dicit
269 950 326 1016 hic,
344 951 449 1006 messis
466 954 528 1005 erat
540 950 643 1016 multa,
651 950 772 1022 operarii
781 954 878 1005 autem

54 1042 152 1116 pauci,
162 1041 360 1097 necessariam
376 1044 438 1095 erat
453 1042 485 1093 ut
499 1039 541 1093 eis
557 1039 763 1111 suffragatores
779 1042 881 1110 etope-

54 1132 125 1188 rarii
141 1131 326 1196 adderentur,
344 1133 373 1184 et
387 1127 442 1184 hoc
457 1133 500 1184 est
517 1129 594 1200 quod
610 1128 717 1183 dicitur
731 1127 881 1183 bio:Desi·

55 1224 152 1292 genuit
162 1223 239 1277 leeris
255 1227 280 1275 el
296 1217 368 1274 elios
390 1219 565 1290 septuaginta
587 1220 665 1273 diros,
677 1221 731 1273 etc.
747 1217 879 1273 Primum

54 1312 146 1384 igitur
160 1309 335 1366 describitur
345 1325 394 1364 eos
404 1307 537 1381 elegisse,
546 1307 741 1367 secundaeos
752 1307 877 1374 misisse,

55 1402 141 1457 tertio
156 1417 206 1456 eos
220 1398 405 1455 instruxisse.
414 1398 500 1452 Porro
512 1412 561 1451 eos
572 1394 694 1469 elegisse
705 1396 881 1452 describitur

55 1508 125 1548 curn
143 1489 248 1545 dioiiur
268 1504 274 1554 ;
291 1489 448 1557 Desisti-oud
465 1488 552 1542 iesus.
568 1485 620 1551 Qui
637 1485 715 1540 enim
741 1490 785 1541 est
800 1484 880 1540 aliud

58 1581 230 1653 designasse
253 1594 343 1650 quam
368 1592 418 1633 eos
441 1576 560 1648 quidam
584 1575 666 1647 signo
691 1580 719 1630 et
731 1573 880 1646 privilegio

55 1663 880 1745 gratie,notabileselectosdemonstrassetDebentenini

56 1758 228 1832 prefulgere
244 1756 335 1829 signis
349 1755 503 1821 virtutum,
521 1753 570 1826 qui
587 1757 717 1825 pastores
740 1757 768 1807 et
788 1752 880 1823 ningi-

55 1840 882 1918 striconstituunturpopulorumNamquantusrtqualis

57 1939 143 1995 debet
155 1953 218 1993 esse
234 1937 334 1992 doctor
346 1933 571 1999 ecclesiasticus,
587 1933 617 1987 in
629 1933 714 2003 cujus
729 1948 882 2003 compara-

615 273 898 341 eoelum-1.
920 276 972 339 DE
992 276 1191 342 TEMPORE.

893 411 998 480 ABini
1014 429 1082 486 ergo
1098 414 1133 469 ad
1149 412 1367 487 predicandum
1384 411 1551 471 mittuntur.
1561 416 1597 472 tc
1607 416 1631 474 ai
1643 417 1756 477 eisdioa

1674 282 1755 347 isos

933 503 1061 569 tur;Vos
1076 502 1125 575 qui
1142 504 1355 575 predicationis
1366 504 1495 560 officium
1506 506 1755 582 suscipitis,opor-

933 596 974 648 tet
998 598 1029 647 ut
1053 598 1080 648 et
1104 610 1231 649 consono
1256 595 1341 649 eorde
1362 594 1390 648 in
1407 595 1487 650 vobis
1504 594 1568 650 aliis
1583 596 1755 655 charitatem

934 682 1150 750 demonstretis,
1160 687 1187 737 et
1209 699 1337 738 consono
1353 700 1401 739 ore
1415 684 1566 740 veritatem
1582 686 1753 744 testificetis.

933 771 1036 827 Omnis
1052 773 1130 826 enim
1147 773 1233 844 eujus
1248 788 1297 827 cor
1312 772 1445 828 dissonat
1460 774 1617 831 areritatis
1633 777 1755 848 unitate,

934 861 1053 915 omnino
1067 860 1207 933 indignus
1222 865 1266 915 est
1281 860 1410 915 officium
1426 862 1640 933 predicationis
1665 869 1756 923 susci-

933 966 1011 1021 pere.
1023 950 1057 1004 Et
1073 967 1130 1021 quo
1146 967 1194 1005 eos
1211 949 1385 1006 misittdnte
1395 953 1494 1022 seriem
1505 968 1593 1017 eriere,
1610 956 1757 1016 triennem

933 1040 1070 1094 ciuitatem
1085 1040 1212 1094 stlocum
1236 1056 1287 1111 qino
1312 1047 1371 1095 erut
1383 1042 1440 1112 ipse
1456 1050 1595 1097 remiseras.
1612 1046 1757 1104 Premisit

934 1142 983 1182 eos
998 1130 1139 1199 tanquam
1156 1127 1251 1183 locum
1269 1128 1323 1183 sibi
1340 1133 1564 1200 properaturos
1582 1130 1657 1188 Ordo
1678 1134 1755 1192 enim

934 1213 1022 1287 exigit
1032 1221 1065 1270 ut
1079 1217 1223 1287 precedat
1241 1232 1295 1271 vox
1319 1217 1544 1287 predicationis,
1562 1223 1595 1274 ut
1616 1220 1756 1282 Dominus

934 1305 1032 1360 veniat
1061 1305 1095 1360 ad
1127 1305 1327 1361 babitaculum
1350 1306 1468 1362 mentis.
1494 1307 1576 1364 Unde
1600 1311 1753 1383 propbeta,

937 1416 950 1444 a
968 1394 1068 1450 Parate
1088 1395 1163 1449 riam
1181 1394 1315 1462 Domino,
1333 1398 1426 1451 rectas
1443 1395 1527 1451 tacite
1548 1399 1668 1455 semitas
1692 1402 1756 1474 ejus

935 1484 998 1552 (leo.
1016 1484 1065 1554 rr),
1077 1504 1091 1532 a
1108 1483 1228 1547 Quando
1244 1483 1332 1550 enim,
1349 1483 1453 1540 iratres
1469 1485 1534 1550 mei,
1551 1487 1633 1544 vobis
1656 1490 1758 1562 pradi-

935 1588 1047 1636 carnus,
1065 1573 1181 1644 qnando
1197 1589 1247 1628 vos
1264 1572 1439 1644 corripimus
1454 1578 1483 1629 et
1502 1573 1687 1647 instruimus,
1704 1579 1758 1636 Do

935 1660 1015 1716 mino
1030 1661 1106 1716 viam
1123 1662 1158 1716 ad
1172 1661 1260 1717 corda
1274 1665 1369 1717 vestra
1384 1678 1533 1734 paramus.

971 1750 1068 1806 Tertio
1085 1751 1260 1806 describitur
1275 1752 1417 1807 Dominus
1433 1769 1484 1808 eos
1499 1753 1757 1823 instruxisse,cum

936 1839 1072 1894 subditur
1088 1858 1094 1895 ι
1109 1842 1141 1895 Et
1155 1840 1260 1896 dicebat
1281 1841 1348 1906 illia,
1366 1845 1420 1897 etc.
1438 1843 1512 1898 Sunt
1532 1848 1631 1901 autern
1657 1847 1757 1903 decem

935 1928 965 1982 in
982 1929 1088 2001 quibus
1104 1929 1225 1984 instruit
1239 1946 1297 1985 eos
1312 1929 1443 1986 Ostendit
1458 1935 1556 1989 autern
1572 1934 1613 1990 eis
1628 1941 1758 2007 quantus

56 2029 137 2085 tione
160 2025 287 2099 populus
311 2041 380 2098 grex
404 2025 536 2079 vocaturl
555 2021 693 2078 Convenit
718 2021 825 2093 qirippe
848 2025 882 2074 ut
934 2014 1759 2098 laboreisincurubat,quiddebeantipsumrogare,quo-

58 2117 180 2179 ratione,
198 2113 329 2169 moribus
344 2117 374 2168 et
389 2111 512 2167 scientia
527 2111 753 2184 superemineat,
770 2126 823 2165 nco
837 2108 880 2163 in·
935 2107 1021 2161 modo
1037 2107 1099 2179 ipse
1116 2108 1153 2163 sit
1169 2107 1261 2163 l'neilis
1273 2125 1322 2163 eos
1333 2109 1444 2180 audire,
1457 2111 1666 2185 ‹puales,quani
1676 2131 1759 2188 expe

58 2209 194 2262 curvetur
208 2219 289 2258 more
303 2201 415 2273 pecoris
431 2201 466 2256 ad
482 2205 606 2266 terrena,
622 2201 671 2255 scd
689 2200 785 2270 potius
807 2214 882 2253 eree·
936 2195 988 2250 diti
1004 2201 1031 2251 et
1048 2213 1136 2268 quam
1153 2198 1249 2253 lestini
1265 2198 1320 2270 ipsi
1337 2198 1461 2254 debeant
1477 2216 1550 2268 esse,
1568 2204 1645 2274 quod
1662 2206 1759 2277 potius

55 2294 164 2351 tussit
188 2293 223 2348 ad
246 2290 384 2356 coelestia,
402 2308 465 2362 qua
479 2307 599 2344 sursum
616 2293 685 2344 suut
700 2289 804 2359 sapiat,
823 2304 880 2341 non

59 2400 123 2456 que
135 2398 224 2454 super
238 2384 346 2435 terram
359 2397 365 2447 ;
379 2395 409 2434 se
424 2383 453 2434 et
468 2378 601 2433 subditos
617 2394 715 2450 regere
726 2381 753 2432 et
764 2391 882 2449 pascere

57 2472 196 2529 sufficiat.
214 2470 280 2534 Sed,
299 2468 370 2541 prob
394 2467 492 2523 dolorl
510 2468 595 2523 bodie
619 2472 663 2523 est
688 2466 824 2520 sacerdos
849 2468 882 2519 ut

57 2560 196 2636 populus,
212 2560 271 2615 imo
299 2558 432 2614 deterior.
450 2558 485 2612 Et
512 2555 562 2629 qui
588 2556 725 2611 deberent
750 2572 813 2611 esse
833 2553 883 2608 lux

59 2650 251 2717 mundi,sunt
262 2647 358 2720 potius
376 2648 522 2702 fumantes
538 2662 626 2718 quam
643 2646 839 2700 llammantes.
849 2641 883 2696 Et

936 2287 1061 2341 debeant
1077 2286 1243 2358 predicere,
1252 2292 1280 2342 et
1295 2305 1353 2359 qua
1366 2287 1557 2354 utilitate,ubi
1569 2292 1760 2350 debeantma·

936 2391 1014 2440 nere,
1030 2379 1058 2429 et
1083 2375 1160 2430 unde
1183 2377 1349 2431 necessaria
1373 2394 1498 2433 sumere.
1518 2378 1604 2435 Porro
1629 2385 1760 2453 quantus

936 2462 1019 2518 labor
1033 2463 1075 2518 eis
1089 2463 1249 2529 incumbat,
1266 2466 1393 2521 ostendit
1408 2483 1474 2521 cum
1491 2467 1561 2523 dicit
1574 2486 1580 2524 :
1592 2473 1687 2527 Moesis
1698 2474 1759 2544 qui·

936 2552 996 2608 dem
1010 2555 1108 2618 pirella,
1116 2556 1237 2626 operarii
1251 2561 1343 2609 (tactem
1354 2558 1446 2626 petrei.
1463 2562 1502 2612 tc
1517 2557 1541 2612 si
1558 2562 1655 2630 aperte
1666 2560 1758 2617 dicat:

937 2641 1009 2697 Cum
1026 2642 1120 2697 multa
1135 2643 1173 2699 sit
1188 2644 1304 2707 messis,
1322 2648 1350 2699 et
1365 2661 1415 2700 vos
1429 2645 1554 2717 operarii
1575 2647 1640 2703 sitis
1663 2649 1759 2722 pauci,

59 2743 131 2813 quot
145 2737 328 2811 designavit?
344 2737 522 2808 Septuaginta
537 2735 613 2790 deos.
631 2735 671 2789 De
682 2750 804 2789 numero
816 2733 884 2786 isto·
938 2747 994 2786 non
1011 2735 1054 2786 est
1068 2732 1150 2786 vobis
1165 2733 1317 2787 otiandum
1334 2738 1361 2788 et
1375 2734 1589 2804 dormiendum,
1603 2738 1652 2794 sed
1664 2739 1761 2811 potius

58 2846 125 2885 rum
141 2825 453 2899 unusputaturbeatus
462 2824 555 2879 Lucas
563 2821 673 2894 quiboc
682 2821 883 2886 scribitetcu-
938 2836 1004 2874 cum
1022 2821 1101 2877 omni
1116 2821 1215 2877 labore
1230 2827 1259 2877 et
1274 2821 1560 2897 sollicitudineoperi
1572 2826 1758 2899 instandum;

54 2908 885 2991 jushediesolemnitatemcelebremusSaneseptuaginta
938 2914 971 2964 ut
986 2908 1110 2965 multam
1128 2927 1253 2966 messem
1270 2929 1320 2967 ros
1337 2913 1422 2982 pauci
1435 2915 1558 2985 operarii
1570 2914 1705 2989 colligere
1715 2934 1761 2972 aa·

57 2999 884 3079 duoeliguntur,quitptidemlinguarumgentibusEvan-
937 2997 1121 3064 leatis.Quod
1137 3005 1234 3055 eutem
1251 3004 1321 3055 tune
1334 3001 1474 3057 Dominus
1490 3002 1761 3072 dicebatnunenofl

57 3097 168 3172 gelium
182 3088 720 3166 Christipraedicarent.Utsieutprimo
731 3086 884 3142 duodecim
939 3087 1034 3142 dicere
1045 3105 1213 3160 possumus.
1222 3090 1364 3155 Quoniam
1377 3092 1464 3163 (quod
1476 3092 1538 3147 sine
1549 3093 1657 3164 gemitu
1666 3094 1761 3151 dicere

59 3159 921 3258 apostoliproduodecimtribubusIsraelitaseptuagintaC
941 3181 1064 3249 nequeo)
1075 3183 1104 3233 et
1119 3178 1142 3234 si
1159 3182 1230 3233 sunt
1245 3179 1294 3251 qui
1308 3180 1385 3234 bona
1399 3181 1529 3248 audiant,
1538 3181 1645 3238 desunt
1661 3183 1760 3256 quidi-

60 3272 194 3346 discipuli
211 3275 330 3345 propter
341 3268 526 3341 septuaginta
536 3265 884 3340 gentiumliuguasdesti-

57 3369 201 3418 narentur
216 3359 401 3416 erudiendas.
410 3359 491 3414 Sient
500 3360 598 3413 autem
607 3356 635 3411 in
646 3354 885 3427 apostolislorma

20 3492 29 3499 -
57 3457 105 3509 est
120 3452 334 3523 episcoporum,
353 3448 438 3502 sicin
455 3446 641 3518 septuaginta
655 3445 770 3500 duobus
791 3445 885 3499 torma

58 3546 103 3596 est
118 3541 265 3595 minorum
281 3538 475 3592 sacerdotum.
493 3536 636 3599 Secundo,
652 3533 883 3589 describiturcos

58 3629 176 3685 misisse
192 3644 259 3682 euni
275 3627 412 3682 subditur
428 3642 434 3680 :
452 3628 483 3680 lu
499 3626 574 3679 misit
596 3625 657 3680 illos
671 3625 747 3679 binos
762 3631 825 3679 erile
838 3628 883 3695 su·

55 3720 128 3775 ciem
145 3733 225 3771 auum
240 3733 270 3771 m
282 3731 388 3771 omnem
402 3716 539 3770 ciuitatem
553 3713 677 3769 cillanem
691 3728 743 3786 quo
757 3720 816 3768 erat
826 3715 884 3784 ipso

55 3815 196 3864 venturas.
214 3806 294 3869 Ecce,
312 3806 416 3860 iratres
432 3803 499 3869 mei,
516 3803 562 3858 hic
579 3801 715 3874 discipuli
731 3818 789 3857 non
805 3819 822 3857 a
837 3819 882 3858 se·

56 3895 200 3970 metipsis,
225 3895 276 3950 sed
302 3911 319 3949 a
342 3893 465 3948 Domino
486 3892 636 3965 eliguntur
658 3896 687 3946 et
712 3891 880 3946 mittuntur.

55 4009 70 4038 ι(
86 3986 176 4042 Nemo
192 3985 280 4049 enirn,
297 3987 328 4038 ut
342 3983 383 4039 ait
398 3981 558 4054 apostolus,
576 3981 631 4036 sibi
648 3979 774 4036 assumit
794 3980 882 4036 hono-

56 4091 128 4139 rem,
145 4074 196 4129 sed
222 4074 271 4145 qui
296 4076 414 4128 vocatus
429 4075 473 4126 est
488 4075 521 4125 ut
538 4076 633 4125 Aaron
651 4070 659 4141 (
674 4071 754 4126 lledr.
771 4070 831 4141 vl.»
848 4070 882 4124 Et

56 4163 125 4220 alibi
143 4180 150 4217 z
167 4184 180 4213 a
198 4163 358 4228 Quomodo,
371 4160 476 4231 inquit,
484 4159 683 4231 predicabant
698 4157 753 4212 nisi
764 4158 881 4213 mittan·

54 4252 123 4308 turi
135 4274 148 4301 ι
167 4252 300 4324 (amns.)
316 4251 350 4304 Et
363 4249 419 4305 hoo
434 4252 533 4320 aperte
547 4252 591 4302 est
606 4252 709 4302 contra
724 4239 880 4318 quosdam,

56 4341 106 4414 qui
122 4340 308 4412 impudenter
318 4338 492 4410 semetipsos
503 4335 680 4408 eligunt,qui
690 4352 721 4390 se
730 4335 879 4406 ingerunt,

56 4427 324 4503 quiecclesiasticas
336 4425 552 4500 dignitates,vel
565 4425 710 4498 precibus,
717 4423 761 4479 vel
775 4423 878 4497 pretio,

938 3267 1099 3322 eant:Ecce
1114 3267 1279 3323 sacerdotes
1296 3267 1526 3325 innumerabiles
1540 3276 1619 3337 sunt,
1627 3274 1760 3328 ettamen

938 3358 967 3412 in
984 3373 1079 3412 messe
1095 3356 1145 3411 Dei
1161 3373 1244 3410 rarus
1262 3357 1405 3428 reperitur
1419 3359 1683 3430 operariusbonus,
1691 3361 1761 3434 quia

939 3445 1759 3521 olliciumquidenrsacordotalelibentersuscipimus,sed

939 3552 1012 3607 opus
1028 3536 1113 3589 etilcii
1131 3552 1188 3589 non
1204 3534 1372 3607 implemus.
1387 3536 1417 3591 El
1435 3536 1509 3608 perit
1524 3537 1762 3596 multitudomes·

938 3625 1016 3680 siurn
1034 3624 1306 3696 proptcrpigritiarn
1316 3626 1526 3696 operariorum.
1537 3627 1761 3701 Secundo,quid

938 3730 1040 3787 rogare
1066 3713 1190 3768 debcant
1215 3714 1343 3769 ostendit
1357 3730 1424 3770 curn
1442 3715 1542 3772 subdit
1560 3733 1566 3771 :
1583 3718 1684 3786 Repeto
1697 3733 1762 3788 erpo
1821 3702 1826 3711 ⁸

937 3803 1079 3860 torneiam
1092 3804 1235 3870 pressiset
1248 3805 1339 3859 rnittot
1352 3806 1490 3875 operarios
1506 3807 1537 3860 ia
1550 3822 1662 3862 messem
1671 3823 1760 3863 suam.

937 3891 996 3946 Hoc
1021 3891 1098 3946 enim
1115 3895 1176 3946 tota
1194 3891 1321 3948 Ecclesia
1341 3893 1427 3949 debet
1451 3894 1580 3967 quotidie
1604 3895 1762 3952 Dominum

937 3996 1048 4052 rogare,
1057 3984 1088 4034 ut
1104 3981 1201 4036 nrittat
1211 3985 1309 4038 tantos
1317 3987 1345 4037 et
1353 3982 1427 4037 tales
1438 3984 1585 4055 operarios
1596 3984 1626 4039 in
1635 4000 1762 4041 messem

937 4069 1090 4141 suaui,qui
1107 4069 1185 4142 digni
1196 4074 1223 4125 et
1233 4070 1315 4142 probi
1331 4071 1391 4126 sint
1406 4089 1471 4127 eam
1487 4073 1634 4128 custodire
1645 4077 1673 4129 et
1683 4072 1763 4130 colli·

936 4173 1003 4229 gere
1018 4158 1048 4211 in
1064 4157 1168 4212 horrea
1183 4158 1374 4214 beatitudinis
1391 4165 1513 4215 eterna.
1533 4162 1680 4235 Rogemus
1691 4178 1761 4236 ergo

936 4246 1105 4311 Dominum,
1123 4263 1175 4301 nos
1192 4251 1331 4317 pastores.
1350 4249 1457 4322 Rogata
1473 4254 1501 4305 et
1515 4266 1566 4306 ros
1591 4268 1642 4324 pro
1665 4251 1760 4322 nobis,

935 4334 1039 4390 iratres
1049 4335 1114 4401 moi,
1124 4340 1270 4407 qnatenus
1279 4341 1307 4392 et
1316 4353 1369 4392 nos
1378 4337 1470 4393 bonos
1483 4340 1760 4411 operarioselliciat,

936 4427 965 4479 et
980 4421 1053 4478 alios
1068 4422 1203 4495 suppleat
1225 4425 1261 4478 ad
1289 4424 1429 4481 bonorem
1456 4426 1585 4483 nominis
1610 4428 1665 4494 sui,
1682 4433 1710 4483 et
1725 4429 1761 4486 ad

55 4518 100 4575 vel
113 4516 251 4574 violentia
267 4517 392 4588 rapiunt,
410 4516 448 4570 De
475 4515 582 4587 quibus
606 4513 748 4569 Dominus
766 4530 771 4568 :
788 4528 804 4563 a
822 4513 880 4586 lpsi
895 4533 919 4594 Ι)
936 4511 1091 4567 utilitatem
1116 4513 1207 4567 nostri
1229 4517 1257 4568 et
1281 4513 1378 4568 rastri.
1396 4514 1511 4570 Utilitas
1534 4516 1642 4589 quippe
1662 4521 1762 4574 nostra

57 4610 260 4681 regnaverunt,
274 4607 325 4661 sed
341 4621 398 4660 non
415 4621 448 4660 ex
464 4621 519 4659 me.
534 4603 681 4674 Principes
696 4602 876 4668 exstitetunt,

55 4701 150 4770 elego
166 4694 296 4769 ignoravi
311 4693 383 4762 (dee.
399 4695 470 4765 vin).
489 4717 500 4742 ι
518 4694 557 4748 Ex
572 4709 603 4749 se
621 4708 758 4765 namque,
777 4695 804 4747 et
820 4708 878 4748 non

55 4800 91 4842 ex
111 4784 232 4841 arbitrio
248 4783 358 4838 summi
371 4782 501 4839 Rectoris
513 4781 702 4855 regnant,qui
715 4780 804 4836 nullis
813 4779 878 4835 lulti

53 4873 224 4938 virtutibus,
241 4890 299 4928 non
315 4871 454 4927 divinitus
466 4871 569 4937 vocati,
581 4871 631 4926 sed
645 4886 699 4924 sua
719 4869 880 4942 eupiditate

55 4962 199 5026 succensi,
208 4961 339 5035 regimen
347 4959 877 5032 rapiuntmagisquamassequantur.

54 5052 133 5118 Quos
148 5052 281 5106 internus
295 5050 388 5107 Judex
405 5049 535 5122 provebit
549 5052 578 5104 et
593 5048 696 5115 nescit,
712 5049 782 5120 quia
806 5065 879 5119 quos

54 5139 251 5212 permittendo
275 5138 389 5204 tolerat,
414 5155 465 5210 per
494 5136 640 5209 judicium
668 5136 880 5208 reprobationis

54 5228 222 5302 ignoratdt
235 5230 321 5292 misit,
330 5227 435 5300 inquit,
442 5243 486 5282 eos
502 5228 588 5282 binos.
603 5225 665 5280 Non
682 5225 780 5280 minus
790 5242 879 5297 quam

55 5317 133 5374 inter
146 5318 220 5374 duos
236 5318 340 5374 iratres
360 5317 487 5371 fraterna
502 5314 629 5371 charitas
648 5317 745 5383 potest
759 5314 879 5369 demon-

57 5406 156 5473 strari,
172 5423 225 5462 nec
237 5408 335 5462 minus
352 5421 441 5477 quam
457 5405 514 5459 duo
530 5402 682 5459 sufficiunt
696 5402 732 5456 ad
746 5402 878 5458 testimo·

57 5495 141 5553 niun]
152 5495 294 5559 veritatis,
302 5494 414 5549 dicente
425 5492 548 5548 Domino
558 5491 685 5565 quia«in
696 5507 745 5547 ore
753 5492 879 5547 duorum

56 5584 102 5644 vel
118 5586 209 5642 trium
226 5584 356 5648 testium,
364 5581 878 5651 statomnoverbum(Mottiaxvudm

933 4607 1029 4657 vestra
1044 4606 1097 4669 est,
1114 4606 1142 4656 et
1158 4600 1268 4658 utilitas
1283 4608 1380 4659 vestra
1395 4608 1498 4659 nostra
1512 4610 1565 4674 est,
1584 4605 1653 4677 quia
1670 4605 1694 4660 si
1710 4623 1762 4662 vos

936 4691 1017 4746 bone
1032 4708 1098 4746 ores
1109 4691 1251 4754 astismos
1263 4692 1447 4748 erationibus
1456 4699 1485 4747 et
1493 4694 1646 4750 benefidiis
1657 4695 1762 4752 vestris

935 4780 1116 4836 sustentetis.
1129 4785 1271 4835 Damnum
1288 4798 1407 4854 quoque
1418 4786 1553 4839 nostrum
1570 4787 1760 4850 vestrumest,

935 4869 1074 4941 quoniam
1088 4868 1112 4923 si
1127 4869 1217 4941 (quod
1233 4870 1311 4925 absit
1321 4871 1341 4940 l)
1356 4871 1393 4926 ab
1409 4872 1504 4927 officio
1518 4872 1585 4928 boni
1597 4873 1722 4945 pastoris
1734 4878 1762 4930 et

933 4959 993 5013 vita
1007 4958 1213 5023 exorbitamus,
1231 4976 1281 5014 ros
1297 4960 1459 5017 exorbitare
1476 4961 1610 5018 lauimus.
1623 4961 1760 5020 Vestrum

935 5063 1053 5120 quoque
1077 5047 1219 5102 damnum
1245 5054 1380 5104 nostrum
1396 5053 1440 5105 est
1460 5051 1612 5122 quoniam,
1628 5051 1653 5107 si
1669 5053 1759 5124 (quod

935 5136 1011 5191 absit
1020 5136 1038 5206 t)
1048 5153 1126 5191 unus
1139 5141 1269 5193 restrum
1281 5138 1440 5210 perit,inde
1451 5138 1540 5194 timor
1549 5139 1761 5197 etdolornobis

935 5225 1081 5281 accrescit.
1098 5226 1190 5293 Certe,
1202 5231 1321 5297 propter
1337 5232 1457 5299 peecata
1473 5228 1584 5301 populi,
1602 5229 1761 5287 sinitDeus

935 5330 1055 5387 regnare
1071 5314 1264 5387 hypocritam,
1273 5321 1306 5372 ut
1317 5321 1438 5390 apparet
1447 5317 1476 5372 in
1491 5318 1589 5374 Saule.
1601 5320 1636 5375 Et
1645 5323 1762 5392 propter

934 5408 1053 5476 peccata
1069 5404 1234 5476 principum
1251 5405 1586 5477 velsacerdotunr,renit
1597 5409 1760 5480 persecutio

935 5510 1023 5565 super
1049 5493 1200 5566 populum,
1219 5495 1296 5566 quod
1319 5501 1441 5567 apparet
1465 5497 1494 5552 in
1515 5497 1584 5553 liliis
1599 5497 1672 5566 lleli,
1689 5498 1760 5554 etin

934 5581 1034 5638 David.
1050 5581 1194 5648 Quoniam
1209 5582 1299 5656 igitur
1313 5583 1354 5641 sio
1371 5600 1425 5642 nos
1440 5589 1573 5658 pastores
1588 5590 1618 5642 et
1631 5602 1682 5644 vos
1693 5585 1761 5642 sul>
