3816 6006
155 245 212 306 811
407 242 459 303 An
481 240 739 306 GODDPRIDUM
761 240 927 303 APPDND.
948 238 988 301 11.
1003 269 1044 287 ·-
1064 238 1221 304 benun.
1245 240 1296 302 DE
1317 240 1599 307 nemetense.
1652 288 1655 292 ,
1801 240 1859 303 Sl!

155 381 320 450 desuntque
336 393 385 432 sex
400 375 512 442 cxillis,
524 380 552 430 et
560 393 609 431 sex
618 393 707 448 eques
717 375 909 431 retinuerunt.
923 372 983 428 ltin
996 373 1023 440 Α
1038 374 1120 447 ginta
1135 375 1171 430 ab
1188 374 1263 442 aliis,
1281 379 1309 430 et
1324 373 1859 431 invenerunttriamilliaeamelerum.

156 468 202 524 die
217 466 349 522 exierunt
364 463 399 520 dc
409 464 534 520 exercitu
547 464 653 520 Christi
666 464 849 520 Raimundus
862 462 981 529 Piletus,
1037 462 1142 519 Omnia
1156 480 1222 519 vero
1236 462 1294 520 ista
1308 462 1448 519 animalia
1462 465 1644 520 deduxerunt
1659 454 1694 519 ad
1704 463 1861 519 exercitum

155 561 185 612 et
200 555 383 611 Raimundus
397 554 557 609 vicecomes
573 554 608 608 de
624 554 736 608 Torena
751 550 875 614 civitate,
893 554 922 605 et
936 566 982 604 vc·
1037 550 1154 619 Christi,
1182 552 1259 607 unde
1283 551 1354 608 satis
1381 552 1436 608 tuit
1449 551 1515 608 laeta
1530 556 1590 609 tota
1616 551 1723 608 Christi
1747 551 1862 606 militia.

156 648 264 701 nerunt
279 648 345 699 ante
361 644 514 699 'tortosam
526 642 670 697 civitatem
681 638 982 705 enmsuismilitibus3
1038 640 1130 696 Naves
1146 641 1254 713 quippe
1276 647 1381 697 nostres
1400 647 1543 698 venerunt
1565 660 1655 715 prope
1678 659 1732 698 nes
1747 641 1778 697 in
1794 658 1865 714 que·

157 733 338 808 pratiatique
354 737 424 787 sunt
449 732 559 787 sortiter
584 729 675 797 illurn,
699 747 762 802 qnae
787 732 849 783 erat
870 727 984 782 mnnita
1038 714 1105 785 darn
1124 735 1220 800 portu,
1238 729 1370 802 qnandiu
1387 731 1499 786 suimus
1513 730 1543 785 in
1554 747 1587 786 ea
1597 730 1777 801 obsessione,
1793 729 1867 787 dele-

157 822 285 878 maxima
300 821 490 877 multitudine
506 836 698 893 paganorum.
716 819 786 874 Sero
801 822 898 873 autem
919 817 982 887 jam
1038 822 1134 874 rentes
1151 819 1311 875 maximum
1323 825 1497 888 mercatum,
1508 819 1868 888 seilicetfrumentumvi·

157 912 244 979 lacto,
261 913 443 967 recesserunt
458 910 551 965 nostri
566 908 596 963 in
612 909 740 980 quodam
763 905 879 979 angulo,
899 905 985 976 juxta
1039 923 1122 975 num,
1140 912 1167 963 et
1184 925 1298 975 carnes,
1315 913 1343 964 et
1368 925 1479 977 caseos,
1496 912 1526 964 et
1540 908 1647 978 oleum,
1671 914 1700 965 et
1712 909 1866 978 hordeum,

157 999 273 1066 silvam,
289 992 984 1071 ibiquehospitatileceruntfieriinnumerabiles
1039 996 1116 1051 unde
1132 997 1391 1054 maximaubertas
1400 998 1456 1053 luit
1469 999 1498 1053 in
1506 1002 1567 1054 toto
1575 999 1669 1055 hoste.
1685 997 1867 1055 Inillsnam·

157 1089 249 1162 ignes,
267 1088 351 1160 quasi
369 1085 742 1143 adessetomnisexereitus
751 1083 983 1139 Christianorum
1039 1099 1095 1154 que
1106 1083 1276 1141 obsessione
1284 1084 1408 1141 feliciter
1418 1086 1592 1159 martyrium
1603 1085 1702 1159 plures
1712 1103 1745 1142 ex
1756 1085 1865 1144 nostris

157 1177 238 1245 Quod
253 1177 387 1233 videntes
409 1175 527 1248 pagani,
546 1173 671 1231 maximo
694 1177 803 1229 terrore
827 1169 983 1243 perterriti,
1039 1178 1221 1244 receperunt,
1237 1172 1380 1242 videlicet,
1396 1174 1520 1231 Peneius
1536 1175 1572 1231 de
1587 1174 1707 1243 Baulan,
1723 1180 1752 1232 et
1766 1175 1866 1233 Auset-

156 1272 242 1325 noete
256 1266 357 1321 suctim
373 1265 520 1337 sugerunt,
534 1268 562 1320 et
577 1263 753 1320 dimiserunt
767 1261 913 1316 civitatem
928 1259 985 1332 ple·
1039 1276 1107 1315 mus
1122 1260 1157 1315 de
1173 1261 1364 1332 tlisbemnnd,
1378 1261 1588 1319 ctGuillelmus
1600 1263 1747 1331 Pieardus,
1764 1264 1864 1336 etalii,

156 1373 225 1413 nam
240 1354 377 1428 plurimis
402 1353 566 1426 bonisque
592 1353 649 1408 sita
669 1355 713 1407 est
726 1367 816 1422 supra
840 1348 983 1422 optimum
1039 1363 1165 1420 querum
1181 1350 1300 1406 nomina
1315 1350 1422 1408 nescio.
1439 1353 1481 1408 lta
1494 1353 1866 1411 verolenueruntilludee-

156 1449 275 1520 portum
291 1443 391 1499 maris.
408 1442 541 1498 Crastina
557 1445 653 1497 nutem
670 1440 717 1495 die
731 1443 873 1495 venerunt
893 1435 984 1493 nostri
1040 1441 1134 1493 strum
1149 1439 1352 1510 supradictum
1368 1458 1420 1513 per
1428 1447 1486 1498 tres
1495 1458 1620 1512 menses,
1631 1443 1729 1500 minus
1739 1462 1799 1502 uun
1807 1445 1867 1502 die.

156 1533 276 1601 milites,
293 1536 430 1607 putantes
447 1531 577 1602 undique
593 1529 731 1584 invadere
746 1526 839 1597 ittam,
861 1542 985 1599 eamque
1039 1526 1141 1598 Ibique
1158 1527 1212 1583 luit
1222 1528 1372 1599 judicium
1390 1531 1498 1586 laetum
1515 1532 1551 1588 de
1566 1531 1667 1589 lancea
1681 1533 1798 1590 Domini
1816 1551 1870 1591 vur

156 1624 328 1680 invenerunt
341 1637 463 1677 vacuam
479 1619 629 1693 gentibus,
647 1622 675 1673 et
690 1617 832 1673 intrantes
849 1616 878 1670 in
889 1633 922 1671 ea
936 1615 985 1670 ha·
1040 1613 1102 1670 Kal.
1120 1615 1236 1687 Aprilis,
1254 1617 1352 1690 ibique
1374 1619 1487 1676 Pascha
1509 1621 1625 1677 Domini
1650 1621 1871 1680 celebraverunt

155 1712 331 1778 bitaverunt,
348 1708 479 1782 quandiu
494 1707 624 1764 obsessio
642 1705 697 1761 tuit
711 1710 777 1760 ante
793 1708 921 1759 castrum
932 1703 984 1757 Ar·
1039 1720 1067 1758 tv
1086 1703 1127 1759 ld.
1143 1705 1263 1776 Aprilis.

79 1827 80 1830 ¹
155 1801 227 1857 cha.
244 1800 336 1872 Prope
350 1799 436 1854 istam
452 1801 496 1854 est
512 1795 570 1853 alia
586 1797 668 1864 urbs,
683 1812 747 1867 que
763 1793 872 1849 dieitur
890 1792 984 1847 ltara·
1172 1797 1227 1849 Ilie
1241 1798 1297 1866 sitit
1306 1797 1445 1869 judicium
1460 1798 1492 1854 de
1507 1799 1601 1856 lancea
1615 1802 1733 1857 Domini.

156 1890 227 1947 elea.
244 1887 415 1955 Amiralius,
432 1885 481 1959 qui
498 1901 561 1941 enm
573 1885 701 1957 regebat,
728 1887 831 1955 paetus
851 1885 895 1937 est
916 1897 984 1935 cum
1075 1882 1134 1937 llex
1148 1899 1265 1955 queque
1279 1884 1404 1958 Tripolis
1419 1904 1495 1959 saepe
1511 1887 1645 1945 mittebat
1661 1888 1779 1947 nuntios
1799 1889 1869 1947 Ilei·

157 1977 276 2046 nostris,
294 1980 322 2032 et
336 1976 417 2031 misit
433 1978 549 2031 nostros
564 1973 640 2028 intra
660 1972 816 2040 civitatem,
833 1975 861 2026 ct
881 1967 985 2025 vexilla
1039 1970 1149 2025 mundo
1165 1971 1266 2027 Sancti
1275 1973 1390 2046 AEgidii,
1408 1980 1440 2030 ut
1454 1975 1617 2033 dimisisset
1643 1982 1783 2035 castrum.
1805 1982 1867 2035 Au·

156 2071 266 2126 noma·
301 2157 351 2210 ttie
365 2153 523 2210 obsederunt
540 2152 673 2209 (libellum
690 2151 836 2206 ctuitotem.

190 2244 246 2300 Alii
262 2259 377 2317 quoque
393 2241 532 2309 seniores,
550 2240 599 2312 qui
615 2237 875 2303 eranthntiecbize,
886 2234 984 2292 videli-

1039 2057 1152 2114 dientes
1168 2059 1222 2116 hec
1240 2062 1338 2133 itaque
1354 2065 1446 2120 nostri
1474 2066 1613 2135 seniores,
1638 2066 1772 2124 videlicet
1796 2067 1866 2125 Rai-

1039 2148 1168 2203 mundus
1184 2149 1283 2206 Sancti
1307 2151 1422 2224 AEgidii,
1439 2158 1468 2209 et
1482 2154 1540 2210 dux
1564 2155 1748 2224 Godctridus‚
1764 2160 1793 2213 et
1807 2157 1865 2215 llo·

1038 2235 1152 2293 lbertus
1167 2254 1264 2295 comes
1276 2240 1473 2310 Ptandrensis,
1486 2246 1514 2298 et
1523 2244 1866 2303 RotbertnsNerthman·

155 2339 201 2391 cet
215 2335 274 2390 dux
289 2330 474 2396 Godetridus,
490 2334 518 2385 et
534 2328 723 2385 Flandrensis
738 2344 836 2383 eomes
861 2326 982 2381 llotber·
1037 2341 1104 2391 nus,
1131 2331 1160 2381 et
1182 2327 1230 2382 alii
1255 2329 1412 2404 peregrini,
1435 2336 1464 2387 ct
1487 2349 1521 2388 ex
1544 2332 1602 2390 alin
1625 2339 1706 2407 parte
1729 2334 1862 2393 videntes

153 2427 212 2491 tus,
230 2426 258 2478 et
272 2420 471 2487 Boamundus,
480 2423 623 2474 venerunt
639 2416 871 2490 usqueLiehiam
888 2414 983 2469 eivita-

154 2518 225 2580 tem,
242 2513 398 2583 sequentes
413 2508 612 2564 Raimundum
629 2507 728 2562 Sancti
744 2505 858 2578 AEgidii,
881 2504 982 2575 ltaque

153 2599 345 2658 boamundus
357 2596 502 2670 separavit
518 2612 548 2653 se
558 2596 594 2651 ab
604 2595 680 2662 aliis,
690 2600 718 2650 et
727 2595 911 2649 reversusest
922 2593 981 2646 An·

156 2689 306 2747 tioehiam.
323 2687 387 2742 Dux
401 2702 518 2759 quoque
544 2683 729 2748 Godetridus‚
745 2687 774 2738 et
796 2679 992 2738 l'landrensis·

154 2762 262 2843 canios,
279 2780 434 2849 sequentes
451 2772 650 2830 Raimundum
662 2772 759 2828 Sancti
772 2768 876 2842 AEgidii
887 2785 983 2841 perve-

154 2871 262 2924 nerunt
277 2866 312 2921 ad
328 2864 488 2936 quemdam
511 2862 667 2928 civitatem,
683 2859 729 2916 cui
753 2875 859 2914 nemen
882 2856 980 2913 Gihel·

154 2956 227 3024 lnm,
249 2971 338 3028 quarn
365 2952 476 3009 lortiter
496 2951 696 3018 obsesserunt,
711 2955 739 3005 et
754 2946 875 3021 praeliati
900 2950 979 3002 sunt.

1037 2413 1150 2470 tructus
1166 2433 1254 2472 nevos
1269 2435 1449 2490 properasse,
1466 2421 1606 2493 queniam
1622 2424 1652 2478 in
1667 2440 1768 2481 mense
1783 2425 1861 2481 llar-

1036 2501 1075 2557 tio
1087 2504 1305 2561 manducabant
1320 2524 1409 2563 novas
1424 2509 1517 2576 sabas,
1533 2515 1561 2565 et
1579 2511 1609 2568 in
1624 2513 1720 2570 medio
1741 2530 1862 2587 queque

1036 2591 1127 2663 Aprili
1145 2610 1250 2650 novum
1275 2596 1467 2665 trumentum,
1490 2599 1635 2656 consiliati
1650 2594 1784 2674 'majores
1800 2603 1860 2660 sive

1034 2679 1162 2735 minores
1178 2681 1323 2752 dicebant,
1341 2686 1417 2757 qnod
1433 2686 1544 2743 bonum
1558 2694 1635 2744 esset
1651 2690 1860 2764 Hierosolymi-

1035 2771 1137 2823 tanum
1162 2770 1217 2825 iter
1241 2789 1307 2827 cnm
1332 2773 1414 2830 nevis
1438 2776 1582 2833 fructibus
1609 2778 1744 2852 incipere.
1770 2780 1861 2836 Etita

1035 2853 1227 2914 laudaverunt
1241 2878 1342 2919 omnes
1359 2863 1451 2919 lucere
1467 2864 1607 2937 placitum
1622 2884 1689 2923 eum
1705 2884 1781 2942 rege.
1797 2870 1861 2926 Dis-

1035 2952 1188 3003 cesserunt
1204 2949 1293 3022 igitur
1308 2969 1325 3007 a
1339 2958 1444 3022 castro,
1460 2959 1489 3027 et
1502 2961 1695 3028 pervenerunt
1716 2956 1859 3030 Tripolim

155 3033 340 3102 boimundus
353 3057 469 3115 quoque
484 3043 547 3096 erat
557 3039 585 3094 in
597 3038 764 3095 obsessione
772 3036 882 3103 Archa,
897 3052 981 3091 vene·
1034 3033 1064 3089 in
1080 3039 1256 3106 senatoria,
1274 3041 1307 3096 ts
1324 3042 1370 3097 dic
1384 3041 1511 3099 intrante
1527 3045 1614 3113 Maio,
1631 3046 1728 3119 ibique
1739 3064 1791 3119 per
1800 3054 1859 3105 tres

155 3138 283 3207 runtque
299 3132 354 3188 sibi
370 3130 464 3186 nuntii
480 3130 558 3203 qued
574 3129 679 3202 pagani
690 3128 846 3183 veniebant
857 3124 981 3198 praeliari
996 3116 1017 3181 C
1037 3123 1099 3180 dies
1115 3128 1218 3183 morati
1234 3135 1314 3186 sunt.
1330 3130 1364 3185 tn
1379 3134 1572 3190 concordatus
1589 3134 1643 3190 tuit
1661 3152 1711 3191 res
1732 3136 1860 3211 Tripolis

153 3240 221 3281 curn
238 3239 281 3278 ce.
299 3220 349 3277 tlte
363 3236 480 3292 queque
495 3218 575 3274 misit
585 3219 753 3291 episcopum
769 3215 892 3271 Albariae
910 3213 977 3269 duci
1032 3229 1099 3268 cum
1114 3215 1279 3273 tlaimnndo
1296 3219 1393 3275 Sancti
1408 3222 1526 3295 AEgidii,
1541 3229 1570 3278 et
1591 3240 1657 3279 enm
1682 3224 1748 3281 aliis
1762 3225 1859 3283 senio·

127 3321 131 3329 '
153 3312 318 3377 Godetrid0,
334 3312 363 3365 et
378 3309 516 3365 Rotberto
528 3307 697 3363 Flandrensi
710 3303 819 3371 comiti,
832 3309 976 3376 quatenus
1032 3300 1124 3372 ribus,
1141 3303 1258 3379 illisque
1273 3309 1411 3367 continuo
1427 3311 1561 3368 dissolvit
1575 3311 1733 3386 plusquam
1749 3319 1859 3372 trecen·

152 3402 300 3458 venissent
315 3399 350 3454 ad
367 3401 496 3453 castrum
511 3394 621 3460 Archa,
646 3395 785 3467 quoniam
807 3392 913 3466 pagani
928 3409 976 3447 ve·
1031 3394 1076 3446 tos
1092 3394 1270 3467 peregrinos,
1288 3399 1338 3470 qni
1354 3398 1413 3454 illic
1429 3390 1504 3473 capti
1521 3407 1604 3458 erant
1618 3403 1653 3459 de
1669 3403 1757 3476 priori
1769 3404 1857 3462 bello,

152 3489 274 3547 niebant
288 3486 418 3559 undique
433 3485 600 3558 congregati
616 3500 746 3556 pugnare
757 3499 823 3538 cum
836 3499 868 3539 eo
884 3487 912 3538 et
923 3499 977 3538 sna
1031 3480 1066 3535 ut
1076 3480 1157 3537 dedit
1171 3484 1337 3544 [laimundo
1353 3487 1520 3560 quindecim
1535 3491 1642 3548 miltlia
1656 3493 1819 3567 bysantios,
1830 3496 1860 3552 et

151 3582 245 3652 gente.
258 3575 339 3643 Quod
356 3592 422 3631 eum
439 3573 570 3629 audisset
584 3572 641 3628 dux
657 3571 840 3640 Godetridus,
856 3579 885 3627 et
897 3570 977 3628 Flan·
1031 3570 1197 3642 quindecim
1213 3578 1513 3650 equosmagnipretii,
1530 3585 1559 3636 et
1572 3581 1638 3637 tecit
1650 3580 1707 3638 illis
1717 3600 1857 3657 magnum

152 3667 267 3724 drensis
280 3681 388 3732 cernes,
404 3663 535 3719 lecerunt
552 3660 690 3734 placitum
710 3678 777 3716 cum
799 3660 975 3729 ammiralio,
1030 3665 1193 3718 mercatum
1209 3664 1272 3719 fieri
1287 3666 1322 3721 de
1337 3667 1431 3739 equis,
1448 3673 1475 3724 et
1491 3668 1592 3737 asinis,
1609 3674 1638 3725 et
1662 3687 1747 3742 pane,
1763 3679 1793 3730 et
1807 3692 1858 3731 ea-

60 3748 62 3753 ’
149 3755 199 3830 qni
215 3755 257 3811 eis
272 3769 364 3825 eqnos
372 3751 655 3824 etbysantiosdedit‚
666 3756 694 3807 et
701 3750 886 3822 promisiteis
897 3751 975 3822 quod
1030 3749 1099 3816 seis,
1116 3754 1145 3806 et
1158 3754 1274 3823 pannis,
1292 3759 1319 3810 et
1334 3757 1472 3814 omnibus
1488 3757 1582 3814 bonis.
1605 3759 1687 3816 Unde
1707 3762 1798 3819 nimis
1813 3764 1858 3820 di·

148 3845 179 3901 in
194 3846 300 3901 damno
317 3840 478 3914 peregrinis
494 3839 587 3896 saneti
596 3839 721 3913 sepulcri
732 3838 923 3912 ampliusnon
933 3856 976 3895 es·
1030 3842 1091 3895 tata
1106 3840 1161 3895 tuit
1173 3845 1234 3897 tota
1249 3842 1356 3900 Christi
1373 3845 1485 3902 militia.
1505 3848 1539 3903 ut
1554 3849 1687 3905 convenit
1702 3850 1761 3906 illis
1776 3855 1856 3924 quod

148 3938 202 3991 set.
219 3934 282 3989 Dux
297 3930 481 3996 Godetridus,
498 3933 527 3985 et
542 3928 729 3984 Flandrensis
745 3944 842 3984 eomes
858 3928 976 3984 tlotber-
1030 3929 1054 3983 si
1071 3929 1179 3985 bellum
1196 3933 1349 3989 devincere
1364 3936 1541 4006 potuissent,
1556 3938 1633 4010 qnod
1651 3938 1692 3994 eis
1707 3939 1857 3998 Ammim.

146 4027 205 4093 tus,
223 4022 394 4079 festinanter
410 4023 598 4092 perrexerunt
613 4019 648 4073 ad
662 4017 862 4074 Raimundum
875 4017 974 4073 Sancti
1030 4015 1087 4072 lius
1103 4020 1294 4091 preparabat,
1312 4025 1340 4076 et
1355 4021 1535 4079 Hierusalem
1551 4025 1768 4104 apprehendere
1782 4029 1858 4085 vele-

147 4111 252 4185 AEgidii
269 4110 298 4166 in
315 4109 471 4182 adjutorio,
489 4113 516 4166 et
527 4108 664 4180 hospitati
675 4110 972 4164 snntsceuseastrum
1030 4110 1103 4174 rent,
1129 4106 1177 4163 ille
1202 4109 1385 4165 Christianus
1406 4112 1569 4168 efficeretur
1583 4118 1612 4169 et
1626 4118 1735 4171 terram
1757 4117 1795 4172 ab
1811 4119 1856 4174 eis

142 4201 229 4273 juxta
243 4199 377 4256 tluvium.
394 4203 495 4272 Itaque
509 4199 687 4254 obsederunt
703 4201 843 4252 castrum.
860 4195 916 4251 Sed
930 4193 973 4249 illi
1028 4195 1180 4268 acciperet.
1198 4198 1320 4270 Talique
1335 4205 1478 4256 conventu
1493 4201 1633 4274 placitum
1650 4203 1783 4262 locutum
1800 4207 1857 4264 luit

146 4289 306 4364 supradicti
322 4285 972 4362 paganiminimeveneruntadpugnemNon
1029 4287 1115 4357 atque
1144 4285 1264 4342 laetum.
1291 4288 1393 4344 Postea
1417 4290 1618 4348 discesserunt
1635 4311 1652 4349 a
1668 4294 1785 4353 civitate
1810 4314 1856 4354 se·

145 4384 212 4452 pest
226 4377 409 4435 multosdies
424 4377 630 4449 equitaverunt
646 4375 738 4431 nostri
755 4380 856 4430 contra
870 4373 972 4445 Tripo-
1028 4374 1124 4428 sunda
1139 4374 1211 4430 teria
1226 4377 1314 4431 medii
1329 4378 1407 4446 Maii,
1433 4380 1692 4454 transiveruntque
1706 4401 1759 4456 per
1776 4387 1855 4445 viam

145 4468 208 4536 lim,
226 4471 254 4524 et
268 4467 441 4524 invenerunt
458 4470 539 4522 extra
554 4464 700 4521 civitatem
722 4464 842 4529 Torone,
859 4464 970 4517 ethra·
986 4481 1010 4546 Ι)
1026 4466 1136 4518 arctam
1153 4468 1181 4519 et
1197 4465 1319 4521 arduam
1334 4471 1395 4522 tota
1411 4467 1457 4523 die
1472 4474 1501 4525 et
1516 4475 1610 4536 nocte,
1621 4477 1650 4528 et
1660 4480 1857 4544 pervenerunt

144 4558 206 4625 bes,
223 4561 251 4613 et
276 4557 460 4624 Sarracenos,
486 4572 561 4628 quos
584 4553 753 4610 invaserunt
777 4552 925 4618 continuo,
942 4557 970 4606 et
1025 4551 1061 4605 ad
1078 4556 1219 4619 castrum,
1235 4553 1281 4608 cui
1298 4558 1570 4615 nomenBethelon.
1581 4560 1858 4637 Deindeappropin.

143 4645 288 4702 miserunt
305 4662 354 4701 eos
379 4645 409 4701 iu
432 4645 543 4717 lugam,
558 4647 586 4700 et
611 4641 782 4697 oeciderunt
806 4641 964 4695 maximnm
1024 4647 1187 4711 quaverunt
1201 4642 1320 4712 civitati,
1337 4661 1399 4717 qua
1414 4646 1521 4702 dicitur
1533 4647 1749 4708 Gibelenseens
1760 4670 1855 4724 mare,

142 4737 254 4807 partem
270 4734 413 4791 nobilium
438 4733 573 4789 civitatis.
595 4733 689 4788 Tanta
704 4729 760 4785 tuit
783 4745 964 4802 paganorum
1026 4727 1055 4782 in
1072 4746 1130 4801 qna
1145 4730 1225 4802 pessi
1241 4732 1359 4788 luerunt
1374 4751 1514 4808 magnam
1530 4737 1621 4806 sitim,
1638 4739 1724 4794 etsie
1745 4741 1856 4800 defessi

140 4822 257 4893 occisio,
273 4828 302 4880 et
323 4821 476 4897 sanguinis
498 4821 616 4877 illorum
638 4818 751 4886 effusio,
775 4817 853 4890 quod
875 4819 963 4874 etiam
1019 4823 1213 4889 pervenerunt
1228 4821 1399 4889 adtlumen,
1411 4824 1489 4895 qnod
1501 4825 1731 4896 dicitursroym.
1743 4829 1855 4891 Deinde

139 4929 217 4985 aqua
232 4930 295 4985 qua
310 4912 339 4967 in
355 4912 470 4967 civitate
486 4911 595 4967 fluebat
608 4910 761 4965 videbatur
776 4907 865 4963 rubea
881 4924 964 4963 ruere
1025 4907 1206 4962 transierunt
1230 4909 1276 4963 die
1292 4926 1325 4965 ae
1348 4915 1432 4967 noete
1456 4913 1645 4970 Ascensionis
1667 4915 1785 4973 Domini
1803 4936 1855 4992 per

139 5001 169 5056 in
186 5001 328 5056 cisternas
344 5017 443 5056 eorum
461 5000 613 5072 sanguine.
635 4998 717 5054 Unde
732 4995 822 5051 nimis
846 4997 965 5051 suerunt
1017 5000 1148 5051 mentem
1164 4998 1342 5068 quemdam,
1360 5000 1390 5054 in
1401 5017 1459 5072 que
1475 5002 1565 5059 nimis
1579 5005 1677 5060 esti-'ia
1688 5010 1854 5079 angustast

138 5089 186 5146 alii
202 5089 301 5146 tristes
311 5094 340 5144 et
355 5088 494 5154 dolentes,
512 5088 561 5158 qui
577 5088 607 5142 in
623 5086 737 5141 civitate
753 5084 808 5139 vivi
820 5100 965 5140 remanse—
1018 5087 1107 5151 arcta,
1124 5084 1223 5157 ibique
1239 5092 1414 5158 putaverunt
1429 5090 1565 5148 inimicos
1581 5097 1698 5150 nestros
1710 5094 1851 5154 invenire.

138 5182 217 5234 runt.
233 5178 297 5234 Jam
314 5193 380 5233 vere
395 5180 478 5232 erant
494 5179 573 5230 tanto
600 5176 705 5230 timore
729 5172 868 5240 exterriti,
885 5174 963 5245 quod
1018 5173 1086 5241 Sed,
1102 5173 1159 5229 Dee
1184 5181 1342 5246 annuente,
1370 5179 1469 5236 nullus
1495 5197 1597 5239 eorum
1622 5185 1806 5257 preparabat
1821 5204 1852 5252 ,0

136 5265 185 5325 vix
198 5264 305 5337 aliquis
319 5282 420 5321 eorum
436 5265 561 5320 audebat
576 5264 653 5319 exire
668 5269 748 5319 extra
758 5260 883 5317 civitatis
894 5277 962 5332 por·
1017 5265 1084 5316 ente
1098 5267 1222 5320 nostros.
1239 5270 1283 5320 lta
1298 5274 1493 5339 pervenerunt
1510 5271 1546 5326 ad
1558 5272 1718 5341 civitatem,
1731 5290 1796 5346 quoe
1808 5275 1852 5331 di.

135 5357 197 5411 tam
218 5351 282 5409 Alia
295 5371 362 5412 vere
377 5354 422 5410 die
437 5354 640 5426 equitaverunt
655 5352 746 5408 nostri
763 5350 839 5406 ultra
853 5349 961 5405 vallem
1023 5349 1100 5405 citur
1115 5351 1233 5422 baruth,
1251 5357 1329 5410 etde
1344 5354 1444 5413 illaad
1460 5358 1548 5414 aliam
1564 5377 1627 5433 qus
1641 5362 1749 5417 dieitur
1759 5363 1853 5438 Sagit-

135 5441 252 5510 Desom,
267 5447 297 5499 et
310 5445 484 5501 invenerunt
499 5442 595 5511 boves,
612 5445 640 5497 et
663 5440 772 5509 asinos,
794 5443 822 5495 et
838 5455 915 5506 oves,
931 5442 961 5495 et
1015 5441 1054 5506 ta,
1071 5439 1150 5496 etde
1167 5440 1280 5515 Sagitta
1294 5445 1330 5500 ad
1349 5445 1438 5502 aliam
1456 5464 1520 5519 qua
1545 5453 1666 5505 vocatur
1689 5451 1758 5524 Sur,
1773 5457 1803 5509 et
1817 5453 1853 5512 (10

136 5529 230 5594 mutu
243 5530 384 5594 animalia
394 5531 459 5592 sine
472 5547 605 5602 numero,
621 5535 650 5590 et
663 5529 824 5591 diviserunt
834 5545 865 5587 se
880 5544 960 5588 sexa·
1014 5526 1072 5585 Sur
1085 5529 1122 5587 ad
1136 5531 1241 5588 heram
1249 5532 1396 5593 civitatem
1404 5541 1609 5611 pervenerunt.
1621 5541 1659 5597 De
1667 5541 1744 5600 Aera
1754 5545 1853 5603 hans·
