3816 6006
152 251 170 309 ‘l
406 244 458 307 Au
480 244 737 315 GODEFRIDUM
758 246 926 310 Avpmtu.
950 244 987 308 ff.
1009 277 1048 288 -
1070 243 1226 310 uotum.
1249 246 1300 308 DE
1321 245 1447 310 ΜΟ
1467 245 1603 309 stttso.
1799 243 1858 307 mo

152 378 192 439 ria
229 379 246 436 d
261 381 357 436 castra
372 381 438 435 ante
453 377 579 435 civitatis
603 383 726 452 portam.
743 379 784 434 Ex
807 376 865 434 alia
887 376 978 450 igitur
991 376 1019 447 Α
1033 377 1099 435 illos
1114 377 1266 436 dimicaret
1280 368 1431 450 undique;
1449 395 1524 452 quos
1546 376 1634 435 etiam
1656 375 1787 435 iuvenire
1802 393 1859 437 uon

152 487 199 544 par
219 469 324 526 tevenit
332 468 376 525 vir
384 467 622 542 sapientissimus
630 485 728 524 comes
738 465 900 524 Balduiuus
911 482 977 523 cum
1034 468 1139 540 potuit.
1157 468 1299 541 Deinceps
1314 467 1449 526 venimus
1470 469 1505 524 ad
1522 467 1679 541 quamdam
1699 465 1858 536 civitatem,

152 577 205 617 suo
220 559 358 629 exercitu,
383 556 537 630 postulans
559 561 587 613 et
611 558 769 629 deprecans
794 557 978 613 Tancredum
1033 556 1272 626 neminemnam,
1290 557 1319 614 iu
1344 574 1403 630 qua
1421 560 1483 614 orat
1497 556 1626 613 maxima
1641 556 1761 613 ubertas
1772 559 1861 628 atque

151 648 326 705 acerrimum
337 645 471 714 militem,
480 650 625 718 quatenus
634 663 700 704 eum
711 644 889 701 amicissime
900 643 929 700 in
940 644 979 700 oi·
1033 645 1141 719 stipata
1156 647 1294 704 omuibus
1310 647 1477 719 bonisque
1488 646 1572 702 nobis
1586 650 1670 702 erant
1683 643 1860 702 necessaria.

150 737 247 795 vitatis
275 736 442 794 societatem
472 735 621 808 suscipere
650 733 829 808 dignaretur.
858 732 909 788 Cui
938 733 979 790 ait
1032 734 1189 793 Christiani
1204 735 1303 809 igitur,
1326 736 1459 793 videlicet
1481 734 1594 792 alumni
1618 734 1699 790 illius
1720 732 1860 806 civitatis,

151 827 321 883 Tancredus
337 842 344 880 :
361 847 374 874 «
392 825 431 880 Te
447 822 566 880 omnino
581 823 611 878 in
624 823 678 880 hac
694 823 809 880 civitate
824 823 944 894 denego.
961 844 976 873 n
1032 825 1224 881 reddiderunt
1237 841 1269 883 se
1288 824 1398 895 statim,
1414 842 1526 898 nosque
1540 823 1651 881 fuimus
1664 822 1705 880 ihi
1720 823 1795 882 sntio
1810 838 1862 896 op·

150 915 239 983 Nocte
253 915 352 986 itaque
361 912 593 985 superveniente,
604 912 768 969 tremefacti
779 928 881 968 omnes
891 910 976 968 Turei
1031 914 1103 971 time
1119 931 1171 987 per
1183 918 1242 970 tres
1258 913 1331 982 dies,
1341 919 1428 987 atque
1443 914 1503 970 illio
1516 912 1643 970 maxime
1657 917 1727 970 suut
1743 926 1863 986 recupe-

150 999 977 1076 uuanrripucruutfugam.Exieruntquippehahitatores
1032 1004 1087 1060 rati
1103 1004 1205 1060 nostri.
1230 1004 1356 1060 Audiens
1381 1005 1480 1076 itaque
1508 1003 1691 1059 Raimuadus
1712 1001 1861 1058 comestio

150 1095 205 1152 sub
220 1093 285 1166 ipsa
300 1091 394 1148 noetis
405 1090 593 1158 obscuritate,
603 1090 774 1157 clamantes,
783 1094 872 1162 atquc
882 1090 978 1145 dicen·
1031 1093 1138 1149 Sancto
1148 1093 1261 1165 AEgidio
1272 1093 1349 1165 quod
1362 1092 1517 1164 Turoi‚qui
1529 1091 1652 1148 orantia
1663 1090 1862 1148 custodiatis·

148 1188 194 1242 tes
215 1181 328 1239 excelsa
350 1196 418 1237 voce
436 1196 443 1236 :
461 1202 475 1230 «
502 1179 628 1247 Gumite,
651 1179 836 1236 invictissimi
863 1178 975 1246 Franci,
1031 1180 1157 1248 bochis,
1174 1181 1390 1249 discessissent,
1408 1182 1437 1237 in
1454 1199 1507 1237 suo
1521 1179 1632 1236 invenit
1645 1179 1769 1237 musitio
1791 1189 1860 1236 cum

148 1270 265 1338 currite,
275 1269 345 1342 quia
354 1267 440 1324 'l'urci
452 1268 644 1342 expergefacti
655 1272 750 1324 vestro
760 1268 864 1323 timore
875 1283 976 1323 omues
1032 1269 1094 1327 suis
1110 1270 1290 1338 hominibus,
1301 1270 1439 1343 quoniam
1451 1271 1582 1326 misisset
1592 1269 1650 1325 illic
1661 1268 1710 1341 qui
1722 1282 1786 1324 com
1795 1267 1861 1325 dili-

148 1361 260 1435 pariter
284 1358 433 1414 recedunt.
460 1379 474 1406 n
496 1357 658 1414 Recsdcnte
683 1361 781 1413 autam
808 1360 901 1424 nocte,
926 1355 978 1412 lux
1030 1363 1134 1433 genter
1146 1359 1337 1416 custodirent.
1348 1360 1477 1416 Tandem
1490 1358 1578 1433 elegit
1594 1358 1660 1414 illos
1674 1374 1750 1431 quos
1764 1355 1861 1431 legare

147 1449 234 1522 coepit
241 1447 382 1522 paulatim
395 1445 706 1519 insurgere,venerunt
716 1462 773 1519 que
783 1445 909 1502 civitatis
919 1462 978 1501 ma·
1030 1448 1131 1515 voluit,
1140 1448 1274 1505 videlieet
1286 1449 1402 1505 Petrum
1415 1449 1450 1504 de
1461 1446 1634 1505 Castellione
1648 1447 1860 1514 vicecomitem,

143 1541 224 1612 tores
240 1543 268 1593 et
284 1537 475 1593 reddiderunt
490 1538 593 1608 sponte
607 1535 764 1603 civitatem,
777 1533 976 1591 dicentesiliis
1031 1542 1060 1595 et
1072 1537 1260 1594 Guillelmum
1278 1537 1314 1593 de
1330 1537 1556 1610 Montepislerio‚
1567 1540 1596 1592 et
1610 1535 1741 1594 Aralium
1755 1535 1865 1592 viceco-

147 1628 197 1702 qui
213 1628 249 1684 ad
270 1626 394 1682 invicem
419 1624 575 1698 litigabant
592 1640 599 1679 :
617 1623 709 1680 Sinite
733 1641 811 1681 nuuc
836 1623 975 1691 seniores,
1032 1628 1182 1694 mitem‚et
1198 1626 1315 1682 Petrum
1332 1627 1367 1682 de
1383 1626 1480 1694 Roias,
1491 1631 1520 1682 et
1534 1626 1651 1682 Petrum
1663 1625 1864 1682 boimundum

146 1717 234 1775 sinite
247 1716 347 1786 modo,
363 1712 432 1786 quia
447 1730 499 1769 nos
515 1712 598 1769 illum
616 1712 793 1786 flagitamus,
807 1717 836 1769 et
848 1712 1014 1818 petimusB
1032 1715 1166 1790 d'Alphul
1186 1715 1236 1788 (4),
1263 1730 1330 1772 cum
1351 1715 1520 1788 quingentis
1542 1714 1698 1771 militibus.
1716 1713 1867 1770 Venerunt

147 1805 290 1864 dnurinmi
307 1809 336 1860 et
351 1819 471 1876 regnare
486 1819 574 1875 super
588 1819 651 1870 nos,
668 1803 718 1875 qui
735 1801 796 1859 beri
811 1807 872 1858 tam
886 1801 973 1858 virili·
1029 1822 1097 1878 ergo
1114 1805 1144 1861 in
1171 1805 1275 1861 vallem
1291 1822 1381 1878 prope
1397 1804 1577 1860 Antiochiam
1594 1805 1631 1861 ad
1645 1803 1794 1877 quoddam
1811 1819 1866 1860 ee.

146 1900 191 1955 ter
199 1893 341 1969 pugnavit
351 1909 420 1949 cum
428 1892 541 1948 'furcis
552 1891 712 1949 balduinus
722 1891 821 1963 itaque
831 1890 973 1948 mirificus
1027 1899 1121 1951 strum
1133 1893 1497 1967 Publicanorum,illicque
1508 1894 1666 1950 audierunt
1678 1893 1791 1950 furcos
1802 1892 1866 1948 loro

146 2002 245 2042 comes
260 1982 404 2040 altercans
415 1985 444 2038 et
454 1980 573 2054 litigans
583 1998 650 2036 cum
661 1980 889 2053 prudentissimo
900 1981 975 2036 Tan·
1025 1984 1055 2040 in
1070 1983 1196 2049 civitate,
1208 1999 1332 2056 eamque
1347 1983 1462 2039 fortiter
1475 1982 1630 2039 defendere
1645 1980 1860 2055 praeparabant·

145 2075 242 2141 credo,
253 2072 386 2128 dicebat:
402 2092 416 2122 s
431 2070 576 2126 intremus
591 2068 722 2137 insimul,
734 2075 762 2126 et
777 2069 973 2142 exspoliemus
1028 2074 1131 2130 Petrus
1147 2073 1182 2128 de
1198 2072 1286 2128 Roias
1298 2071 1398 2127 divisit
1408 2089 1439 2128 se
1455 2073 1492 2127 ab
1507 2071 1615 2139 aliis,et
1628 2069 1763 2144 proxima
1775 2073 1864 2127 nocto

146 2162 311 2227 civitatem
328 2160 377 2232 qui
394 2158 461 2233 plus
476 2159 581 2231 poterit
601 2159 718 2225 habere,
736 2155 861 2228 haheat;
878 2159 973 2231 etqui
1027 2161 1162 2219 transivit
1181 2178 1269 2233 prope
1283 2159 1478 2228 Antiochiam,
1494 2166 1524 2217 et
1539 2159 1658 2217 intravit
1684 2158 1808 2216 feliciter
1831 2158 1862 2216 ia

147 2256 242 2325 potest
270 2265 383 2322 capere,
412 2247 517 2320 capiat.
535 2248 614 2304 »cui
644 2250 764 2304 obstans
792 2250 971 2316 Tancredus,
1027 2251 1130 2308 vallem
1146 2251 1182 2306 de
1198 2249 1302 2322 Rugia,
1318 2254 1348 2305 et
1362 2249 1473 2306 invenit
1490 2250 1601 2306 ‘furcos
1616 2253 1646 2305 et
1669 2249 1858 2315 Saracenos,

146 2340 237 2396 dixit:
250 2362 265 2391 a
279 2337 364 2396 Absit
377 2337 431 2394 hoc
443 2355 460 2394 a
473 2354 519 2393 me
532 2336 537 2391 l
551 2337 697 2410 Egcenim
713 2336 895 2394 Christianos
906 2337 972 2394 nolo
1027 2346 1056 2398 et
1079 2339 1228 2412 preliatus
1243 2344 1288 2395 est
1303 2355 1369 2394 oum
1385 2338 1438 2406 cis,
1454 2344 1483 2394 et
1496 2338 1604 2395 occidit
1618 2337 1727 2395 multos
1751 2352 1785 2394 ex
1800 2337 1856 2405 eis,

146 2428 316 2502 exspoliare.
342 2427 481 2483 Homines
505 2425 592 2482 istius
613 2425 741 2482 civitatis
762 2426 914 2499 elegerunt
927 2443 973 2483 nte
1025 2435 1053 2488 et
1067 2429 1321 2502 aliospersccutus
1345 2432 1389 2484 cst
1403 2426 1644 2501 valdeldisitque
1660 2426 1776 2502 plenam
1791 2426 1861 2484 bes·

147 2518 340 2575 illorumesse
349 2515 633 2587 Dominummeque
646 2514 754 2571 habere
768 2515 943 2571 desiderant.
958 2538 972 2565 a
1026 2524 1086 2576 tam
1103 2519 1138 2574 de
1153 2517 1240 2573 labiis
1254 2521 1283 2573 et
1298 2517 1420 2574 nasibus
1443 2518 1605 2573 'l'uroorum
1626 2515 1790 2579 Reimundo
1806 2533 1857 2572 oo·

146 2606 309 2665 Novissime
323 2622 389 2662 vero
405 2603 536 2677 nequivit
545 2602 888 2661 Tancredusdiuluctari
904 2622 972 2660 cum
1027 2607 1102 2665 miti.
1118 2607 1257 2662 Videntcs
1281 2605 1335 2663 hoc
1359 2605 1515 2674 Hermenii,
1542 2606 1653 2662 scilieet
1676 2605 1858 2662 habitatores

146 2695 288 2754 helduino
303 2693 474 2751 doctissimo
490 2692 683 2766 comite,quia
698 2693 843 2750 maximus
854 2692 896 2750 illi
911 2697 975 2750 crat
1027 2701 1110 2754 terrae
1126 2695 1218 2766 illius,
1234 2695 1318 2751 illum
1334 2695 1447 2752 fortiter
1462 2711 1616 2768 superesse
1630 2710 1860 2768 paganos,·cnu·

147 2785 302 2843 exereitus.
317 2785 427 2841 Tamen
441 2781 540 2839 volens
554 2781 715 2855 nolensque
727 2781 839 2839 dimisit
854 2799 932 2851 eum,
944 2787 973 2841 et
1026 2787 1109 2843 tiauo
1126 2784 1168 2841 illi
1184 2785 1373 2841 reddiderunt
1388 2801 1461 2842 sese.
1475 2785 1538 2858 lpse
1553 2801 1620 2841 vero
1636 2783 1735 2841 statim
1751 2800 1858 2858 oppres

145 2873 267 2930 viriliter
282 2872 403 2930 recessit
417 2888 484 2927 cum
495 2888 549 2927 suo
560 2871 835 2929 exercitu.Fucrunt
845 2888 901 2944 que
912 2873 975 2929 red-
1026 2875 1129 2932 hendit
1139 2873 1614 2947 Rursiamcivitalem,etplurima
1624 2877 1730 2930 castra.
1740 2872 1799 2931 Nos
1812 2888 1862 2930 su·

148 2964 215 3022 ditm
228 2963 292 3019 due
307 2960 423 3035 optimas
438 2959 587 3018 civitates:
601 2959 735 3016 videlicet
748 2960 861 3017 Athena
875 2965 904 3017 et
918 2964 974 3018 hta-
1027 2970 1098 3031 tem,
1115 2964 1166 3037 qui
1182 2963 1380 3021 remansimus
1395 2967 1628 3030 commemorantes
1640 2961 1709 3019 iude
1722 2960 1861 3019 transisi-

146 3053 260 3121 mista,
272 3056 301 3109 et
316 3049 444 3124 plurima
457 3054 564 3106 castra.
576 3049 669 3120 Mej0r
679 3067 745 3106 vero
757 3049 911 3117 exercitus,
921 3051 974 3107 sci·
1029 3072 1097 3111 mus
1111 3070 1163 3126 per
1176 3052 1351 3109 diabolicam
1370 3057 1569 3123 montaneam,
1596 3069 1660 3124 quae
1683 3055 1745 3120 tun
1769 3050 1859 3108 aunis

146 3142 214 3199 lieet
232 3140 417 3201 Raimundus
432 3156 530 3195 comes
545 3139 582 3194 de
597 3138 704 3195 Sancto
722 3138 843 3212 Aigidio,
858 3143 886 3195 et
903 3141 971 3197 boa·
988 3122 1010 3191 G
1027 3149 1090 3202 erat
1105 3142 1164 3199 ella
1176 3146 1204 3198 et
1215 3145 1340 3215 anguste
1350 3141 1427 3214 quod
1439 3141 1538 3198 nullus
1552 3146 1719 3198 nostrorum
1730 3140 1860 3197 audehat

146 3232 286 3296 ruamus,
295 3234 324 3286 et
338 3230 398 3284 dux
408 3228 593 3296 Godefridns,
604 3233 633 3284 et
644 3227 693 3284 alii
704 3227 804 3300 plures
814 3228 972 3302 principes,
1027 3250 1079 3307 per
1093 3231 1243 3288 tramitem
1257 3230 1348 3296 illius,
1358 3235 1409 3287 sut
1424 3247 1474 3303 per
1487 3230 1706 3302 semitamque
1717 3228 1747 3284 in
1758 3233 1861 3286 mont»

144 3319 176 3379 in
187 3318 407 3377 ltermeniorum
420 3317 600 3373 intraverunt
611 3321 730 3383 terrem,
741 3317 873 3374 satiantes
884 3323 973 3390 atque
1027 3321 1154 3394 patebat,
1165 3324 1232 3376 ante
1246 3318 1338 3376 alium
1355 3319 1465 3392 preire.
1479 3319 1541 3376 illic
1557 3317 1779 3392 precipitabant
1792 3333 1858 3375 sese

144 3413 302 3468 eduautes
327 3408 488 3462 furcarum
515 3404 699 3479 sanguinem.
722 3405 852 3462 Tandem
873 3422 972 3479 perve·
1026 3410 1141 3482 equi,et
1156 3426 1233 3465 unus
1249 3409 1414 3481 sagmarius
1426 3408 1625 3482 precipitabat
1639 3406 1859 3464 aliumltilltss

145 3497 231 3553 niunt
245 3498 281 3552 ad
296 3494 446 3568 quoddam
461 3499 603 3562 castrum,
620 3494 696 3566 quod
721 3498 781 3550 tam
806 3495 878 3550 forte
899 3499 972 3562 erut,
1026 3516 1095 3573 ergo
1111 3498 1228 3554 stabant
1243 3497 1375 3570 undique
1390 3497 1500 3566 tristes,
1518 3497 1697 3570 plaudebant
1720 3495 1859 3553 manibus

145 3586 222 3659 qood
240 3584 265 3640 ei
280 3583 353 3639 nihil
369 3588 527 3656 potuerunt
543 3583 645 3639 faeere.
658 3583 727 3639 Erat
741 3589 839 3639 autem
857 3583 896 3638 ibi
912 3584 974 3657 qui·
1027 3605 1084 3662 prae
1101 3586 1192 3643 nimia
1206 3585 1327 3642 tristitia
1349 3591 1437 3658 atque
1463 3585 1571 3654 dolore,
1593 3585 1764 3642 dubitantes
1786 3584 1857 3657 quid

146 3677 213 3733 dam
229 3673 327 3739 homo,
341 3672 460 3728 nomine
475 3672 604 3738 Simeon,
620 3671 716 3744 quiin
732 3689 766 3727 ea
780 3677 862 3729 ortus
879 3673 974 3730 fuerat
1028 3678 1121 3733 facere
1136 3675 1308 3733 debuissent
1323 3675 1358 3730 de
1383 3674 1560 3747 semetipsis,
1573 3678 1602 3730 ct
1618 3675 1653 3730 de
1669 3672 1730 3730 suis
1755 3674 1858 3740 armis,

144 3763 272 3837 regione,
289 3761 397 3834 quique
422 3760 498 3816 hano
512 3759 596 3833 petiit
614 3766 731 3832 terram,
748 3765 892 3834 quatenus
906 3778 972 3819 eam
1026 3766 1184 3822 vendentes
1200 3781 1270 3821 suos
1282 3763 1410 3836 clypeos,
1422 3763 1565 3820 etloricas
1579 3762 1668 3819 nimis
1684 3763 1860 3836 optimumst

145 3853 314 3908 defenderet
328 3851 364 3906 de
390 3849 528 3907 manibus
554 3850 727 3905 Turcorum.
744 3851 795 3906 Cui
811 3856 915 3923 sponte
929 3850 972 3907 illi
1026 3854 1135 3928 galeas,
1152 3852 1337 3910 solummodo
1354 3869 1405 3925 per
1420 3856 1479 3909 tres
1494 3852 1630 3908 denarios
1645 3851 1856 3925 autquinque,

144 3941 288 3999 dederuut
303 3945 422 4008 terram,
448 3938 558 4012 quique
583 3938 725 3994 remansit
739 3939 779 3996 ibi
796 3955 863 3996 cum
887 3944 973 4014 gente
1026 3944 1086 4000 sive
1102 3959 1154 4015 per
1170 3942 1199 3998 id
1214 3942 1293 4015 quod
1309 3941 1375 4014 plus
1391 3945 1526 4015 poterant
1545 3941 1663 3998 hahere.
1679 3939 1735 4007 oui
1758 3946 1857 3998 autem

145 4047 208 4089 sua.
224 4030 283 4086 Nos
299 4046 364 4086 vero
380 4034 518 4086 exeuntes
537 4028 614 4095 inde,
639 4028 826 4099 pervenimus
851 4028 973 4086 feliciter
1025 4032 1149 4089 vendere
1165 4030 1337 4103 nequibant,
1352 4030 1444 4105 gratis
1460 4035 1488 4086 et
1503 4031 1533 4087 in
1549 4040 1670 4086 numere
1691 4030 1858 4101 jactabant,

145 4136 239 4192 usque
249 4118 409 4175 Caesaream
420 4116 841 4190 Cappadooiae.ACappadocia
851 4117 971 4191 egressi,
1026 4125 1055 4178 et
1070 4121 1162 4178 ibant.
1178 4121 1325 4176 lirenates
1347 4118 1436 4192 igitur
1458 4120 1494 4175 ds
1519 4122 1669 4176 exsecrata
1689 4121 1857 4189 montanea,

144 4207 279 4266 venimus
290 4208 326 4264 ad
342 4208 501 4279 quamdam
516 4205 662 4262 civitatem
678 4204 760 4263 valde
776 4205 929 4279 pulchram
945 4211 974 4264 et
1026 4209 1214 4283 pervenimus
1235 4210 1271 4266 ad
1295 4209 1456 4281 quamdam
1481 4207 1627 4264 civitatem
1651 4224 1714 4280 quas
1738 4212 1860 4266 vocatur

146 4296 235 4357 nimis
250 4296 441 4367 uberrimam,
457 4310 546 4368 quam
571 4293 725 4367 paululum
747 4300 814 4352 ante
838 4300 972 4354 nostrum
1024 4299 1164 4356 Marusim
1181 4298 1228 4371 (5).
1245 4296 1379 4354 Cultor-es
1393 4314 1460 4353 vero
1476 4296 1555 4353 illius
1574 4295 1700 4353 civitatis
1725 4296 1861 4355 exierunt

146 4387 302 4444 adventum
318 4386 493 4442 obsederant
507 4384 594 4441 Turci
611 4400 661 4457 per
676 4388 735 4440 tres
760 4384 971 4457 hebdomadas,
1026 4389 1141 4446 obviam
1156 4386 1240 4444 nobis
1250 4385 1563 4453 letantes,deferentes
1574 4385 1735 4440 maximum
1746 4401 1859 4441 merca·

145 4492 268 4549 saulque
283 4473 405 4531 minime
423 4478 645 4547 superaverunt.
662 4473 727 4529 bles
743 4472 802 4530 illic
818 4473 972 4531 advenieu-
987 4494 1011 4561 D
1027 4473 1607 4548 tum:illicquesatishabuimusomuem
1616 4473 1860 4547 oepiamexepee

145 4564 226 4621 tibus
241 4565 335 4631 nohis,
353 4562 491 4620 contiuuo
508 4579 539 4619 se
559 4561 681 4618 tradidit
704 4561 733 4617 in
760 4579 849 4618 manu
875 4567 975 4621 nostra
1029 4566 1117 4622 tando
1128 4565 1220 4621 donec
1235 4562 1314 4619 venit
1326 4564 1526 4619 Boamundus.
1538 4563 1687 4619 Venerunt
1696 4561 1797 4634 itaque
1807 4578 1859 4619 no·

146 4669 213 4711 cum
225 4670 332 4727 magna
342 4651 451 4709 letitia.
461 4653 540 4707 Hanc
551 4651 643 4723 igitur
653 4650 737 4722 petiit
748 4650 865 4722 quidam
878 4650 971 4722 miles,
1028 4655 1081 4711 stri
1097 4653 1217 4720 milites,
1232 4657 1260 4708 et
1284 4653 1594 4725 appropinquaverunt
1608 4651 1638 4707 in
1652 4650 1727 4708 veile
1747 4651 1779 4708 iu
1800 4667 1860 4724 qus

146 4742 193 4800 cui
209 4759 315 4800 nomeu
328 4743 428 4799 Petrus
441 4742 476 4799 de
489 4739 637 4812 Alnph,ah
648 4739 785 4795 omuibus
796 4739 972 4810 senioribus,
1029 4742 1134 4817 regalis
1149 4741 1253 4798 civitas
1267 4741 1421 4798 Antiochia
1436 4741 1493 4797 sita
1507 4744 1561 4809 est,
1571 4757 1636 4813 qua
1650 4745 1695 4796 est
1710 4745 1800 4812 eaput
1813 4745 1860 4796 to·

146 4836 292 4905 quatenus
304 4847 370 4888 eam
386 4830 553 4887 defenderet
566 4828 595 4884 in
612 4827 749 4885 fidelitate
761 4828 823 4897 Dei,
839 4833 867 4886 et
881 4830 910 4887 S.
927 4831 975 4888 Se·
1028 4832 1087 4888 tius
1104 4829 1211 4904 Syriae3
1229 4847 1318 4903 quam
1336 4829 1476 4886 Dominus
1490 4830 1577 4887 lesus
1589 4828 1723 4886 Christus
1738 4827 1861 4885 tradidit

146 4919 252 4994 pulcri,
262 4925 291 4977 et
304 4919 464 4984 seniorum,
474 4924 561 4990 atque
572 4917 767 4990 imperatoris.
776 4917 828 4973 Cui
844 4919 973 4976 seniores
1029 4921 1114 4978 beato
1130 4921 1213 4976 Petro
1230 4918 1354 4992 principi
1369 4919 1731 4991 apostolorum,quateuus
1745 4916 1858 4974 mmcd

147 5026 214 5071 eum
230 5007 321 5065 nimio
336 5024 434 5065 amore
458 5007 550 5081 gratis
572 5012 780 5063 concesserunt
793 5024 869 5064 eam.
887 5008 974 5065 Rece-
1028 5008 1140 5065 cultum
1158 5012 1264 5065 sancte
1281 5007 1347 5064 fidei
1363 5012 1489 5075 vocarat,
1504 5008 1554 5079 qui
1567 5007 1637 5063 vivit
1650 5010 1679 5063 et
1693 5011 1797 5079 regnat
1810 5004 1861 5061 tri·

148 5099 233 5155 dente
246 5098 345 5154 autem
356 5096 506 5164 discocto
516 5112 582 5152 vero
594 5096 855 5169 appropinquante,
862 5097 975 5155 audivit
1028 5116 1085 5155 nus
1100 5103 1129 5154 et
1145 5113 1222 5154 unus
1237 5097 1315 5153 Deus
1331 5114 1383 5170 per
1396 5101 1503 5153 cuncta
1519 5095 1634 5152 secula.
1650 5097 1749 5151 Amen.

148 5186 335 5245 boemundus
350 5184 428 5258 quod
444 5184 542 5251 Tucci,
558 5183 608 5257 qui
629 5184 789 5241 lucrantia
805 5186 974 5244 obsessione
1029 5186 1164 5256 Quomodo
1179 5187 1288 5244 obsesso
1311 5194 1348 5243 cot
1367 5186 1465 5242 civitas
1488 5186 1632 5242 Antiochia
1647 5201 1665 5240 o
1679 5183 1858 5240 censatum.

148 5273 283 5341 civitatis,
314 5275 480 5347 frequenter
510 5273 705 5346 precederent
733 5291 796 5331 nos.
823 5275 974 5349 Extemplo
1028 5277 1160 5348 Cumque
1176 5275 1319 5349 coepimus
1334 5275 1369 5332 ed
1393 5274 1512 5332 Pontem
1538 5275 1676 5331 Ferreum
1700 5271 1860 5347 appropio·

148 5363 322 5437 preparavit
336 5377 366 5421 se
379 5362 571 5421 solummodo
582 5378 650 5419 cum
665 5363 974 5437 militibus,quatenus
1028 5380 1129 5439 quere,
1137 5364 1295 5423 curritores
1306 5363 1467 5437 nostri,qui
1479 5362 1613 5422 solebant
1622 5362 1859 5437 prcoedeveuos,

183 5471 222 5540 (t)
236 5472 274 5527 De
291 5470 439 5544 Attopvlla
461 5471 494 5528 n.
512 5471 547 5527 de
562 5469 649 5546 Agit,
666 5487 695 5544 p.
713 5472 775 5539 150,
791 5469 810 5528 l.
827 5488 923 5530 xcvnr.
1029 5471 1100 5532 l.1v.
1117 5489 1145 5548 p.
1162 5471 1224 5532 tau.

184 5541 222 5622 (5)
236 5543 368 5604 florario.
384 5540 445 5602 Bel.
461 5540 481 5602 l.
499 5559 530 5617 n,
544 5559 573 5620 p.
592 5542 640 5602 tot
652 5559 660 5616 3
674 5541 805 5603 tarasia.
820 5543 895 5604 Guib
