3816 6006
130 189 188 250 tte
682 188 818 253 OPUSG.
842 187 996 271 coavat
1019 188 1286 251 WOLFELMUM.
1774 189 1832 250 ΠΟ

130 337 178 378 eos
194 320 319 394 Spiritu,
336 319 522 395 magnalibus
551 321 602 378 Dei
630 322 724 379 edocti
750 321 780 377 ia
796 324 954 394 conspectu
970 323 1157 391 Artemam
1171 319 1279 376 cleram
1291 335 1424 386 aemam,
1440 321 1490 391 pai
1502 326 1549 385 est,
1565 327 1595 375 ut
1606 321 1693 376 eciem
1707 322 1773 393 qaid
1788 321 1833 378 ott·

129 408 323 484 malignantis
334 409 449 466 concilii
464 410 631 483 injunctum
642 410 865 467 resurrectionis
878 410 958 467 testi·
1011 411 1064 466 tac
1079 409 1151 466 citra
1167 410 1270 466 mortis
1280 409 1411 465 debitum
1427 408 1620 465 commorant-i
1632 409 1832 467 ‹lesitmt'lvtbd

129 499 264 555 monium
279 499 388 556 virtute
402 499 563 556 invincibili
580 500 780 557 reddiderunt.
793 502 876 557 Tunc
890 515 957 556 vere
1011 499 1090 555 bunc
1101 498 1402 554 manentiumdierum
1412 513 1568 553 numerum
1581 497 1728 553 infinitum
1743 504 1835 554 trans·

127 587 190 644 coeli
203 593 417 645 enarraverunt
432 587 555 663 gloriam
572 589 634 656 Dei,
645 595 674 645 et
688 589 875 645 firmamento
892 584 958 660 apo·
1011 585 1076 643 ilire
1091 588 1267 660 quandoque
1283 603 1335 642 nos
1351 585 1420 641 lacit
1446 586 1567 658 spiritus
1593 586 1718 658 pietatis,
1736 592 1764 642 et
1779 604 1834 642 nn·

127 677 231 735 stolico
247 694 324 751 opus
339 677 468 751 Spiritus
483 679 646 746 nuntiante,
657 694 712 735 vox
729 677 892 750 majestatis
905 678 957 733 de·
1012 676 1107 732 ctione
1132 694 1195 743 sua,
1221 693 1280 748 qua
1309 675 1393 731 docet
1417 676 1452 730 de
1476 675 1624 742 omnibus,
1642 676 1782 747 suggerit,
1798 693 1834 730 nc

127 771 241 823 sertum
257 766 456 823 concutientis
470 767 599 824 intonuit
613 766 642 823 in
658 767 764 824 virtute
780 770 809 822 et
824 765 954 839 magnitl·
1011 767 1106 821 totum
1119 764 1439 837 noscomprehendisse
1454 765 1640 828 arbitremus,
1653 765 1703 820 sed
1712 782 1835 837 presan·

126 855 233 912 centis.
251 856 312 912 Nec
337 855 417 912 tuere
441 856 624 912 diversitates
643 855 773 932 gentiam
791 856 868 928 apud
884 871 958 928 quas
1012 855 1092 910 tibus
1108 854 1299 910 sacramentis
1314 853 1431 920 initiati,
1448 870 1515 908 cum
1532 853 1662 926 apostolo
1678 853 1706 908 in
1723 870 1757 909 ea
1772 870 1835 927 que

124 961 210 1001 vaces
226 960 332 1001 eorum
347 960 406 1001 non
421 944 663 1018 intelligerentur,
676 945 716 1001 ita
727 949 760 1001 ut
775 944 865 1000 divini
881 942 959 1017 ignis
1011 942 1457 999 venturasuntextendamurad
1469 942 1601 997 bravium
1613 959 1745 1015 superne
1757 959 1837 998 voca-

124 1033 265 1091 incendio
280 1031 459 1090 scintillante
467 1033 498 1089 in
507 1051 624 1090 omnem
634 1038 743 1090 terram
754 1051 845 1090 sonus
855 1049 958 1089 eorum
1012 1031 1102 1088 tionis
1117 1030 1178 1100 Dei,
1195 1048 1339 1087 memores
1367 1030 1447 1086 illius
1473 1030 1650 1087 hereditatis
1677 1031 1706 1087 in
1728 1047 1786 1104 qua
1800 1032 1836 1088 de

125 1124 225 1190 exiret,
242 1128 273 1178 et
289 1123 401 1195 Spiritu
416 1122 515 1179 omnia
538 1123 714 1191 continente,
732 1140 765 1179 ac
778 1122 843 1179 idco
858 1122 958 1178 orbem
1013 1137 1102 1177 manu
1119 1120 1252 1176 omnium
1268 1119 1455 1175 inimicorum
1472 1119 1663 1175 invisibilium
1678 1137 1728 1177 seu
1739 1120 1837 1177 visibi-

125 1209 259 1284 replente
275 1214 433 1280 terrarum,
449 1211 552 1268 multis
582 1211 670 1268 etiam
697 1211 865 1268 nationibus
879 1209 958 1267 vocis
1013 1209 1087 1266 lium
1101 1208 1227 1277 liberati,
1243 1208 1273 1264 in
1287 1207 1441 1266 sanctitate
1457 1211 1485 1263 et
1504 1208 1621 1279 justitia
1650 1225 1748 1265 coram
1772 1210 1836 1282 ipso

125 1300 252 1357 scientia
276 1301 453 1357 traderetur.
470 1298 522 1357 liic
550 1299 623 1357 dona
648 1317 701 1356 aaa
726 1300 862 1368 dividens,
878 1306 961 1371 prout
1014 1297 1201 1370 corporaliter
1211 1297 1616 1370 presentati,omnitempore
1628 1298 1788 1354 serviemus
1798 1298 1835 1354 ei.

124 1391 221 1456 mlait,
238 1389 308 1446 altit
320 1405 421 1462 praere
445 1390 604 1462 linpeerem
617 1390 742 1458 contulit,
759 1390 825 1446 aliis
838 1391 961 1460 gratiam
1013 1387 1096 1443 Sicut
1106 1387 1184 1442 enim
1196 1386 1293 1459 priora
1303 1386 1497 1459 significativa
1508 1390 1578 1441 sunt
1587 1386 1786 1460 presentium,
1798 1387 1837 1444 ita

124 1481 288 1546 mitatem,
304 1479 470 1551 quitantiam
486 1478 676 1535 ditectionem
689 1480 849 1551 spiriteum,
865 1476 959 1534 omni·
1013 1476 1071 1532 ista
1086 1476 1215 1532 effectiva
1230 1476 1349 1549 quidem
1374 1474 1478 1533 salutis
1494 1477 1636 1544 suntsed
1652 1475 1836 1548 presentatio

125 1568 178 1623 bus
191 1566 224 1622 in
243 1566 428 1623 salvatorem
452 1567 638 1623 credentibus
655 1572 839 1638 peccatorum
856 1565 959 1622 remis·
1014 1564 1180 1621 futurorum
1194 1583 1200 1633 ;
1213 1583 1264 1637 spe
1275 1565 1353 1620 onim
1365 1564 1435 1620 salvi
1448 1564 1515 1619 lacti
1536 1581 1649 1631 sumus,
1662 1569 1690 1620 ct
1702 1565 1837 1622 videmus

127 1657 251 1728 siccem,
268 1660 299 1712 et
314 1656 393 1728 qnod
409 1655 457 1711 bis
468 1654 657 1712 excellentius
672 1660 726 1723 est,
743 1654 957 1711 indeficientem
974 1670 1093 1764 Bnunc
1104 1653 1328 1728 perspeculum,
1342 1659 1412 1710 tunc
1427 1659 1525 1709 autem
1540 1653 1613 1709 tacie
1624 1655 1660 1709 ad
1675 1654 1779 1710 faciem
1794 1654 1837 1710 vi-

126 1744 173 1801 llei
184 1750 214 1801 et
224 1744 355 1817 proximi
366 1743 561 1800 dilectionem.
572 1743 769 1799 lnllammavil
778 1743 895 1818 linguas
905 1744 958 1800 do·
1013 1743 1074 1799 suri
1091 1760 1206 1811 sumus,
1218 1759 1286 1800 cum
1302 1742 1469 1816 apparuerit
1483 1742 1617 1799 Christus
1628 1743 1687 1800 vita
1697 1746 1838 1812 nostre,ct

127 1834 256 1890 centium
267 1838 298 1890 et
308 1832 479 1889 auditorum
490 1832 626 1889 duritiem
637 1831 787 1888 emollivit.
799 1830 960 1905 Complevit
1013 1831 1132 1905 coeperit
1147 1848 1287 1905 apparere
1302 1831 1372 1904 quid
1389 1831 1510 1888 erimus.

127 1922 314 1998 loquentium
326 1924 418 1990 ora,et
429 1921 464 1977 ad
477 1920 652 1993 capiendum
663 1916 786 1977 verbum
795 1920 859 1977 vite
870 1921 959 1978 corda

127 2011 265 2085 prevenit
275 2010 467 2078 discentium,
480 2013 514 2066 ut
524 2014 601 2067 esset
611 2009 814 2085 magisterium
826 2009 889 2066 sine
898 2024 958 2066 mc·
1313 1982 1429 2040 CAPUT
1448 1984 1533 2040 XXH·

127 2117 165 2169 ru,
182 2098 347 2172 disciplina
371 2099 436 2156 siue
459 2097 641 2167 difficultate,
657 2098 796 2155 doctrine
820 2097 958 2156 salutaris
1047 2097 1175 2154 Breviter
1185 2096 1302 2172 longam
1319 2097 1424 2154 seriem
1439 2115 1560 2171 operum
1577 2098 1627 2154 Dei
1644 2098 1837 2172 attigimus‚et

128 2206 209 2246 verax
225 2192 257 2244 et
267 2188 405 2260 jucunda
419 2186 577 2261 perceptio.
591 2188 674 2245 Tunc
703 2186 843 2261 compleri
870 2186 958 2260 coepit
1011 2187 1191 2258 subjecimus
1202 2187 1370 2260 conspectui
1380 2186 1570 2243 tucEcclesie
1581 2192 1722 2260 status,ut
1732 2188 1836 2245 exinde

128 2277 173 2334 ille
187 2277 298 2334 effusio
312 2294 403 2351 quam
420 2293 472 2350 per
483 2276 546 2335 Joel
560 2276 704 2334 Dominus
719 2277 796 2334 Deus
807 2280 873 2333 ante
889 2275 967 2350 pra?
1007 2275 1157 2347 judicares
1173 2292 1261 2349 quam
1277 2276 1512 2333 inconvenientes
1527 2277 1558 2332 in
1572 2276 1720 2350 plerisque
1736 2283 1765 2334 et
1779 2278 1835 2334 dis

128 2366 237 2423 dixerat
251 2366 357 2423 dicens
372 2383 380 2422 ε
396 2365 544 2439 Effundam
556 2366 589 2423 dc
602 2365 711 2439 Spiritu
724 2383 783 2423 meo
803 2383 885 2439 saper
898 2382 956 2422 om·
1011 2381 1088 2425 sone
1099 2366 1159 2421 sint
1169 2365 1294 2422 coelestis
1305 2365 1487 2421 institutioet
1498 2365 1833 2424 bumanorumversutiae

129 2472 185 2511 cerr
205 2471 333 2522 eamear,
349 2454 462 2512 cilitiis
486 2455 666 2525 ludaeorum,
683 2454 794 2511 sanctis
823 2454 957 2511 videlicet
1010 2454 1227 2526 figmentorum.
1244 2454 1474 2521 Quamvisenim
1491 2454 1520 2509 in
1537 2454 1639 2511 morali
1657 2455 1832 2514 discretione

130 2544 279 2617 apostolis,
289 2543 382 2601 vitam
393 2544 523 2601 futuram
535 2544 788 2618 prophetantibus.
802 2543 875 2599 Hinc
886 2544 957 2617 Syn·
1008 2547 1113 2615 preter
1122 2560 1156 2598 ea
1166 2560 1231 2616 que
1241 2543 1277 2603 ad
1288 2543 1375 2598 fidem
1387 2542 1618 2599 sanctificantem
1629 2548 1734 2601 cuncta
1744 2547 1832 2618 perti·

130 2647 217 2707 agoge
227 2632 360 2708 perdidit
374 2649 508 2690 cruorem
524 2632 708 2702 animalium,
718 2632 798 2688 illinc
809 2631 956 2704 gentilitas
1009 2632 1125 2698 nent,in
1142 2631 1276 2704 pluribus
1292 2631 1498 2704 philosophice
1515 2633 1643 2689 rationes
1658 2651 1675 2688 a
1690 2634 1832 2691 catholico

130 2719 274 2778 culturum
292 2720 598 2794 idolomm,quoniam
609 2721 748 2797 Spiritus,
760 2720 811 2793 qui
827 2737 879 2795 per
893 2719 956 2777 lati·
1008 2735 1097 2779 sensu
1109 2738 1166 2775 non
1177 2719 1467 2793 discrepent,sicutin
1478 2720 1671 2794 descriptione
1680 2722 1832 2793 virtutum,

131 2810 417 2884 balapropbetarum
424 2810 590 2884 signaverat
600 2812 758 2867 adventum
768 2810 957 2880 suum,emis·
1010 2826 1084 2882 quas
1095 2808 1238 2882 politicas,
1250 2809 1435 2883 purgatorias
1446 2814 1475 2866 et
1490 2814 1628 2883 purgatas
1643 2810 1833 2884 appellant,et

131 2915 175 2956 sus
185 2917 203 2955 a
213 2899 302 2955 Patre
316 2903 346 2956 et
361 2898 445 2969 Filio,
463 2898 597 2956 discusso
612 2898 687 2974 legis
701 2898 873 2968 velamento,
890 2915 955 2974 pro·
1010 2898 1076 2955 aliis
1093 2898 1204 2967 multis,
1222 2914 1256 2955 ex
1271 2898 1379 2971 quibus
1394 2898 1583 2955 ecclesiastici
1598 2904 1723 2957 rectores
1736 2905 1765 2957 et
1779 2918 1832 2975 gu·

132 2989 214 3044 cessit
229 2988 261 3043 iu
279 2987 444 3061 publicum,
460 2991 583 3044 utnova
606 2987 751 3045 creatione
772 2988 850 3044 iacta
875 2993 955 3045 terra
1009 2988 1179 3044 bernatores
1195 2986 1297 3043 divine
1312 2987 1477 3061 reipublice
1507 2989 1641 3061 quedam
1670 2986 1832 3063 sumpsere,

132 3077 231 3133 taciem
249 3080 415 3144 renovaret,
422 3080 450 3134 et
459 3076 580 3134 remotis
590 3076 809 3135 idololatrarum
820 3077 957 3135 sordibus
971 3065 993 3133 G
1012 3080 1111 3132 tamen
1126 3093 1193 3132 cum
1208 3076 1244 3135 ad
1259 3092 1414 3147 corporum
1426 3079 1594 3132 nostrorum
1606 3076 1833 3150 disputationem

132 3166 294 3238 disparatos
309 3165 436 3239 parietes
451 3165 481 3221 in
497 3182 587 3222 unam
602 3167 723 3222 domum
739 3165 854 3223 Domini
870 3167 955 3223 ccad·
1009 3169 1129 3221 ventum
1151 3168 1205 3232 est,
1223 3163 1430 3224 miserabiliter
1453 3165 1654 3237 desipuerunt,
1671 3170 1833 3224 statuentes

132 3254 441 3324 unsret,etlleretpcac
450 3255 673 3327 mneapcpatas
687 3256 957 3328 acquisiticatsetec·
1010 3254 1066 3312 sibi
1082 3252 1260 3327 perniciosas
1284 3253 1445 3309 sententias
1460 3269 1523 3326 que
1538 3254 1659 3310 veniunt
1673 3259 1774 3312 contra
1788 3272 1833 3313 re·

133 3350 179 3399 tvm
187 3360 287 3414 pram,
297 3342 392 3415 repete
401 3342 594 3411 amnestiam,
602 3342 741 3399 omnibus
751 3343 896 3400 vocatisin
908 3344 956 3399 ad-

133 3431 257 3488 mirabile
267 3431 370 3488 lumea
381 3430 636 3488 boninitcitoc
646 3432 789 3488 Paraclito
799 3448 956 3506 suggeren-

135 3521 268 3586 comnia,
276 3524 306 3576 et
314 3520 460 3577 efficiente
471 3535 525 3595 per
540 3519 733 3594 apostolicam
748 3537 892 3577 manuum
903 3520 955 3576 im·

135 3609 468 3679 positionem,sacrorum
478 3609 615 3666 ordinum
627 3609 795 3666 institutum
807 3614 851 3667 est
861 3626 956 3667 sacra·

136 3702 302 3765 nentnm,et
311 3697 469 3755 venerandi
479 3697 593 3755 concilii
605 3698 654 3771 pia
669 3697 891 3766 collatinouam
901 3700 956 3756 lor-

137 3801 205 3842 mam
214 3791 374 3859 sequentes
384 3786 484 3843 Patres
495 3787 843 3860 imitarentur,quatenus
853 3789 955 3845 eodem

138 3873 236 3946 Spiritu
245 3874 387 3931 illustrati
403 3875 595 3949 subrepentes
605 3875 731 3931 hereses
743 3875 915 3942 devitarent,
928 3882 957 3934 et

138 3967 446 4037 protemporumatque
456 3963 586 4021 locorum
598 3963 711 4020 ratione
721 3965 956 4039 sancirentregu·

1010 3341 1199 3400 surrectionis
1215 3342 1398 3415 mysterium,
1410 3342 1487 3398 circa
1497 3344 1575 3415 quod
1587 3344 1713 3400 maxime
1727 3344 1832 3402 divitie

1009 3431 1149 3488 bonitatis
1158 3436 1186 3486 et
1196 3429 1411 3488 humiliationis
1422 3431 1472 3487 Dei
1488 3437 1649 3501 versantur,
1661 3434 1738 3506 quod
1750 3434 1834 3490 nimi·

1010 3537 1076 3576 rum
1088 3536 1140 3576 nec
1151 3524 1258 3579 natura
1268 3519 1341 3575 duce
1350 3520 1606 3593 comprehendere,
1614 3522 1834 3596 necinspirante

1010 3609 1068 3666 Deo
1082 3625 1256 3681 cognoscere
1272 3613 1451 3668 meruerunt.
1463 3609 1574 3682 Corpus
1585 3628 1712 3684 namque
1727 3630 1761 3668 ex
1776 3611 1832 3669 ele·

1010 3698 1117 3754 mentis
1132 3703 1316 3770 compactum
1328 3698 1511 3764 arbitrantes¹
1525 3701 1601 3771 quod
1613 3700 1707 3773 ipsius
1724 3703 1833 3773 ponde-

1009 3804 1110 3843 rosum
1125 3786 1392 3858 eratopinabuntur
1404 3787 1549 3843 interram
1561 3788 1722 3844 inevitabili
1738 3808 1834 3847 ncces·

1010 3876 1095 3933 sitate
1125 3875 1228 3943 redire,
1258 3881 1290 3932 ut
1319 3875 1422 3949 spiritu
1452 3878 1487 3932 ad
1517 3877 1631 3933 stellam
1667 3896 1833 3951 comparem

1011 3966 1160 4031 redeunte,
1178 3963 1294 4038 singula
1303 3980 1336 4019 ex
1347 3965 1454 4037 quibus
1465 3972 1632 4022 concretum
1644 3985 1749 4040 corpus
1765 3985 1833 4024 con·

139 4048 173 4107 ta
183 4052 382 4109 moderamine
394 4052 956 4127 mansuetc.Hocipsoanimatitamapo-
1009 4052 1133 4119 stiterat,
1156 4053 1185 4107 in
1210 4053 1346 4108 matrices
1368 4055 1510 4110 essentias
1524 4062 1738 4125 retexerentur3
1757 4059 1833 4114 unde

140 4139 195 4195 stoli
204 4158 295 4214 quam
306 4141 460 4214 apostolici
470 4142 523 4197 viri
536 4145 704 4199 constanter
718 4142 895 4199 caducorum
909 4161 956 4201 re·
1010 4141 1083 4197 nibil
1095 4141 1173 4197 aliud
1185 4159 1291 4213 corpus
1302 4159 1390 4214 quam
1402 4160 1548 4199 carcerem
1560 4150 1588 4201 et
1599 4146 1765 4218 sepulcrum
1778 4165 1835 4219 poe·

141 4241 200 4298 gam
213 4234 428 4302 superaverunt
437 4234 594 4299 tormenta,
606 4233 634 4287 et
644 4231 956 4303 fide,verbis,moribus
1009 4230 1130 4287 nitentis
1141 4230 1244 4286 animae
1258 4231 1452 4286 estimabant.
1467 4233 1586 4289 Proinde
1597 4235 1763 4307 quicunqne
1773 4234 1835 4290 illa-

141 4313 221 4374 lleum
231 4317 262 4374 in
272 4334 305 4375 se
315 4318 513 4392 glorificantes
528 4320 686 4377 robustiori
703 4321 812 4377 amoris
826 4326 899 4379 estu
910 4340 955 4379 ex·
1010 4336 1076 4375 rum
1091 4318 1303 4391 scripturarum
1314 4321 1459 4389 sensibus,
1472 4321 1833 4395 sicutveris,acquieverit,

140 4404 261 4462 ustiones
275 4422 432 4481 corporum
446 4409 728 4480 contempserunt,in
740 4410 880 4481 patientia
891 4428 956 4469 san·
972 4435 995 4501 D
1010 4425 1074 4481 que
1085 4407 1296 4481 reparationem
1312 4426 1465 4482 corporum
1478 4411 1507 4465 in
1519 4416 1626 4466 eterna
1649 4411 1708 4466 vita
1723 4412 1833 4484 impos·

139 4497 192 4550 ctas
206 4495 324 4552 animas
337 4494 531 4568 possidentes,
544 4497 678 4568 ctnsque
689 4497 724 4551 ad
737 4495 901 4569 hujusvita
912 4516 956 4556 ex·
1011 4497 1127 4553 sibilem
1143 4513 1207 4553 esse
1222 4499 1414 4565 contendunt,
1425 4503 1566 4571 tanquam
1583 4500 1678 4556 verius
1695 4506 1834 4573 reputans

138 4577 203 4637 itum
218 4587 248 4639 et
262 4598 402 4639 coronam
417 4582 550 4656 martyrii
564 4582 737 4640 thesaurum
752 4585 820 4641 tidei
835 4586 865 4642 in
880 4588 958 4647 vasis
1012 4587 1090 4660 quod
1102 4588 1137 4642 ab
1153 4586 1278 4642 ethnicis
1293 4587 1438 4643 sancitum
1456 4588 1505 4658 sit,
1521 4588 1620 4643 omnia
1636 4589 1746 4645 scilicet
1761 4606 1833 4662 pon·

138 4666 271 4727 fictilibus
298 4675 514 4727 conservantes.
531 4671 626 4742 liujus
641 4671 794 4745 inspiratio
810 4679 864 4742 est,
880 4677 958 4749 quod
1012 4675 1081 4731 dera
1097 4692 1150 4731 suo
1166 4679 1237 4731 nutu
1263 4676 1292 4731 in
1318 4680 1425 4732 terram
1455 4677 1533 4743 lerri,
1550 4677 1604 4732 iste
1619 4677 1730 4750 absque
1745 4678 1835 4735 dubio

137 4758 241 4832 ubique
254 4760 346 4816 sentit
368 4759 513 4817 catholica
541 4760 686 4817 confessio
715 4763 913 4834 sacerdotum,
930 4772 959 4823 et
1012 4764 1105 4820 hostis
1120 4770 1166 4821 est
1181 4764 1225 4820 sui
1242 4764 1345 4837 ipsius,
1362 4769 1390 4821 et
1404 4765 1536 4839 ingratus
1552 4766 1763 4824 elementorum
1776 4771 1834 4824 Au·

136 4848 958 4922 quicunquedsincarnatoVerbo‚siveadaliorumeru-
1012 4853 1095 4921 ctori,
1112 4853 1275 4926 quiomnia
1304 4871 1486 4928 quecunque
1515 4855 1607 4912 voluit
1630 4857 1835 4930 secit,cuipro

135 4934 283 5003 ditionem,
295 4953 347 4993 sea
362 4936 460 4993 adsui
476 4936 705 4994 consolationem
722 4955 793 4994 sano
808 4940 957 5000 intellectu
1012 4946 1090 4998 certo
1101 4947 1161 4997 tam
1175 4942 1258 4998 facilc
1269 4948 1413 4999 estonum
1428 4944 1455 4999 in
1472 4962 1609 5017 supremo
1625 4944 1730 5012 locare,
1747 4964 1836 5019 quam

134 5019 218 5081 locuti
234 5028 318 5093 sunt,
333 5042 393 5082 nou
408 5025 528 5082 aliunde
555 5043 643 5098 quam
660 5028 696 5082 ab
709 5025 758 5082 illo
776 5026 958 5102 hauserunt;
1014 5030 1193 5087 lacileluitin
1205 5031 1451 5103 primacreatione
1467 5052 1669 5108 compugnans
1681 5036 1769 5091 cbaos
1781 5035 1838 5091 ele-

134 5128 216 5171 nemo
230 5114 313 5171 enim
327 5118 408 5171 amat
421 5113 579 5172 Dominum
590 5114 848 5173 Jesnmeristum
861 5117 916 5175 nisi
929 5119 959 5175 in
1015 5118 1159 5175 menteris
1169 5119 1355 5177 distinctione
1364 5123 1504 5182 stabilire.
1517 5126 1552 5182 Et
1563 5125 1591 5179 in
1603 5125 1667 5193 boc,
1680 5129 1712 5180 ut
1724 5125 1837 5198 opinor,

134 5199 243 5273 Spiritu
255 5206 369 5270 uncto,
379 5201 430 5276 qni
441 5203 598 5260 adveniens
608 5203 768 5261 electorum
784 5208 921 5264 cordibus
930 5210 959 5265 in
1014 5224 1130 5264 mecum
1142 5208 1289 5276 convenis,
1302 5211 1379 5281 qued
1391 5213 1564 5286 omniaque
1576 5213 1638 5269 vult
1648 5213 1741 5286 possit
1751 5214 1838 5269 Deus.

133 5301 262 5346 mamm
277 5290 412 5347 coeterni
429 5290 487 5347 sibi
501 5291 589 5349 Verbi
610 5293 751 5362 accendit,
768 5298 797 5350 et
812 5296 960 5367 postulare
1015 5299 1070 5354 Sed
1087 5295 1219 5352 fortassis
1232 5296 1366 5369 inquies:
1384 5299 1462 5357 Licet
1482 5309 1587 5359 cancta
1602 5304 1689 5359 iaciat
1705 5320 1842 5377 quecun-

133 5378 258 5437 missit
264 5377 426 5452 gemitibus
432 5377 721 5451 inenarrabilibus,et
731 5396 798 5438 cum
808 5383 961 5443 Psalmista
1014 5403 1071 5458 que
1082 5385 1160 5454 velit,
1172 5405 1224 5444 nec
1235 5386 1314 5442 aliud
1326 5389 1423 5455 iaciat,
1435 5395 1464 5447 et
1474 5390 1551 5446 aliud
1565 5393 1695 5462 velit,sed
1708 5411 1741 5448 ea
1752 5394 1839 5450 etiam

134 5466 388 5541 tamdictum
412 5469 461 5541 tac
485 5469 566 5536 milti,
582 5469 706 5538 boariae,
721 5470 805 5543 finan
818 5489 919 5543 mam,
934 5486 961 5535 et
1014 5476 1156 5548 velitque
1166 5476 1246 5546 lacit,
1257 5476 1328 5550 quia
1337 5478 1517 5537 voluntatem
1533 5482 1598 5553 ejus
1614 5498 1699 5538 nemo
1715 5481 1840 5553 compel-

293 5593 428 5660 Pauca.
450 5593 538 5664 mv.
1660 5606 1680 5666 6
