3816 6006
97 270 176 345 ssl'l
598 274 846 336 canaliculus.
868 273 920 332 DU
944 269 1059 333 salar
1080 271 1296 336 SDPULGRD.
1719 274 1800 343 tm

96 404 200 474 tendit,
214 409 243 463 et
254 402 295 462 sic
306 405 342 463 ad
356 404 465 462 tlnmen
477 405 769 480 Iordaniselongatnr
780 425 786 475 ;
798 405 922 461 latitudo
936 403 965 473 A
1015 421 1107 460 nuncu
1125 421 1345 462 nxcaraerscoro
1357 421 1444 463 uerno
1453 422 1538 463 encra
1547 423 1690 463 canonicis
1701 424 1798 471 sanari

95 511 162 550 vero
173 494 209 550 ad
222 494 396 551 diuisionem
409 493 537 549 Bethsan
553 500 581 549 ct
596 494 765 568 Tp'heriadis
780 511 874 565 nsque
885 494 921 549 ad
1013 493 1159 534 SEPULCM·

96 600 209 651 cavam,
226 600 282 656 que
297 588 341 639 cst
357 582 489 655 proxima
504 582 603 652 casali,
620 585 697 656 quod
714 584 821 638 dicitur
832 584 923 638 lluxe·
1012 583 1043 637 lu
1059 584 1178 640 nomine
1194 589 1292 642 sancte
1309 588 1336 640 et
1351 583 1499 640 individuo
1521 582 1684 655 Trinitatis,
1701 603 1797 645 arrian.

95 672 154 739 nia,
171 671 347 728 extenditur.
365 673 488 746 Insuper
511 672 599 728 ctiam
623 690 726 729 omnes
747 672 920 746 pischarias,
1010 671 1116 728 Notum
1133 673 1171 729 sil
1186 673 1333 740 omnibus,
1347 678 1404 729 lani
1419 673 1602 746 presentibus
1618 690 1706 746 quam
1724 675 1800 735 lutu-

95 778 152 833 que
167 761 203 816 ad
221 777 266 816 me
284 760 441 834 portinent,
458 762 578 834 prelatis
591 763 740 818 canonicis
756 763 855 818 Sancti
871 763 920 818 Se·
975 761 1026 829 ris,
1044 764 1120 834 quod
1138 780 1190 835 ego
1207 763 1319 830 Petrus,
1335 763 1433 818 divina
1449 763 1555 834 pietate
1570 767 1596 818 ct
1613 780 1670 819 non
1687 761 1799 819 meritis

93 848 199 923 pulcri,
217 856 304 923 prout
318 850 485 906 willelmus
499 852 534 906 do
551 852 635 907 Buris
652 852 694 908 eis
705 851 833 919 dederat,
845 851 921 907 solu·
976 851 1115 924 Tyrensls
1130 852 1250 908 ecclesie
1270 851 1507 924 archiepiscopus
1522 857 1551 906 et
1562 852 1693 908 eiusdem
1710 851 1799 909 eccle·

95 943 141 993 tas
154 944 183 994 et
198 939 312 1010 quietas
330 941 358 994 in
375 957 550 1013 unoquoque
566 959 642 996 anno
656 941 805 996 habendas
821 943 923 996 confir·
976 939 1018 994 sie
1034 941 1194 1012 capitulum
1211 941 1269 997 Deo
1285 946 1313 996 et
1327 939 1447 996 ecclesie
1463 940 1562 996 Sancti
1579 940 1710 1013 Sepulcri
1726 940 1801 1003 eius-

95 1028 549 1103 mo,soilicetaSeptuogesima
578 1048 672 1103 usqne
694 1029 723 1084 in
751 1031 874 1096 Pascha,
892 1031 922 1085 in
977 1028 1799 1103 quevenerabilipriori,dominoNicbolau,etuniverso

95 1133 281 1189 quacumque
292 1117 455 1172 ebdomada
466 1119 596 1191 accipere
607 1119 812 1186 coluerint;ita
824 1124 922 1175 tamen
977 1116 1070 1189 ipsius
1086 1117 1240 1173 concentui
1267 1117 1417 1173 ecclesiam
1446 1119 1529 1174 Beate
1544 1117 1643 1188 Maria,
1660 1135 1716 1191 qus
1732 1118 1799 1192 Tyri

97 1205 185 1279 quod,
203 1205 226 1261 si
244 1206 273 1261 in
290 1205 465 1274 hisdiebus,
483 1208 512 1263 in
529 1209 635 1281 quibus
661 1208 791 1281 pischari
809 1210 922 1282 incepe·
978 1207 1072 1278 prima
1088 1207 1251 1273 fallendas,
1268 1206 1347 1262 salva
1365 1211 1463 1263 nostre
1478 1208 1608 1264 matricis
1624 1207 1744 1265 ecclesia
1759 1207 1802 1265 di·

97 1295 166 1363 rint,
184 1313 262 1352 mare
279 1297 430 1354 turbatum
453 1299 661 1372 meritaeque
687 1317 740 1373 pro
767 1298 843 1357 velle
870 1315 922 1355 suo
977 1295 1097 1369 gnitate,
1114 1296 1312 1352 concedimus.
1330 1297 1433 1352 Totam
1450 1313 1566 1368 quoque
1582 1296 1736 1357 cuiusdam
1750 1313 1797 1354 ca·

97 1384 226 1458 pischari
240 1384 386 1441 noluerint
398 1388 451 1455 ¹⁰²³,
465 1387 493 1441 in
505 1387 581 1458 aliis,
595 1389 703 1463 quibus
718 1388 868 1463 elegerint,
881 1388 923 1444 eis
978 1383 1048 1440 salis
1065 1384 1219 1452 decimam,
1236 1385 1313 1458 quod
1336 1389 1457 1442 vocatur
1472 1384 1585 1453 Derina,
1600 1386 1635 1442 de
1650 1385 1798 1454 omnibus,

96 1473 279 1546 persolvatur
294 1478 322 1531 ct
338 1482 585 1548 recompensetur.
597 1479 715 1534 Necnon
730 1482 821 1534 totam
839 1495 925 1550 anga-
978 1490 1034 1545 que
1050 1474 1136 1530 modo
1153 1475 1304 1547 possident
1318 1473 1361 1529 vel
1377 1490 1428 1546 per
1443 1491 1474 1530 so
1489 1473 1531 1529 rel
1548 1489 1600 1546 per
1613 1491 1683 1531 suos
1705 1473 1799 1529 homi-

97 1563 171 1619 riam
187 1568 215 1619 oi
230 1563 371 1620 auxilium
388 1567 521 1620 omnium
539 1566 717 1637 piscatorum
730 1586 862 1624 meorum
874 1585 925 1640 per
979 1580 1041 1628 nes,
1058 1562 1148 1618 libore
1170 1564 1276 1620 habere
1297 1562 1514 1635 permittimus;
1530 1563 1597 1619 etsi
1614 1562 1686 1620 forte
1704 1563 1738 1620 de
1753 1579 1800 1620 ce·

97 1669 190 1707 unum
216 1652 293 1707 diem
317 1652 389 1725 ipsis
412 1655 564 1709 annuatim
590 1657 727 1712 concedo.
744 1657 877 1714 Preteraa
893 1663 925 1712 ut
978 1657 1040 1708 tero
1056 1651 1178 1724 aliquid,
1196 1652 1273 1725 quod
1290 1652 1324 1709 de
1346 1652 1457 1724 prelato
1481 1651 1571 1708 casali
1598 1651 1701 1709 dicunt
1725 1668 1799 1721 essu,

95 1757 203 1796 navem
225 1758 314 1798 unam
332 1740 450 1796 inmari
477 1742 583 1798 Galiloe
605 1744 723 1800 assidue
746 1745 873 1801 habeant
888 1747 923 1801 acl
979 1740 1327 1814 acquisierint,ineadem
1340 1736 1666 1796 maneat'concessione.
1682 1740 1800 1797 Necnon

95 1829 271 1902 piscandum
287 1830 330 1888 eis
350 1831 487 1887 similiter
508 1833 644 1888 concedo.
662 1833 756 1889 Huius
778 1834 819 1890 roi
834 1839 923 1890 testes
978 1833 1007 1886 et
1021 1835 1148 1900 quatuor
1170 1846 1357 1886 carrucarum
1379 1834 1455 1886 terre
1477 1828 1630 1898 decimam,
1648 1846 1721 1901 quas
1738 1827 1802 1886 Bal-

96 1923 190 1975 sunt:

171 2008 338 2079 llerbertus,
349 2008 503 2081 episeopus
513 2009 694 2082 Tyberiadis
707 2011 852 2078 Girnhlns,
864 2011 925 2067 lhe-

206 2098 367 2154 saurarius.
407 2099 538 2155 Domnus
581 2099 680 2155 Fulco.
725 2100 923 2157 Gurrnucdus.

205 2184 407 2259 Wlillelmus}‚
434 2187 639 2243 marescalcus.
666 2185 821 2253 Galterius,
846 2189 924 2246 vice·

206 2291 314 2332 comes.
328 2276 384 2332 lvo.
398 2276 567 2332 Lodevicus.
586 2275 746 2332 Baldninus
762 2279 797 2333 de
812 2278 922 2335 Cunila.

207 2363 293 2421 Fulco
309 2366 344 2421 de
360 2365 491 2420 Petrona.
509 2364 674 2420 Willelmus
699 2367 733 2420 dc
756 2367 860 2424 Suelxa.
875 2368 922 2422 Vi-

205 2454 319 2510 vianus.
337 2453 489 2509 lohannes.
516 2454 680 2511 liodbertus
703 2455 922 2529 Neapolitanus.

205 2547 288 2617 Hugo
304 2542 472 2599 Graecinus.

134 2632 254 2688 Factum
276 2638 320 2688 est
344 2637 443 2691 autem
459 2630 514 2687 hoc
530 2636 559 2687 et
573 2631 671 2705 sigillo
688 2650 752 2689 meo
767 2635 922 2692 confirma-

96 2725 172 2790 tum,
183 2719 329 2777 Amalrico
345 2720 512 2792 patriarcha
527 2722 668 2778 existente
684 2727 712 2778 et
727 2722 873 2780 Amalrico
883 2741 924 2781 rc·

95 2826 131 2882 ge
148 2815 297 2883 regnante,
315 2826 391 2865 anno
407 2811 443 2865 ab
459 2809 661 2867 incarnatione
684 2811 800 2868 Domini
818 2831 922 2870 nicuxv.

428 2915 521 2972 cxlv
538 2918 592 2974 ¹⁰²⁴.

97 3022 132 3062 DE
160 3022 210 3060 SEX
241 3022 416 3062 CARRUGATIS
449 3022 540 3061 Tanna
575 3023 629 3063 HAG
662 3024 752 3062 PARTE
785 3024 921 3064 sanandis

450 3094 568 3133 calens.

134 3165 300 3222 lunomine
329 3165 422 3222 Patris
452 3169 480 3221 et
510 3166 574 3222 Filii
604 3170 632 3221 et
656 3167 784 3239 Spiritus
813 3148 961 3237 Sanctio

99 3272 197 3313 amen.

135 3344 241 3402 Notum
252 3345 290 3400 sit
300 3345 448 3413 omuibus,
462 3349 522 3402 tam
536 3346 722 3418 presentibus
738 3364 826 3419 quam
844 3348 924 3404 sutu-

99 3433 151 3501 ris,
164 3434 241 3506 quod
256 3450 309 3508 ego
325 3435 466 3508 hogerius
483 3435 518 3490 de
532 3434 649 3492 Gattaei
665 3435 818 3506 lohannes,
836 3437 924 3496 frater

99 3539 194 3592 meus,
210 3522 346 3578 dedimus
360 3523 508 3579 canonicis
525 3524 709 3581 Sanctissimi
726 3523 858 3598 Sepulcri
874 3542 924 3581 sex

98 3615 265 3668 carrucatas
295 3616 369 3667 terre
396 3612 437 3667 ita
466 3612 674 3669 determinatas
692 3630 697 3667 :
715 3618 774 3670 tres
790 3614 924 3670 videlicet

98 3702 174 3757 citra
189 3699 297 3757 flumen
312 3702 348 3756 de
365 3702 451 3773 Copia
465 3718 554 3774 prope
571 3701 759 3770 locinosset
773 3708 832 3758 tres
848 3702 925 3758 ultra

97 3790 188 3845 finem
202 3788 273 3845 sitas
290 3807 377 3862 suprr
401 3789 490 3862 ripas,
513 3795 658 3862 quantum
674 3807 723 3846 sex
738 3790 820 3863 paria
834 3792 923 3847 boum

96 3877 230 3934 laborare
246 3884 274 3932 et
288 3877 417 3934 excolere
441 3879 569 3951 poterint
591 3896 643 3951 per
666 3896 768 3936 omnes
784 3880 921 3949 sationes,

96 3966 208 4023 scilicet
223 3972 281 4023 tres
297 3969 332 4022 ad
349 3967 567 4038 seminandum,
579 3973 608 4023 et
619 3967 763 4038 aliassstres
774 3969 810 4024 ad
822 3985 925 4042 garan-

96 4055 232 4111 taudum.
249 4056 399 4111 Adicimus
424 4056 460 4111 ad
485 4055 540 4111 hoc
564 4061 592 4112 et
613 4057 802 4112 concedimus
823 4056 924 4114 athas

97 4144 246 4216 predictas
256 4148 332 4200 terre
347 4149 514 4200 carrucatas
531 4144 658 4200 habeant
671 4144 792 4214 solutas,
809 4146 924 4218 quietas

97 4236 127 4289 el
141 4231 268 4302 trancas,
286 4237 314 4288 et
339 4232 374 4287 ab
399 4231 478 4287 omni
503 4232 650 4289 exactione
666 4237 695 4288 et
709 4250 797 4304 pravo
813 4234 923 4290 usatioo

98 4319 218 4388 liberaS,
235 4325 264 4376 et
279 4321 448 4392 possideant
463 4321 525 4376 iure
536 4320 709 4377 hereditario
720 4338 770 4377 evo
783 4322 923 4395 perhenni

99 4413 128 4466 et
144 4426 197 4482 per
211 4414 316 4465 cuuota
331 4408 438 4477 secula,
457 4410 653 4466 amentluius
665 4410 704 4465 rei
716 4415 786 4465 sunt
801 4410 922 4486 [testrep

175 4498 343 4565 llernesius,
359 4497 538 4554 cesariensis
567 4499 812 4571 archiepiscopus.
830 4504 923 4557 Bone·
940 4520 964 4585 D

208 4586 313 4655 sacius,
328 4590 447 4642 Cesarea
471 4586 629 4642 canonieus
648 4591 677 4642 et
691 4586 804 4660 cayphe
827 4589 923 4661 ospel-

207 4672 303 4729 lanus.
319 4672 498 4742 Willelmus,
522 4674 598 4747 regis
627 4674 832 4731 marescalcus.
851 4676 922 4733 Wil-

206 4761 313 4818 lelmus
324 4763 360 4817 de
370 4761 569 4834 lllontegisart.
584 4763 736 4831 lohannes,
750 4764 838 4820 trater
848 4764 920 4822 eius.

207 4850 347 4907 Deuricus
378 4852 413 4907 de
442 4851 611 4907 Gilcbeletb.
642 4852 732 4925 ltogb,
758 4852 837 4909 lilius
861 4855 921 4911 lla-

206 4957 302 4996 nasse.
319 4939 499 5009 llunhertus,
517 4938 601 4996 miles
627 4939 745 5012 Pagani.
770 4941 921 5013 Vivianus,

203 5028 374 5086 vicecomes.
390 5026 536 5095 Clemens,
553 5028 665 5101 dapiler
688 5030 800 5086 domini
824 5031 897 5105 Cayl
914 5076 920 5089 .

417 5133 524 5190 CXXVI
545 5135 599 5189 ¹⁰²5.

94 5222 132 5261 us
150 5222 226 5262 nono
254 5221 289 5263 ar
315 5223 468 5262 craanrxra
491 5223 625 5262 ranansrs
651 5223 816 5262 neccssaria
836 5224 921 5263 vons-

978 1918 1098 1986 duinus,
1115 1919 1262 1975 secundus
1287 1919 1456 1975 Latinorum
1481 1935 1540 1984 rex,
1557 1918 1677 1976 ecclesie
1701 1918 1800 1976 Sancti

978 2007 1110 2080 Sepulcri
1122 2009 1201 2063 iuxta
1217 2007 1361 2080 prelatum
1378 2006 1473 2064 casale
1489 2007 1617 2075 donavit,
1630 2007 1799 2065 annuimus.
1852 2038 1854 2042 ·

977 2100 1050 2151 Item
1066 2101 1094 2152 et
1109 2095 1195 2152 aliam
1212 2096 1356 2153 decimam
1372 2097 1407 2152 de
1425 2096 1551 2168 quodam
1566 2095 1799 2170 viridario,quod

976 2190 1022 2242 est
1037 2185 1171 2241 clausum
1187 2203 1276 2257 perse
1285 2203 1351 2241 cum
1365 2185 1506 2258 berquilio
1518 2186 1592 2242 inter
1603 2202 1721 2242 uiarum
1732 2185 1800 2258 Tyri

978 2278 1005 2330 et
1021 2274 1084 2331 eius
1099 2273 1291 2342 antemurale,
1307 2275 1409 2330 eodem
1426 2274 1511 2330 modo
1523 2275 1565 2330 eis
1580 2275 1610 2330 in
1626 2278 1800 2348 perpetuum

978 2363 1084 2420 habers
1099 2364 1297 2420 concedimus.
1317 2362 1409 2419 lluius
1425 2363 1465 2419 rai
1481 2366 1570 2419 testes
1584 2367 1676 2423 sunt:

1049 2453 1191 2510 Dominus
1207 2453 1388 2520 lllainurdus,
1405 2452 1453 2508 Dei
1470 2453 1564 2526 gratia
1582 2452 1739 2510 Beritensis
1754 2468 1800 2509 ea·

1085 2541 1171 2598 clesie
1184 2540 1360 2598 venerabilis
1376 2542 1539 2614 episeopus.
1556 2540 1697 2597 Dominus
1712 2539 1801 2598 uual-

1084 2631 1186 2698 tcrius,
1201 2631 1339 2705 'tyrensis
1359 2629 1479 2686 ecclesie
1500 2630 1638 2687 decanus.
1659 2630 1801 2687 Dominus

1083 2719 1260 2787 Willelmus,
1276 2719 1408 2775 eiusdem
1427 2717 1547 2775 ecclesie
1566 2718 1800 2775 archidiaconus.

1084 2808 1227 2864 Dominus
1253 2807 1347 2877 Aimo,
1377 2806 1509 2863 ciusdem
1539 2806 1660 2864 ecclesie
1688 2812 1799 2865 cantor.

1083 2896 1225 2953 Dominus
1237 2894 1408 2964 auiculas,
1416 2895 1546 2952 eiusdem
1558 2895 1801 2953 ecclesiethesau·

1084 2986 1189 3041 rarius.
1206 2985 1348 3042 Dominus
1364 2984 1508 3052 Matheus,
1525 2985 1693 3041 canonicus.
1706 2985 1801 3042 Domi·

1083 3091 1140 3130 nus
1170 3075 1241 3142 Odo,
1268 3073 1435 3130 canonicus.
1466 3073 1609 3130 Dominus
1638 3073 1799 3147 Philippus,

1084 3163 1252 3219 canonieus.
1272 3163 1412 3219 Dominus
1435 3161 1609 3232 Willelmus,
1630 3163 1799 3223 canonicus.

1085 3252 1228 3308 Dominus
1243 3252 1395 3319 Girardns,
1412 3251 1581 3308 canonicus.

1016 3348 1085 3398 Data
1100 3341 1128 3397 in
1145 3343 1231 3414 Tyro,
1249 3358 1301 3415 per
1320 3358 1441 3397 manum
1463 3339 1585 3410 Alberti,
1602 3340 1739 3416 Tyransis
1754 3357 1800 3399 ec·

979 3430 1066 3489 clesie
1095 3429 1270 3499 cancellarii,
1287 3446 1363 3485 anno
1392 3429 1428 3485 ab
1457 3428 1657 3488 incarnatione
1683 3431 1800 3489 Domini

978 3537 1099 3578 ucaxrn.

1293 3607 1483 3665 ClDlVll¹⁰²⁶.

1047 3772 1050 3779 Ι
1139 3746 1142 3750 Α
1179 3715 1364 3754 rnlvnaorun
1384 3715 1420 3754 os
1438 3716 1525 3755 sarra
1545 3701 1599 3756 ¹⁰²⁷.

1013 3792 1047 3843 111
1072 3787 1189 3843 nomine
1214 3787 1306 3844 Patris
1337 3792 1366 3843 at
1387 3786 1451 3843 Filii
1477 3792 1506 3843 et
1534 3787 1660 3861 Spiritus
1689 3791 1798 3859 Sancti,

978 3894 1074 3934 anien.

1013 3967 1120 4022 Notum
1136 3965 1175 4021 sit
1190 3965 1337 4033 omnibus,
1349 3970 1409 4021 tam
1421 3966 1605 4037 presentibus
1617 3985 1706 4040 quam
1720 3969 1799 4027 futu-

978 4054 1029 4122 ris,
1044 4055 1122 4126 qnod
1137 4070 1190 4126 ego
1206 4053 1345 4111 Via-ianus
1361 4054 1498 4111 dominus
1513 4055 1549 4111 de
1564 4056 1661 4129 Cayla,
1678 4061 1705 4113 et
1722 4057 1799 4116 filius

979 4160 1062 4200 meus
1074 4143 1217 4215 Paganus,
1230 4160 1281 4215 pro
1293 4142 1387 4198 salute
1401 4147 1502 4200 nostra
1512 4149 1541 4199 et
1551 4146 1683 4202 omnium
1694 4164 1800 4219 paren-

978 4237 1041 4288 tum
1057 4235 1235 4297 nostrorum,
1249 4231 1394 4287 donamus
1409 4230 1536 4304 glorioso
1552 4234 1616 4290 lesu
1631 4235 1737 4292 Christi
1749 4237 1800 4293 Se·

979 4319 1080 4394 pulcro
1096 4322 1125 4375 et
1139 4318 1287 4375 canonicis
1306 4317 1438 4375 eiusdem
1453 4319 1507 4376 loci
1522 4327 1552 4377 at
1566 4325 1754 4383 concedimus
1768 4326 1799 4383 in

979 4414 1151 4482 perpetuum
1162 4407 1192 4462 in
1203 4406 1271 4463 villa
1286 4408 1411 4477 deserta,
1424 4407 1499 4464 inter
1513 4411 1627 4484 Capsam
1644 4418 1673 4468 et
1686 4413 1799 4470 Palma-

980 4514 1059 4554 ream
1071 4497 1138 4565 sita,
1147 4497 1183 4553 ab
1194 4496 1314 4569 antiqua
1329 4500 1412 4569 porta
1425 4496 1492 4553 ville
1507 4515 1542 4554 ex
1556 4505 1638 4571 parta
1652 4501 1799 4563 Palmaree

979 4587 1060 4643 iuxta
1074 4585 1252 4658 superiorem
1263 4585 1340 4641 viam
1351 4587 1489 4658 usquead
1500 4585 1637 4659 lapidem,
1649 4587 1726 4645 ultra
1740 4606 1799 4647 me-

978 4676 1115 4731 dietatem
1130 4673 1195 4730 rillc
1210 4691 1262 4746 pro
1276 4673 1401 4730 termino
1423 4675 1524 4742 fixum,
1545 4679 1574 4730 et
1588 4675 1624 4730 ab
1639 4676 1741 4732 eodem
1756 4676 1798 4733 la-

977 4763 1045 4836 pide
1060 4780 1153 4835 usque
1168 4763 1204 4818 ad
1216 4762 1342 4835 lapidem
1358 4781 1448 4836 supra
1463 4762 1659 4820 carublerium
1674 4767 1799 4823 crucesi-

976 4857 1110 4926 gnatum,
1127 4850 1196 4907 item
1213 4852 1248 4907 ab
1273 4853 1375 4907 eodem
1400 4850 1497 4923 lapide
1523 4853 1723 4928 crucesignato
1747 4873 1798 4931 per

977 4940 1079 4997 collem
1095 4957 1189 5012 usque
1204 4941 1240 4997 ad
1257 4941 1380 4996 lundam
1394 4957 1472 5008 care,
1489 4940 1596 4998 relictis
1611 4943 1740 5017 antiquis
1755 4962 1798 5010 sa·

976 5029 1086 5103 pulcris
1102 5030 1178 5085 intra
1193 5046 1293 5086 eorum
1312 5030 1454 5087 terminos
1469 5031 1523 5087 Μ’.
1544 5030 1695 5090 Donamus
1708 5035 1797 5103 etiam

976 5118 1142 5174 universam
1159 5122 1267 5175 terram
1280 5123 1308 5175 et
1322 5119 1386 5175 eius
1395 5117 1545 5191 planitiem
1555 5120 1699 5195 integram
1710 5141 1798 5199 apre-

976 5206 1053 5262 dicta
1067 5203 1135 5260 villa
1150 5221 1236 5262 secus
1249 5206 1326 5263 viam
1341 5206 1491 5279 publicam
1503 5225 1597 5282 usque
1612 5209 1649 5266 ad
1665 5211 1739 5271 duos
1754 5229 1798 5270 ca·

130 5348 270 5405 ¹⁰¹³Corri
292 5351 485 5423 capotueriut.
525 5349 570 5384 ¹⁰²⁴
585 5348 730 5417 l,r102‚
745 5360 794 5415 v⁰;
813 5365 940 5422 marique
967 5349 1043 5405 dans
1072 5351 1103 5403 B.
1155 5348 1200 5384 ¹⁰¹⁵
1228 5349 1261 5417 A,
1291 5350 1313 5404 i⁰
1341 5351 1401 5416 103,
1431 5364 1476 5419 r⁰;
1506 5368 1635 5425 manque
1661 5354 1735 5411 dans
1763 5360 1794 5414 D.

94 5420 140 5456 ¹⁰¹⁶
156 5421 186 5486 A,
203 5421 226 5474 l'
241 5366 301 5490 lbi,
319 5434 366 5489 νος
385 5437 512 5503 marique
525 5421 600 5476 dans
615 5425 646 5475 Β.
686 5420 729 5455 ¹⁰¹³
743 5419 876 5493 Corrigez
891 5421 946 5495 Cap

947 5423 988 5495 su.
1028 5420 1072 5455 ¹⁰²⁸
1085 5422 1163 5475 Cette
1192 5418 1298 5491 phrase
1319 5426 1363 5477 est
1387 5422 1582 5481 e'videmment
1595 5425 1770 5499 incompleta
1787 5444 1794 5485 :

93 5491 120 5547 le
136 5492 248 5564 copiste
263 5510 280 5550 a
294 5494 369 5552 omis
385 5493 419 5551 de
435 5492 571 5567 designer
585 5492 683 5565 l‘objcl
698 5493 793 5550 meme
809 5491 883 5551 dela
893 5490 1075 5553 donatiou.ll
1085 5491 1230 5550 lautdonc
1243 5491 1380 5568 suppleer
1393 5511 1433 5552 na
1448 5500 1521 5565 mot,
1530 5498 1674 5573 peut-etro
1683 5504 1794 5571 unum,

94 5580 135 5623 ou
148 5565 248 5623 coacta
