3816 6006
167 291 244 355 racc
752 359 760 372 ,
784 289 983 353 naeniam
1003 289 1213 357 cacanus.
1795 288 1873 361 aaut

165 438 271 484 norum
286 438 343 479 non
359 421 545 492 latraveritis,
563 422 620 478 nisi
635 423 712 497 quod
729 438 763 478 ea
779 422 836 477 line
851 420 989 491 lacti,col-
1004 423 1030 489 Α
1046 423 1202 494 predicare
1213 423 1872 497 contemnrmnanonconsiderantesquoniam

165 511 302 586 ligimus;
319 512 396 584 quod
404 510 569 584 specialiter
577 511 989 584 primorenitadiudeosqui-
1043 511 1149 568 melius
1164 516 1209 568 ost
1223 512 1373 587 acquirere
1384 513 1442 569 Deo
1454 514 1584 570 animam
1598 531 1689 572 unam
1706 531 1800 590 quam
1810 516 1872 575 nul-

165 601 221 666 hus
236 600 400 676 promissus
415 605 477 657 erat
488 619 495 670 3
506 619 523 657 a
533 601 640 673 quibus
649 618 699 672 per
707 600 990 658 incredulitatemrc-
1043 597 1144 670 lam,et
1155 602 1231 673 quod
1243 595 1331 659 omne
1339 601 1413 658 illud
1425 607 1543 677 tempus
1552 604 1784 678 perdimus,quo
1795 604 1871 665 lucra

166 690 270 763 pulsus
285 689 403 746 transiit
416 690 454 744 ad
470 688 590 745 alienos.
606 688 725 762 Triplici
741 690 830 763 igitur
845 690 880 746 de
901 707 991 747 causa
1044 689 1209 747 animarum
1234 707 1291 746 non
1321 707 1469 748 vacamus.
1490 692 1548 750 Noc
1572 691 1741 766 exemplum
1757 693 1870 756 Domini

44 837 54 861 ⁴
165 778 257 843 voluit
271 777 413 834 Dominus
431 778 525 850 primo
540 778 649 835 iudeis
658 783 687 834 et
701 794 758 834 non
775 779 910 852 gentihus
921 797 991 852 pra·
1045 780 1276 853 spectamus,qui
1288 779 1342 836 soli
1358 780 1546 837 Samaritanae
1556 779 1586 837 in
1596 780 1643 837 vie
1652 781 1742 853 juxta
1752 786 1869 854 puteum

166 868 273 929 dicere.
283 867 389 936 Primo,
402 871 434 922 ut
444 868 608 924 ostenderet
619 885 649 923 se
660 884 724 924 esse
735 868 871 925 Moesiam
882 869 897 924 J
901 868 991 925 udaeis
1044 868 1202 940 predicare
1217 886 1275 924 non
1287 869 1422 943 neglexit,
1437 870 1521 942 cujus
1532 870 1657 928 salutem
1667 887 1701 930 se
1711 888 1773 930 non
1782 871 1869 947 negti·

166 956 346 1031 promissum
362 956 392 1012 in
407 955 479 1029 lege.
496 958 640 1024 Secundo,
652 957 803 1013 uttudeis
817 974 935 1013 omnem
946 974 992 1015 oc·
1045 957 1284 1030 gere,sedpotius
1300 976 1330 1015 se
1345 960 1554 1026 esseestendit,
1565 976 1631 1017 cum
1649 960 1869 1035 discipulissnts

57 1096 61 1101 .
166 1046 386 1105 cnsicnomnon
411 1045 569 1119 recipiendi
599 1045 786 1119 Evangelium
814 1047 949 1114 auferret,
967 1047 991 1102 si
1046 1045 1108 1102 ait:
1131 1069 1145 1096 n
1166 1046 1224 1119 Ego
1244 1046 1449 1103 babeocibum
1466 1048 1652 1116 manducare,
1665 1065 1869 1123 quemvoscc·

165 1135 294 1210 primum
305 1134 377 1198 illud
388 1135 991 1209 gentibuspredicasset'lertio,quoniam
1045 1135 1127 1194 scitis
1146 1139 1332 1206 (Jccn.1v.)»
1349 1137 1593 1210 Approptnqunnil,
1618 1137 1728 1210 inquit,
1760 1154 1867 1209 reneca

165 1229 236 1288 tune
252 1224 547 1284 erantinteriudaos
562 1225 611 1299 qui
624 1224 755 1281 salvandi
772 1229 992 1297 erant,eterant
1044 1225 1187 1281 celorum.
1204 1226 1286 1290 Tota,
1307 1225 1411 1282 tratres
1440 1225 1508 1299 mei,
1530 1225 1700 1300 pradicatio
1726 1226 1866 1306 Ercumtii

166 1314 243 1372 inter
256 1317 358 1388 gentes
373 1313 424 1388 qni
439 1312 570 1370 salvandi
583 1331 641 1370 nun
657 1315 877 1370 erautNamad
890 1313 992 1388 predi·
1045 1317 1177 1369 versatur
1192 1312 1268 1368 circa
1283 1313 1370 1369 linem
1387 1313 1501 1379 mundi,
1516 1319 1545 1370 et
1558 1313 1776 1373 beatitudinem
1794 1314 1867 1391 regui

166 1402 310 1472 nationem
326 1403 402 1470 Petri
418 1419 476 1460 uno
492 1402 537 1458 die
552 1402 609 1458 tria
623 1402 716 1458 millia
731 1404 797 1471 (Act.
814 1407 857 1472 u,)
883 1406 911 1459 et
935 1402 993 1461 alia
1045 1401 1154 1458 aterni.
1170 1402 1230 1459 lloe
1244 1401 1387 1460 Dominus
1402 1402 1579 1474 predicavit,
1593 1401 1649 1463 boc
1670 1402 1811 1476 apostoli,
1821 1402 1867 1463 boc

166 1493 213 1556 dis
225 1491 461 1565 quinquemillia
476 1493 543 1561 (tet.
560 1495 600 1561 1v)
610 1492 805 1559 crediderunt,
815 1496 844 1549 ot
858 1509 925 1548 cum
936 1490 992 1548 vol·
1046 1492 1138 1547 sancti
1148 1496 1289 1566 martyres
1300 1491 1516 1548 eteoclessores
1526 1509 1532 1547 :
1543 1491 1867 1564 heenoeprsdiostora

165 1581 227 1650 lent
240 1579 365 1655 apostali
379 1581 409 1636 in
425 1579 523 1638 Asiam
539 1581 706 1655 predicere,
724 1599 740 1637 a
754 1581 865 1654 Spiritu
891 1586 991 1638 sancto
1045 1580 1249 1651 praedicamus,
1266 1580 1316 1637 scd
1332 1580 1457 1650 utinam,
1474 1580 1552 1636 sicut
1571 1596 1651 1649 voce,
1667 1580 1712 1636 ila
1726 1585 1758 1641 et
1770 1579 1866 1655 ommi

166 1668 306 1745 prohibiti
320 1674 390 1727 sunt
404 1670 472 1740 (Act.
487 1670 557 1744 xvi.)
573 1672 664 1736 Quam
681 1675 779 1727 tamen
794 1671 894 1727 Asiam
910 1674 991 1743 post·
1045 1669 1236 1743 Operofinem
1244 1669 1348 1726 mundi
1359 1673 1388 1725 ot
1402 1668 1797 1744 adventumregnieoelorum
1807 1687 1867 1744 pra·

166 1759 476 1834 emisissemus
495 1776 546 1833 per
574 1759 722 1831 apostolos
751 1760 900 1816 convertit.
918 1761 990 1816 Nam
1046 1758 1189 1825 dicamus,
1206 1757 1231 1813 si
1245 1759 1390 1814 mundum
1402 1759 1525 1832 ejusque
1542 1756 1696 1817 illecebras
1713 1758 1868 1820 contemni·

166 1849 215 1915 diu
227 1851 292 1922 iam
306 1849 437 1922 estquod
448 1848 518 1905 Asia
527 1849 659 1905 credidit.
669 1849 775 1905 Subtili
786 1866 854 1922 erge
865 1849 991 1905 occulto·
1046 1846 1313 1916 mus,sidivitias,si
1321 1847 1484 1914 honores,si
1492 1846 1868 1928 gloriasetvoluplslcseius

167 1937 527 2012 quejudicioquibusdam
539 1938 705 2010 predicatio
716 1938 909 2005 subtrahitur,
923 1937 993 2010 quia
1046 1935 1212 2008 abjicimus,
1233 1936 1258 1992 si
1274 1939 1333 1991 toto
1342 1936 1485 1992 desiderio
1503 1936 1537 1992 ad
1552 1935 1642 1992 aliam
1652 1937 1744 1995 vitam
1759 1937 1869 1995 testina-

166 2028 303 2092 suscitari
318 2027 508 2101 pergratiam
525 2043 582 2083 non
600 2030 759 2083 merentur.
1046 2025 1866 2103 mussiproptereamquecunquepcssumus[lacimusl.

204 2116 285 2186 Unde
300 2131 419 2174 necesse
434 2119 488 2182 est,
504 2115 608 2172 iratres
624 2115 801 2184 charissimi,
819 2120 851 2171 ut
866 2115 894 2171 in
906 2133 992 2174 omne
1046 2113 1102 2170 Sed
1119 2113 1206 2186 (quod
1216 2113 1278 2169 sine
1286 2112 1424 2186 lacrymis
1439 2130 1551 2186 nequeo
1568 2113 1675 2184 dicere)
1687 2131 1744 2172 nos
1760 2114 1789 2171 in
1807 2131 1867 2174 aaa·

167 2205 245 2279 quod
260 2204 378 2278 agimus
393 2202 507 2261 occulta
524 2203 571 2260 Dei
582 2203 697 2275 judicia
712 2220 869 2277 supernos
888 2205 991 2262 timea-
1045 2202 1166 2258 tracium
1184 2219 1351 2275 operamur,
1364 2203 1470 2259 etdum
1482 2203 1626 2258 mundum
1640 2206 1669 2260 et
1684 2204 1754 2279 ejus
1764 2203 1866 2282 cupidl-

167 2311 245 2366 mus,
258 2311 295 2350 ne
310 2294 380 2348 dum
397 2292 524 2350 exterius
539 2309 622 2349 mens
638 2298 738 2349 nostra
759 2293 856 2350 lusae
880 2312 935 2351 sua
960 2313 992 2353 se
1045 2295 1119 2349 tates
1139 2290 1342 2364 amplectimur
1355 2296 1384 2347 ot
1403 2297 1561 2358 sectamur,
1579 2295 1608 2349 et
1618 2309 1671 2370 pro
1686 2310 1781 2369 regno
1795 2291 1867 2355 cete

165 2382 313 2448 vuluntate
330 2399 388 2438 non
404 2386 526 2451 revocat,
544 2381 624 2438 intus
639 2389 741 2439 eontra
756 2400 819 2438 sam
831 2384 922 2456 judex
933 2390 990 2441 ter·
1046 2398 1111 2436 rum
1127 2381 1258 2437 laborare
1273 2378 1460 2454 negligimus,
1475 2380 1675 2455 predicationi
1691 2387 1802 2443 nasim
1813 2399 1867 2461 ops·

166 2470 444 2544 ribiliterdisponat.
455 2472 536 2537 Quod
547 2471 620 2527 bene
634 2472 751 2528 intuens
761 2472 917 2529 Psalmista
928 2474 989 2530 ait:
1046 2470 1128 2526 ribus
1142 2470 1304 2527 obviamus.
1326 2474 1359 2524 ln
1379 2487 1437 2545 quo
1466 2470 1601 2527 infirmos
1629 2471 1866 2541 scandalizans,

164 2560 297 2619 «Venite
321 2559 458 2617 etvidete
487 2577 575 2632 opera
596 2560 709 2616 Domini
738 2579 826 2634 quam
851 2562 991 2620 terribilis
1045 2559 1095 2632 qui
1109 2576 1195 2631 opera
1206 2563 1307 2615 nostra
1320 2558 1551 2616 considerantes.
1563 2559 1603 2631 Si,
1618 2560 1774 2634 inquiunt,
1787 2577 1867 2621 samr-

165 2651 196 2707 in
220 2649 352 2709 consiliis
382 2667 470 2721 super
498 2649 574 2704 lilios
603 2649 756 2705 honrinum
781 2652 864 2710 (Pscl.
883 2656 958 2720 axv.)
976 2674 990 2702 a
1045 2648 1868 2722 dosvelepiseopusregnunieelorumexspectaretne

163 2740 244 2801 Vidit
259 2756 386 2811 namque
400 2740 478 2812 quod
498 2738 574 2795 alius
602 2739 828 2795 misericorditer
851 2747 990 2810 vocatur3
1045 2754 1193 2811 quaquam
1209 2738 1481 2811 mundotnntisper,
1494 2737 1713 2813 mundanisque
1725 2738 1867 2801 desiderit

165 2829 241 2892 atius
251 2828 369 2902 justitia
387 2827 500 2884 occulta
515 2828 673 2901 repellitur,
690 2834 719 2885 et
748 2829 818 2901 quia
843 2829 900 2885 alia
926 2847 991 2902 par·
1044 2827 1221 2894 adhereret3
1238 2830 1266 2882 et
1282 2826 1324 2882 sic
1343 2826 1421 2882 malo
1443 2825 1573 2899 exemplo
1588 2831 1690 2884 nostro
1710 2829 1866 2895 exorbitati·

166 2918 268 2986 cando,
284 2916 342 2973 alis
356 2916 507 2975 irascendo
523 2917 663 2990 disponit,
680 2918 804 2989 expavit,
834 2918 913 2991 quod
941 2936 990 2992 po·
1044 2914 1692 2989 tesregnumcoelorumnunexspectantsed
1704 2917 1866 2977 mundusi-

166 3011 280 3069 notrere
295 3024 352 3064 non
368 3007 472 3079 potuit,
488 3007 523 3061 lit
538 3006 677 3078 quoniam
689 3024 747 3062 non
763 3007 858 3063 solum
874 3008 991 3065 investi·
1044 3003 1867 3081 harenl,qnemsicsemperduraturumputantsedccrts

166 3095 304 3170 gebilem,
321 3095 469 3155 sedetiam
480 3095 509 3151 in
522 3094 699 3168 quibusdam
710 3095 897 3152 inllexibilem
908 3097 989 3165 vidit,
1045 3094 1109 3167 ipsa
1124 3094 1317 3149 ruinamundi
1326 3100 1385 3149 lam
1394 3111 1446 3151 nos
1459 3093 1621 3166 quamillos
1634 3096 1867 3170 accusatqutne

165 3185 325 3251 terribilem
342 3200 406 3242 esse
421 3184 601 3240 memoravit.
619 3183 841 3241 Moralitervero
856 3186 992 3259 pracepit
1007 3170 1027 3237 C
1044 3182 1866 3263 bistncentibusjamsocasurumelamet,ctaliudregaum

165 3279 273 3340 sancta
288 3273 422 3337 Ecclesia
432 3273 610 3347 pastoribus,
624 3290 659 3328 ne
672 3273 701 3327 in
717 3273 793 3328 viam
801 3274 943 3346 gentium,
960 3275 989 3332 id
1044 3275 1198 3329 venturum
1214 3273 1404 3329 demonstrat.
1416 3275 1471 3329 Tot
1481 3277 1509 3330 et
1524 3273 1614 3330 tantis
1629 3273 1867 3350 quippemiseriis

164 3367 219 3430 est,
233 3380 273 3421 ne
287 3364 316 3420 in
331 3379 445 3420 errores
467 3365 496 3418 et
521 3362 637 3435 negotia
659 3364 876 3419 mundanorum
898 3364 991 3421 homi·
1044 3366 1071 3416 et
1090 3360 1331 3419 tribulationibus
1350 3362 1479 3419 mundus
1500 3362 1667 3431 amarescit,
1685 3366 1768 3437 quod
1790 3366 1865 3424 etiem

163 3469 246 3522 nam,
262 3454 424 3525 sequendo,
440 3455 508 3508 eant
524 3468 530 3506 ε
547 3455 576 3507 et
590 3452 619 3505 in
635 3451 767 3508 civitates
792 3453 989 3510 Samaritano·
1043 3449 1353 3525 ipsosamatoressuos
1365 3450 1865 3528 suisamaritudinibussserspellit

162 3556 240 3608 rum,
255 3541 284 3597 id
298 3545 353 3612 est,
370 3541 450 3596 usin
467 3539 613 3596 tumultus
626 3539 857 3597 sollicitudinum
868 3546 989 3599 stoura-
1080 3540 1190 3613 ltaque,
1209 3541 1322 3607 iratres,
1341 3540 1410 3613 quia
1425 3541 1569 3596 mundum
1586 3541 1691 3599 cadere
1715 3544 1864 3615 cernimus,

161 3630 361 3697 neminemne,
378 3630 429 3686 sed
444 3632 512 3685 eant
522 3629 621 3700 potius
636 3630 672 3684 ad
684 3646 752 3686 oves
764 3648 827 3702 que
839 3631 989 3703 perierunt
1043 3645 1110 3684 eum
1127 3628 1284 3703 fugiamus,
1302 3646 1337 3685 ue
1353 3646 1421 3685 cum
1437 3630 1558 3686 cadente
1574 3629 1662 3686 simul
1679 3631 1866 3691 eademnam

160 3719 265 3782 domus
280 3718 379 3786 Israel,
395 3718 481 3774 idest
495 3718 658 3774 adruinum
672 3719 838 3775 animarum
853 3737 989 3793 reparan-
1043 3718 1128 3773 ruina
1143 3718 1246 3774 mundi
1263 3736 1316 3774 nos
1332 3718 1508 3791 quantocius
1524 3718 1750 3789 subtrahamus,
1764 3726 1866 3780 eterra

159 3808 238 3873 dam.
255 3807 324 3865 Vult
340 3808 448 3880 quippe
464 3806 606 3863 Dominus
631 3809 708 3880 quod
734 3809 936 3880 predicatores
960 3814 989 3865 et
1043 3823 1116 3878 qrios
1131 3823 1290 3879 possumus
1305 3806 1502 3874 extrahamus,
1521 3812 1550 3863 et
1568 3808 1604 3863 ad
1620 3810 1815 3868 mercandum
1827 3826 1864 3866 re-

158 3895 862 3970 pastoresssnetaeneetesienonsolumerroraset
871 3899 988 3972 publica
1042 3912 1132 3969 gnum
1149 3894 1287 3951 eoelorum
1296 3897 1521 3968 praemittamus.
1530 3898 1649 3965 Quarto,
1664 3898 1736 3970 quid
1751 3900 1863 3958 debcant

160 3985 309 4049 woularis
322 3985 387 4042 vita
403 3985 530 4059 negotia,
543 3986 592 4041 sed
609 3984 697 4042 etiam
711 4002 812 4042 omnes
827 3986 899 4044 alias
910 3989 988 4045 solli·
1041 3984 1259 4058 agareostendit
1271 4001 1337 4040 cum
1350 3985 1464 4041 subdit:
1482 3985 1738 4061 infirmoscnrole,
1747 3994 1864 4046 mortuos

160 4073 304 4136 citudines
315 4078 342 4130 et
357 4090 443 4130 ouras
455 4073 579 4147 l'ugiant,
592 4079 736 4146 quatenus
751 4074 804 4131 soli
821 4075 985 4134 animarum
1038 4075 1188 4144 suscitate,
1204 4072 1332 4143 leprosos
1348 4075 1497 4142 inundate,
1515 4075 1659 4132 cannones
1674 4077 1785 4149 ejicite.
1801 4077 1863 4149 Quis

160 4163 338 4236 reparationi
354 4164 535 4220 incessanter
548 4162 714 4219 intendant.
727 4165 807 4230 Quod
825 4170 922 4237 aperte
933 4184 986 4225 nos
1040 4162 1119 4219 enim
1135 4167 1204 4219 tnnc
1221 4164 1349 4219 mundus
1364 4163 1600 4232 adhuollorebat,
1618 4163 1708 4221 homo
1723 4165 1777 4222 diu
1797 4166 1862 4225 vive·

160 4251 297 4324 indignos
313 4256 444 4324 pastores
459 4250 618 4324 redarguit,
634 4251 684 4323 qui
705 4252 774 4307 dum
796 4254 985 4314 sacularibus
1040 4252 1098 4323 bat,
1115 4252 1276 4308 visibilium
1293 4253 1435 4308 bonorum
1451 4252 1602 4325 opulentia
1625 4253 1816 4325 exuberabat,
1839 4256 1864 4311 et

160 4340 284 4415 nogotiis
298 4341 488 4409 intendimus,
504 4344 533 4396 et
546 4341 634 4396 variis
648 4340 788 4413 vanisque
804 4343 882 4399 curis
900 4360 985 4400 occu·
1039 4339 1075 4397 nd
1091 4358 1122 4397 se
1137 4341 1271 4396 homines
1287 4341 1432 4409 tradebat,
1448 4344 1481 4397 ut
1492 4340 1550 4398 alia
1563 4341 1710 4399 bonunon
1721 4347 1860 4417 putarent

158 4445 274 4504 paratur,
292 4448 344 4487 nec
360 4436 538 4496 nostrarum,
556 4429 841 4486 neccommissarum
858 4431 982 4489 aliarum
1039 4431 1095 4485 nisi
1111 4448 1175 4502 que
1189 4431 1336 4499 ridebant,
1352 4430 1418 4486 ideo
1433 4431 1544 4487 sanctis
1559 4430 1807 4503 predicatoribus
1820 4431 1861 4489 sd·

158 4519 277 4577 utilitati
307 4518 535 4592 (sicutoportet)
564 4517 762 4591 invigilemus.
792 4520 888 4576 'lertio
916 4539 984 4579 vero
999 4518 1860 4606 Djunctasuntmiracula,utvirtusoslensadaretverbis

157 4609 534 4681 quodpraediearedebeant
544 4606 904 4675 ostenditDeminus,eum
916 4611 983 4667 sub·
1038 4608 1136 4676 lldem,
1153 4613 1181 4663 et
1198 4624 1271 4663 nova
1285 4608 1413 4664 lacerent
1427 4608 1477 4682 qui
1489 4626 1563 4665 nova
1576 4608 1784 4682 predicarent,
1801 4626 1860 4684 qua·

151 4698 252 4771 jungit
268 4715 275 4754 ε
290 4699 389 4754 Ecaten
404 4705 494 4752 ouem
503 4697 662 4769 praedicate.
679 4701 720 4751 Ac
733 4697 757 4751 si
771 4702 868 4769 aperte
884 4699 980 4756 dicat:
1034 4702 1120 4755 tenus
1135 4713 1186 4770 per
1200 4715 1234 4754 ea
1250 4696 1393 4754 miracula
1408 4715 1472 4769 que
1490 4697 1638 4755 iaciebant
1651 4698 1682 4753 in
1699 4700 1791 4758 rebus
1801 4698 1859 4757 risi·

156 4785 202 4845 Sic
216 4786 282 4848 sitis
299 4787 391 4844 festivi
408 4790 436 4842 et
450 4785 552 4841 intenti
570 4785 778 4857 predicationi,
793 4787 870 4858 quod
892 4788 980 4845 etiam
1034 4786 1153 4854 bilibus,
1166 4786 1383 4842 crederetureis
1398 4787 1434 4842 de
1445 4785 1623 4843 invisilibus.
1635 4788 1677 4842 lld
1692 4787 1749 4845 hoe
1761 4788 1860 4864 quippo

154 4876 439 4947 eundopredicetis,
461 4880 490 4930 et
513 4875 699 4947 praedicando
719 4875 804 4943 eatis,
835 4881 981 4948 quatenns
1034 4873 1353 4944 miraculaeoruscant‚
1371 4875 1683 4932 utcordnvidentium
1713 4877 1751 4933 ad
1769 4875 1859 4935 incisi·

154 4963 269 5020 necvia
288 4965 428 5036 impediat
456 4963 702 5036 pradicationem,
733 4979 786 5018 nec
814 4965 980 5037 predicatio
1034 4963 1859 5039 biliumlldemtrahant.Undecumlrdesuuncubiquc

153 5051 242 5117 mam,
258 5059 291 5105 ut
306 5052 415 5108 scilieet
431 5053 593 5124 predic-etis
608 5069 666 5107 non
678 5051 813 5108 solumin
824 5053 911 5122 villis,
928 5057 979 5112 sed
1033 5069 1106 5125 pene
1121 5052 1243 5108 dilatata
1254 5056 1307 5122 est,
1321 5052 1405 5108 multi
1425 5053 1540 5109 suntin
1556 5051 1686 5109 Ecclesia
1701 5055 1754 5126 qui
1777 5056 1858 5111 vitam

154 5138 241 5200 etiam
273 5139 302 5193 in
329 5140 396 5205 viis,
423 5157 481 5196 non
508 5142 603 5196 solnm
638 5139 763 5214 populis,
802 5142 853 5198 sed
891 5144 979 5200 stiam
1034 5142 1859 5216 quidamvirtutumtenent,sedsignnvirtctumnonha-

153 5225 296 5299 poreenis,
312 5243 369 5284 non
385 5228 481 5284 solum
497 5229 620 5300 civibus,
637 5231 686 5284 sed
702 5230 790 5285 etiam
806 5232 977 5305 peregrinis,
1032 5232 1111 5287 bont.
1128 5230 1212 5297 Nam,
1228 5235 1301 5286 teste
1312 5230 1411 5295 Paulo,
1429 5231 1534 5304 lingue
1547 5232 1577 5287 in
1593 5230 1797 5306 signumsunl
1808 5247 1858 5289 non

152 5313 288 5387 agricolis
302 5320 331 5373 et
342 5316 512 5374 viatoribus.
531 5319 561 5373 ln
578 5335 636 5391 quo
653 5336 705 5374 nos
721 5318 833 5393 indigni
845 5327 977 5393 pastores
1031 5320 1177 5389 fidelibus,
1190 5320 1240 5376 sed
1256 5319 1434 5378 infidelibus.
1451 5320 1534 5377 Unde
1548 5319 1627 5378 idem
1645 5320 1757 5378 Paulus
1767 5319 1858 5395 quint

151 5404 347 5475 malutomur,
361 5407 409 5480 qui
420 5408 457 5464 ad
469 5407 684 5479 predicandum
699 5409 774 5464 tardi
788 5410 920 5482 pigrique
928 5428 978 5467 su·
1030 5408 1265 5482 predicationem
1275 5408 1749 5483 suamdormientemilutychum,
1763 5411 1858 5468 cadea-

149 5509 228 5564 mus,
243 5493 295 5569 qui
310 5496 397 5563 diem,
415 5495 510 5553 locum
527 5500 556 5552 et
571 5502 745 5552 conventum
760 5498 914 5555 hominum
929 5517 975 5557 ex·
1028 5503 1146 5573 temque
1161 5499 1197 5554 de
1213 5498 1338 5554 fenestra
1348 5515 1413 5567 sua,
1425 5502 1453 5556 et
1467 5500 1510 5556 ita
1519 5503 1670 5557 mortuum
1680 5514 1783 5557 coram
1798 5499 1856 5555 inll-

145 5589 326 5665 speotamus,
340 5589 370 5645 ct
389 5584 507 5662 quando
530 5600 641 5660 paucos
655 5585 798 5643 habemus
813 5589 972 5659 auditores,
1028 5587 1143 5645 delibus
1158 5585 1310 5646 suscitavit
1319 5588 1385 5660 (Act.
1395 5587 1494 5664 xx,)et
1503 5584 1641 5648 ininsula
1650 5587 1857 5649 mitescant
