3816 6006
95 244 175 312 {9¹29
594 247 796 310 abnuunt.
811 281 850 293 -
865 246 1065 313 eluuueffl
1086 249 1295 313 tenueris.
1735 246 1810 313 ml

95 399 190 441 novem
199 382 284 456 justia
298 382 345 455 qui
359 397 415 438 nau
429 380 554 450 indipeut
565 383 772 453 pavitantis
786 382 916 454 quidem,
932 386 960 452 Α
974 383 1066 440 nostri
1083 388 1154 440 sunt
1168 384 1285 452 terreni,
1294 384 1413 458 premia
1427 388 1516 442 amnt
1525 382 1808 442 coelestiababores

95 476 199 531 iratres
214 471 351 544 mei,plus
367 472 402 527 de
418 471 532 527 amisse
544 471 583 526 rei
596 471 916 544 recuperatiouo,quam
972 474 1063 530 nostri
1080 491 1182 546 parum
1199 474 1229 529 in
1251 490 1282 530 se
1307 473 1415 530 habent
1441 473 1672 540 amaritudinis,
1689 475 1808 546 premia

95 564 131 621 de
154 580 185 619 re
209 578 360 634 nunquam
385 561 494 617 amissa
518 560 645 633 gaudere
664 560 803 617 solemus.
821 562 916 633 lllejus
969 561 1148 619 ineffabilem
1163 562 1312 619 habebunt
1327 566 1357 619 in
1372 580 1404 620 se
1418 563 1622 620 dulcedinem,
1638 564 1727 620 Sicut
1742 565 1808 619 seri·

93 651 201 727 quippe
216 656 260 708 est
274 668 335 706 rem
352 653 514 706 restaurare
530 666 618 722 quam
634 656 846 717 conservarem
861 651 915 705 mi·
969 656 1053 725 plum
1068 658 1112 708 est
1129 669 1135 708 :
1151 653 1204 708 lieo
1217 653 1310 708 oculus
1324 653 1403 720 vide,
1418 670 1467 708 aaa
1481 655 1562 709 auria
1578 652 1767 721 audiuitnec
1780 656 1806 708 ia

92 739 215 799 rabilius
234 745 278 796 est
292 743 359 813 post
374 739 490 811 lapsum
505 755 626 811 surgere
650 756 738 811 apuam
762 756 915 812 utinquam
968 758 1015 798 cor
1029 741 1150 798 bortrinis
1159 741 1347 814 mceaditquoe
1360 743 1681 814 preparaeirltamtnur
1691 743 1806 814 diligen·

92 830 223 888 eadendo
238 834 325 885 stare.
343 829 374 884 ln
401 844 459 900 quo
482 827 570 883 etiam
593 827 665 883 illud
690 828 783 884 notari
808 832 913 901 polest,
969 831 1041 886 tibae
1050 833 1243 900 se(laai.umv;
1253 831 1312 887 Car.
1323 833 1365 899 ιι).
1376 833 1532 898 Quodvero
1541 831 1709 904 passiones
1718 830 1805 903 hujus

92 920 171 995 quod
196 918 327 992 quidam,
353 921 463 989 quanto
487 917 605 990 gravius
629 917 807 984 reciderunt,
833 922 914 974 lanto
968 919 1110 992 temporis
1123 936 1180 976 noa
1197 924 1267 975 sunt
1281 919 1431 994 condigne
1446 919 1606 993 passiones
1623 921 1663 977 ad
1676 921 1802 976 suturam

90 1008 277 1068 ferventiores
292 1007 497 1080 resurgunl.Et
512 1005 725 1078 quiaillieilase
732 1005 915 1062 commisisse
968 1007 1090 1082 gloriam
1106 1026 1169 1082 qua
1185 1008 1359 1065 revelabitur
1372 1008 1403 1064 in
1419 1009 1514 1076 nobis,
1528 1010 1641 1082 probat
1656 1026 1728 1066 eum
1740 1010 1803 1065 sub

90 1098 198 1167 sciunt,
229 1097 317 1153 etiam
350 1095 430 1151 licita
463 1094 519 1150 sibi
559 1095 724 1161 abscidunt,
755 1094 913 1168 plusquam
967 1097 1011 1153 dit
1027 1114 1034 1153 :
1051 1098 1446 1170 Nemeaspertatiaereaturae
1460 1100 1667 1156 revelationem
1684 1100 1803 1170 filiarum

89 1187 178 1246 etiam
189 1188 276 1260 jussa
290 1186 416 1253 laoiunt;
433 1201 585 1256 nunquam
602 1202 633 1240 se
658 1184 825 1240 satisfacere
849 1200 912 1240 ere·
967 1188 1020 1243 Dei
1032 1196 1176 1259 exspectat.
1192 1187 1282 1243 Vocat
1296 1191 1395 1244 autem
1415 1187 1462 1244 hio
1486 1186 1593 1245 fiddes
1620 1193 1799 1253 ereaturam,

90 1277 174 1345 dunt,
191 1276 317 1349 perlaeta
332 1275 476 1330 mundum
494 1274 642 1341 deserunt,
656 1274 690 1328 ad
709 1273 838 1329 coelestia
854 1277 913 1329 loto
966 1292 999 1332 eo
1015 1277 1092 1348 quod
1107 1293 1124 1332 a
1139 1276 1251 1332 esteris
1265 1276 1408 1333 creaturis
1423 1276 1481 1333 lere
1496 1275 1624 1333 innullo
1636 1276 1801 1333 hiedistare

89 1365 234 1424 desiderio
249 1364 385 1429 tendunt,
401 1362 452 1418 ille
467 1362 605 1434 suspiriis
628 1365 657 1417 et
671 1360 809 1434 lacrymis
824 1363 912 1434 dopo·
966 1364 1129 1422 videantur.
1148 1367 1186 1421 De
1202 1369 1279 1421 terra
1293 1365 1372 1421 enim
1387 1370 1468 1435 sunt,
1483 1370 1513 1423 et
1529 1366 1560 1422 in
1582 1371 1671 1422 terra
1686 1383 1800 1423 moren-

89 1458 186 1523 seunt,
204 1470 254 1524 pro
270 1453 312 1508 eis
327 1453 384 1524 pati
401 1451 538 1525 quelibet
559 1450 658 1525 gravia
682 1451 765 1507 laoila
788 1453 910 1508 ducunt.
966 1457 1056 1523 tunel
1070 1455 1106 1510 de
1121 1457 1199 1510 terra
1210 1454 1321 1521 vivunt,
1337 1458 1534 1512 mutanturet
1548 1461 1799 1528 corrumpuntur,

88 1543 258 1602 Eeontrario
273 1541 404 1615 quidam,
421 1539 620 1614 quianullum
644 1556 731 1612 grave
755 1540 865 1595 crimen
881 1557 912 1596 se
965 1543 1133 1599 moriuntur
1147 1542 1222 1600 sieut
1235 1547 1342 1600 catere
1358 1544 1598 1602 ereatura.Unde
1614 1543 1800 1601 videturesse

88 1630 274 1690 summisisse
289 1635 403 1704 putant,
420 1630 511 1702 tepidi
527 1628 741 1696 manont,nullo
755 1629 910 1697 desiderio,
965 1631 1059 1688 isdem
1073 1631 1141 1687 finis
1156 1632 1284 1688 hominis
1300 1638 1328 1689 et
1337 1632 1616 1704 jumentidosdem
1632 1649 1705 1689 vero
1720 1638 1801 1689 voest

89 1721 178 1779 nullis
193 1719 340 1794 suspiriis,
356 1718 446 1774 nullis
462 1718 608 1791 lacrymis.
624 1719 659 1774 ad
685 1718 813 1774 emlestia
832 1719 909 1775 inar·
965 1721 1127 1777 seeundum
1143 1724 1252 1777 statum
1268 1724 1381 1777 eterne
1402 1721 1477 1789 vite,
1494 1720 1557 1778 sive
1582 1721 1711 1789 futura,
1728 1721 1800 1778 lilios

88 1813 221 1871 deacunt.
238 1811 288 1867 sed
310 1826 363 1865 neo
385 1807 494 1882 frigidi,
515 1824 567 1863 nec
592 1809 664 1864 satis
688 1807 777 1864 calidi
800 1807 909 1863 vivuat.
966 1809 1028 1880 Dei,
1043 1826 1077 1866 eo
1092 1810 1169 1882 quod
1185 1813 1256 1866 tune
1270 1813 1357 1865 erunt
1370 1808 1481 1867 similes
1491 1809 1544 1865 Dei
1560 1810 1801 1876 immortalitate,

89 1902 184 1975 Majus
198 1916 266 1974 ergo
282 1899 423 1972 gaudium
439 1901 484 1954 est
497 1902 555 1953 Deo
569 1901 598 1953 et
612 1896 723 1970 augelis
738 1898 801 1969 ejus
823 1913 912 1970 super
966 1898 1102 1970 puritate,
1125 1897 1347 1971 glorificatione,
1376 1904 1405 1956 et
1430 1897 1573 1967 claritate,
1601 1901 1697 1973 juxta
1725 1900 1800 1973 quod

89 1991 232 2048 fervorem
250 1988 337 2044 unius
353 1987 522 2060 poeniteatis
536 2003 624 2059 quam
636 1986 857 2059 supertepidam
865 1987 912 2058 ju·
965 1988 1093 2045 loannes
1104 1987 1159 2044 ait:
1172 1988 1459 2057 Clarissimiseimus
1474 1991 1544 2061 qaia
1556 1990 1619 2061 pta·
1633 1991 1688 2046 liei
1696 2006 1800 2054 sumus,

88 2078 199 2138 stitiam
213 2075 342 2151 plurium
354 2077 515 2148 justorum,
531 2075 671 2147 quoniam
688 2092 736 2130 rex
750 2075 817 2148 plus
828 2074 911 2130 illum
964 2077 1012 2133 red
1027 2077 1148 2134 noudum
1159 2079 1288 2148 apparuit
1302 2078 1369 2149 quid
1381 2079 1494 2134 erimus.
1510 2081 1584 2136 Cum
1604 2088 1704 2135 autem
1717 2096 1800 2152 appa·

89 2168 213 2225 militem
238 2165 345 2239 diligit,
361 2165 411 2237 qui
435 2170 501 2238 post
525 2165 625 2237 iugem
651 2180 795 2231 reversus,
812 2162 912 2220 hostes
965 2168 1064 2230 ruerit,
1079 2166 1182 2222 similas
1196 2168 1224 2223 ei
1236 2167 1351 2235 mmm,
1371 2169 1437 2240 quia
1455 2167 1614 2224 videbimus
1630 2185 1697 2225 eum
1721 2170 1800 2225 aaut

89 2254 202 2315 fortiter
216 2253 334 2329 premit,
350 2270 439 2326 quam
457 2252 539 2307 illum
555 2252 605 2324 qui
622 2269 673 2307 nee
690 2252 772 2325 sugit,
789 2268 842 2308 nec
857 2270 910 2308 un·
965 2263 1004 2312 est
1027 2257 1052 2324 (l
1074 2257 1154 2312 loen.
1179 2255 1246 2326 iul:
1277 2256 1322 2311 lit
1349 2272 1428 2330 ergo,
1451 2256 1632 2329 Exspectatio
1664 2267 1799 2316 mature

89 2361 180 2420 quem
204 2342 317 2399 fortiter
337 2342 405 2414 egit.
422 2341 481 2397 Nos
506 2357 584 2412 ergo,
605 2341 709 2396 iratres
733 2341 909 2408 charissimi,
965 2343 1157 2399 revelationem
1169 2343 1293 2414 filiarum
1315 2343 1366 2399 Dei
1389 2351 1533 2416 suspectat.
1549 2344 1648 2412 Quasi
1665 2345 1796 2402 diceret:
1878 2336 1881 2347 '

89 2429 909 2501 dualiamettalsamjustuiampharisae-amoveamus,
965 2430 1142 2504 Fideles,qui
1159 2430 1269 2488 suntin
1279 2431 1798 2508 miseriahujusmundi,e1spectant
1879 2440 1882 2447 '

89 2518 299 2597 compatientes
314 2519 343 2574 in
359 2524 523 2592 peccateres
539 2523 568 2575 et
583 2535 724 2591 pauperes
744 2523 773 2574 et
787 2518 911 2576 elllietos
965 2520 1053 2578 aliem
1068 2521 1170 2588 vitam,
1188 2524 1221 2576 ut
1235 2519 1265 2576 in
1280 2537 1315 2577 ea
1329 2520 1528 2595 glorificentur
1542 2523 1573 2578 in
1590 2522 1690 2582 Filios
1704 2524 1795 2591 Betiti
1880 2552 1883 2569 ι

90 2612 195 2681 simus,
207 2626 373 2668 aversorum
388 2608 607 2665 conversionem
622 2623 798 2681 queramus,
815 2625 912 2666 erren-
965 2615 1010 2667 est
1023 2626 1091 2666 eum
1114 2610 1175 2666 sint
1197 2608 1316 2679 tantilli,
1336 2614 1449 2668 tentam
1472 2626 1535 2669 rem
1560 2618 1753 2686 exspectent,
1769 2617 1797 2668 ut

88 2706 134 2761 tes
148 2698 413 2773 corrigamus,etad
425 2697 518 2754 Deum
534 2696 794 2753 revocemusNibil
804 2697 911 2771 quippe
966 2698 1017 2772 qui
1031 2715 1109 2755 nune
1124 2698 1238 2756 similes
1252 2703 1323 2756 sunt
1337 2698 1507 2769 bestiarum,
1524 2700 1587 2756 sint
1603 2701 1725 2759 similes
1739 2702 1796 2758 Dei.

89 2792 157 2867 plus
171 2788 297 2863 acquirit
311 2786 396 2843 nobis
414 2784 653 2853 misericordiam,
670 2802 759 2857 quam
784 2786 861 2857 quod
886 2785 910 2842 si
965 2788 1047 2855 Quod
1069 2804 1136 2845 vero
1160 2788 1201 2844 ait
1225 2788 1409 2858 inculcando,
1432 2791 1599 2862 superlatio
1631 2795 1665 2847 et
1689 2808 1797 2864 ereper-

89 2877 293 2940 leeimusaliis
309 2874 550 2932 misericordiam.
567 2874 619 2941 Qui
640 2891 708 2946 ergo
732 2873 806 2946 lapsi
830 2878 910 2943 sunt,
964 2885 1013 2945 tat,
1042 2876 1273 2951 exspectantium
1309 2877 1514 2935 certitudinem
1549 2878 1797 2954 desideriumque

90 2971 127 3029 ad
149 2967 308 3044 pristinum
332 2968 442 3023 statum
465 2981 532 3020 eum
558 2965 669 3019 fervore
684 2964 813 3031 redeant,
829 2968 862 3020 ut
875 2964 911 3021 de
965 2967 1157 3041 signifieatln
1173 2984 1231 3040 quo
1246 2967 1426 3024 damnentur
1441 2968 1530 3040 (quod
1546 2968 1616 3025 sine
1627 2970 1746 3043 gemitu
1760 2969 1798 3025 di·

89 3057 278 3117 conversione
294 3073 348 3113 sua
362 3054 474 3110 luctum
490 3052 605 3109 diabolo
616 3057 645 3108 et
659 3052 802 3125 gaudium
817 3057 874 3109 Deo
884 3057 912 3110 et
964 3073 1029 3113 cere
1044 3073 1103 3113 non
1117 3057 1250 3130 possum)
1265 3054 1308 3111 illi
1324 3056 1375 3132 qui
1389 3060 1504 3113 mutum
1519 3055 1551 3113 in
1567 3055 1628 3114 bac
1644 3059 1708 3115 vita
1717 3075 1797 3132 spem

89 3146 201 3224 augelis
216 3145 277 3203 suis
292 3143 407 3201 iaciant
425 3142 478 3209 Qui
493 3159 560 3198 vero
571 3141 645 3213 justi
661 3146 741 3211 sunt,
757 3159 908 3214 nunquam
924 3130 946 3199 C
964 3144 1085 3212 habent,
1101 3145 1189 3202 aliam
1203 3161 1270 3202 vero
1284 3145 1376 3202 vitam
1391 3162 1521 3203 neeesse
1536 3147 1797 3219 suspieenturdi·

88 3235 305 3313 tepescant,sed
322 3249 437 3306 semper
452 3231 482 3287 in
493 3231 634 3288 charitate
641 3230 701 3286 etin
709 3231 912 3303 compassione
966 3238 1065 3291 centes
1082 3251 1088 3289 :
1105 3233 1175 3298 Quis
1190 3238 1235 3291 est
1249 3250 1401 3309 regressus
1417 3235 1453 3292 ab
1470 3233 1648 3308 inieris,qui
1664 3238 1800 3294 testifice-

89 3325 214 3402 proximi
228 3324 454 3387 inardeseaat‚et
468 3336 568 3376 seeum
584 3319 678 3392 spolie
687 3320 862 3392 captivitatis
875 3321 912 3376 ad
966 3327 1016 3380 tur
1029 3323 1114 3380 nobis
1133 3323 1221 3380 aliem
1232 3323 1322 3381 vitam
1337 3325 1423 3381 ossei
1437 3323 1484 3381 Sic
1498 3341 1621 3397 semper
1637 3334 1800 3383 naseuntur

88 3414 181 3474 Deum
197 3416 344 3487 reportare
359 3415 504 3484 satagant,
516 3408 658 3482 largiente
674 3408 797 3464 Domino
813 3413 912 3466 nostro
966 3412 1101 3469 homines
1117 3416 1145 3467 et
1160 3411 1445 3482 moriuntur,transit
1459 3412 1548 3469 homo
1561 3412 1647 3470 sieut
1659 3415 1800 3471 umbraet

88 3504 160 3563 lesu
174 3502 300 3568 Christo,
317 3499 367 3574 qui
378 3516 444 3554 eum
461 3498 544 3553 Patre
560 3500 589 3553 et
604 3497 713 3570 Spiritu
729 3501 829 3554 sancto
843 3498 913 3554 vivit
966 3503 1077 3569 sumus,
1093 3518 1150 3557 non
1166 3499 1294 3574 amplius
1314 3502 1442 3558 futurus.
1457 3502 1630 3574 Propterea,
1648 3503 1797 3576 inquiunt

89 3594 119 3648 et
132 3589 386 3663 regnatDeus,per
396 3585 495 3642 omma
505 3585 611 3641 sucula
621 3585 911 3643 saeculorumAmen.
966 3590 1038 3647 dum
1052 3589 1129 3657 lieet,
1144 3590 1289 3646 ducemus
1304 3590 1334 3645 in
1349 3589 1434 3646 bonis
1449 3589 1512 3645 dies
1528 3593 1666 3662 nastros,
1678 3593 1800 3666 gaudea-

398 3691 551 3748 HOM1L1A
572 3692 604 3746 x,
966 3696 1044 3746 mus,
1060 3677 1223 3752 epulemur,
1239 3677 1433 3746 luxuriemus,
1445 3677 1519 3735 rosis
1534 3695 1590 3736 nos
1606 3696 1797 3747 coronemus,

222 3781 362 3823 nomisios
379 3781 492 3828 QUARTA
512 3780 581 3819 rosr
598 3780 780 3820 rerarrarsu.
966 3766 1068 3828 sericis
1085 3766 1349 3836 nosiuduamusin
1361 3766 1482 3824 mollitie
1488 3768 1800 3844 jaceamus,quaeeun·

124 3856 257 3915 mellea
281 3855 351 3928 quod
366 3869 419 3910 aon
444 3861 509 3909 arent
521 3852 664 3925 coluique
676 3856 815 3926 passiones
830 3856 912 3928 bajas
966 3873 1023 3929 que
1037 3857 1185 3913 desiderat
1199 3872 1249 3913 eor
1263 3860 1397 3913 nostrum
1412 3857 1566 3925 iaciamus,
1583 3858 1640 3931 qui
1657 3876 1728 3918 oras
1743 3878 1799 3917 mo

89 3947 218 4021 temporis
231 3945 266 4002 oti
278 3947 404 4018 saturam
418 3944 536 4016 pieriam
550 3957 612 4015 quoe
620 3943 786 3999 revelabitur
794 3946 823 4000 in
833 3946 912 4001 nebu
966 3947 1085 4003 riemur.
1102 3944 1187 4001 Multi
1202 3949 1279 4002 certe
1293 3949 1364 4002 sunt
1378 3945 1474 4012 hodie,
1490 3945 1571 4019 quia,
1586 3948 1734 4019 quamvis
1747 3950 1798 4010 hot

89 4037 179 4109 (Rom.
196 4038 269 4105 vari),
284 4038 338 4090 ete.
356 4032 515 4106 Tripartita
537 4036 582 4088 est
602 4031 662 4086 hae
687 4031 782 4101 lectio,
807 4034 911 4091 iratres
965 4051 1015 4091 oro
1029 4051 1087 4091 non
1103 4034 1211 4100 dicant,
1227 4038 1327 4091 tamen
1341 4035 1479 4108 operibus
1493 4050 1525 4092 se
1549 4034 1590 4092 ila
1607 4039 1735 4096 credere
1750 4040 1799 4096 de·

90 4123 258 4183 mei.Primo
270 4121 398 4180 ostendit
411 4120 568 4194 Apostolus
576 4121 728 4193 passiones
743 4126 911 4179 sanctorum
967 4126 1141 4180 monstrant.
1155 4121 1194 4178 De
1209 4121 1318 4194 quibus
1331 4140 1398 4179 vere
1409 4122 1530 4179 dieitur:
1547 4124 1704 4191 Quoniam
1712 4129 1798 4195 Mino,

91 4231 149 4271 non
163 4230 228 4271 esse
250 4211 412 4284 condignas
427 4208 622 4283 magnitudini
643 4211 849 4283 praemiorum
866 4228 911 4269 se·
965 4228 1027 4268 eum
1041 4212 1073 4268 in
1090 4212 1191 4269 haume
1214 4218 1290 4279 esset
1312 4227 1368 4268 aaa
1388 4212 1537 4278 intellexit,
1560 4226 1746 4287 comparatus
1766 4224 1801 4274 ert

90 4303 186 4361 eundo
203 4301 273 4358 dieit
288 4300 368 4375 ipsos
383 4317 441 4356 non
456 4298 585 4355 volentos
609 4299 696 4354 subdi
712 4301 910 4372 passionibus,
961 4302 1094 4373 jumentis
1110 4301 1347 4372 insipientibus,et
1360 4300 1462 4356 similia
1474 4302 1564 4373 faceta
1578 4310 1622 4358 est
1639 4305 1703 4362 itte
1717 4306 1799 4379 (Psoi.

91 4392 142 4451 sed
165 4396 264 4449 tamen
289 4389 319 4444 in
342 4405 392 4461 spe
415 4387 559 4460 patienter
582 4389 818 4460 portare3terlio
841 4390 913 4447 dicit
965 4393 1074 4460 revue),
1098 4389 1157 4444 imo
1181 4387 1317 4446 miserior
1341 4392 1371 4445 et
1399 4388 1524 4446 deterior
1550 4388 1624 4460 illis,
1659 4394 1801 4466 quoniam

91 4496 194 4539 omnes
210 4479 286 4535 inter
300 4477 452 4551 passiones
467 4475 667 4549 ingemiscere,
684 4481 712 4533 et
731 4477 819 4533 etiem
832 4478 912 4553 ipsos
927 4504 952 4568 D
966 4477 1071 4535 melius
1086 4481 1164 4534 esset
1178 4475 1237 4534 illis
1247 4477 1365 4549 penitus
1379 4476 1453 4534 mori
1468 4494 1536 4534 eum
1547 4479 1801 4557 jumentisquam

91 4573 251 4640 sanctos,et
265 4567 331 4624 iilro
346 4570 484 4623 eternam
498 4563 621 4637 gloriam
633 4567 911 4639 magisdesiderare.
968 4567 997 4624 in
1013 4571 1107 4623 morte
1122 4582 1239 4638 semper
1251 4565 1346 4623 vivere
1358 4582 1426 4623 eum
1441 4566 1606 4626 demoniis.

91 4659 140 4719 Ait
154 4675 223 4733 ergo
238 4657 303 4732 prin
317 4676 337 4711 n
351 4673 358 4711 1
373 4656 508 4712 Eristimo
520 4653 591 4726 qaod
609 4670 664 4711 aaa
686 4665 750 4712 aaut
769 4657 915 4727 candiana
1003 4655 1141 4729 Sequitur
1155 4670 1224 4726 pers
1240 4654 1379 4724 secunde,
1393 4655 1424 4710 in
1439 4671 1499 4727 que
1514 4657 1692 4716 ostenditur
1702 4658 1802 4718 lidelee

89 4751 231 4824 passiones
246 4748 327 4822 bajus
343 4747 470 4817 eorporis
490 4743 526 4799 ad
547 4751 773 4815 supersuturam
795 4747 915 4815 pluriam
968 4746 1116 4818 subjectos
1131 4759 1196 4800 osse
1212 4741 1339 4800 miseriis
1352 4760 1410 4801 non
1422 4743 1564 4814 volentes,
1580 4748 1635 4803 sed
1653 4750 1800 4807 tamenin

93 4852 156 4912 que
169 4838 336 4896 revelabitur
351 4838 381 4892 iu
394 4834 532 4891 reclude
548 4833 572 4887 si
588 4835 686 4905 aperte
701 4833 915 4908 dieat:pernul-
968 4852 1020 4908 spe
1034 4833 1177 4907 patienter
1190 4834 1317 4904 portare,
1333 4848 1400 4889 eum
1415 4832 1571 4890 subditur:
1585 4840 1802 4895 Vanitatieeiav

93 4925 137 4983 les
151 4925 304 5000 passiones
319 4922 495 4998 temporales
505 4921 593 4994 digne
602 4922 914 4981 merorivalemusma-
967 4924 1087 4997 subjecta
1100 4929 1140 4979 est
1163 4926 1289 4978 ereatura
1303 4936 1358 4978 aar
1369 4922 1471 4990 velen,
1484 4922 1532 4979 eet
1544 4932 1662 4996 propter
1676 4944 1743 4984 eum
1756 4930 1803 5001 pei

94 5013 277 5089 gnitudinem
294 5015 470 5088 gloriaque
486 5011 571 5068 nobis
586 5010 616 5066 in
637 5011 735 5068 iuturo
758 5013 913 5071 tribuetur.
967 5013 1082 5086 subjecit
1104 5027 1165 5068 eam
1187 5011 1219 5066 iu
1238 5025 1295 5082 epe.
1311 5010 1426 5084 Duplici
1448 5012 1582 5079 vanitati,
1598 5013 1714 5074 iratres
1734 5016 1801 5085 mei,

95 5104 256 5176 imperator
270 5103 378 5176 quippe
393 5100 913 5177 noster,sratrescbarissimilargus,
968 5105 1056 5160 homo
1071 5100 1222 5173 subjectus
1235 5103 1290 5167 est,
1307 5099 1428 5156 vanitati
1442 5098 1612 5172 culparum,
1629 5108 1664 5160 et
1677 5104 1803 5163 vanitati

94 5190 154 5249 imo
169 5190 235 5264 ipsa
249 5191 370 5266 largitas
385 5196 438 5259 est,
455 5208 507 5248 neo
520 5189 582 5246 vult
596 5189 730 5262 parvitati
747 5197 914 5249 nostrorum
969 5189 1171 5265 poenerumllt
1185 5186 1254 5243 meli
1269 5186 1389 5259 quidem
1403 5188 1524 5245 vanitati
1534 5189 1699 5262 culparum
1706 5194 1805 5251 volen-

94 5278 240 5347 laborum,
260 5281 381 5352 prumia
402 5297 455 5335 sua
479 5295 727 5348 commensurare,
743 5280 793 5337 sed
818 5283 915 5355 potius
968 5287 1013 5338 tes
1027 5274 1314 5347 famulantur,poenis
1330 5275 1629 5350 veroqueutilitatem
1641 5282 1805 5338 eonierunt

93 5366 434 5425 dedivitiarumsuerum
445 5366 917 5441 largitatenossuperubundanter
969 5370 999 5427 in
1015 5365 1176 5442 purgandis
1190 5363 1325 5437 peccatis,
1343 5364 1426 5421 inviti
1441 5369 1469 5421 et
1483 5371 1716 5427 murmurantes
1732 5372 1806 5427 sub·

93 5455 290 5515 accumulare.
308 5456 434 5511 Labores
454 5454 562 5525 quippe
584 5457 675 5511 nostri
704 5461 774 5512 suat
796 5461 914 5529 modiei,
965 5456 1037 5532 jeoti
1052 5458 1131 5520 suat,
1143 5451 1242 5508 lldelss
1255 5466 1323 5506 vero
1336 5451 1435 5523 culpis
1448 5451 1531 5507 inviti
1546 5452 1680 5524 subjecti
1687 5463 1804 5527 suntet

92 5541 216 5618 praemia
229 5548 316 5599 erunt
328 5541 614 5597 immensa.Labores
630 5543 721 5598 nostri
737 5549 807 5600 sunt
816 5546 916 5605 breves
970 5549 1022 5613 eis,
1038 5545 1180 5616 quantum
1195 5541 1330 5611 possunt,
1347 5539 1499 5597 resistunt.
1518 5539 1624 5596 Poenas
1639 5547 1808 5612 vero,etsi

92 5634 123 5691 et
135 5630 346 5698 momentanei,
353 5625 475 5705 premia
489 5629 576 5685 erunt
586 5629 774 5701 sempiterna.
791 5633 918 5695 Labores
970 5632 1105 5694 voluntas
1118 5627 1214 5687 earnis
1227 5641 1284 5682 aon
1298 5624 1374 5696 vult,
1390 5630 1491 5684 tamen
1509 5625 1656 5688 voluntas
1677 5632 1810 5691 ηιὶοιιίι
