3816 6006
94 239 155 316 219
349 240 402 304 Ao
424 241 681 313 ooobsmbun
701 241 869 309 APPEND.
892 239 932 303 11.
947 272 986 285 -
1001 239 1158 305 Menum.
1179 239 1233 303 bb
1251 239 1377 307 netto
1400 238 1538 304 SACRO.
1738 237 1800 304 960

95 373 167 432 Cum
182 373 353 441 delectatur,
370 372 446 430 male
460 373 523 433 fida
535 375 607 432 fides
621 373 755 440 violatur,
930 372 1029 443 Α(82)
1043 372 1118 440 Quid
1147 371 1252 430 faciam
1277 371 1378 446 procul
1401 389 1419 430 a
1441 371 1547 446 patria,
1562 368 1663 446 procul
1680 388 1699 429 a
1716 376 1800 446 patre

95 464 237 521 Occubuit
248 480 353 538 nempe
367 463 432 521 loca
446 465 516 521 dum
530 463 610 520 videt
624 463 731 520 aemnla
745 464 864 536 Tempe,
1621 462 1764 537 [degenst

94 554 168 610 lura
181 554 254 611 fides
268 553 337 614 dato
351 557 420 610 sunt
436 557 529 610 morte
544 553 599 609 viri
613 557 767 620 temerata,
1007 552 1081 620 Quid
1097 552 1183 610 iaciat
1197 552 1309 628 fragilis
1327 552 1436 610 lemine
1450 556 1546 609 castra
1562 552 1712 625 sequens?

95 644 185 709 Quem
201 640 289 699 simul
305 640 403 710 elusit,
420 659 451 699 se
466 641 538 699 civis
552 642 582 698 in
598 643 670 699 urbe
685 642 814 710 retrusit,
973 642 1063 716 Figite
1077 660 1124 700 me
1140 643 1249 716 quibus
1263 647 1309 700 est
1323 642 1428 715 pietas,
1444 641 1581 714 opponite
1596 641 1662 699 telis
1695 717 1698 722 Δ

49 777 52 782 .
129 730 229 787 Audiit
243 737 275 789 ut
290 730 382 788 sunus
396 731 540 805 Umbergs
554 731 661 788 decens
675 735 703 788 et
718 729 859 804 Hugonis,
1008 731 1182 789 Parthorum
1198 731 1346 799 miserem,
1359 749 1439 788 mors
1454 730 1527 787 mihi
1543 747 1630 804 poena
1644 729 1727 789 lavis.

96 818 168 877 l'ilia
181 825 274 894 nupta
288 821 370 894 prius
385 820 509 889 comitis,
528 838 606 878 nunc
621 825 712 894 nupta
732 818 882 886 (haalonis,
973 822 1061 889 Mors,
1078 838 1158 879 mors
1172 838 1258 895 poens
1272 821 1354 889 levis,
1371 821 1396 878 si
1406 823 1517 895 J'ungar
1532 823 1626 877 morte
1640 819 1756 890 fflloni,

95 908 215 979 Palluit;
232 913 320 983 atque
334 927 424 983 genas
440 915 518 966 secat
538 909 687 984 unguibus
702 908 752 965 illa
765 906 917 981 protervis,
1008 911 1038 968 Si
1054 928 1111 970 noo
1128 910 1184 968 sim
1199 912 1294 969 Turco
1309 911 1407 983 praeda
1421 910 1520 967 sutura
1529 908 1614 966 truci.

94 998 130 1054 Et
144 1003 326 1061 sustentatur
341 1004 469 1058 matrum
484 1000 592 1072 stipata
608 999 739 1056 catervis.
972 1000 1031 1057 Nos
1045 998 1121 1057 levat
1136 1001 1281 1057 llvrardus
1298 1001 1386 1056 scater
1400 998 1542 1057 solamine
1552 1003 1685 1072 questus,

94 1085 200 1144 Dextra
210 1104 311 1144 mmas
320 1088 447 1159 lacerat,
456 1090 507 1145 scd
524 1106 587 1162 qus
603 1086 712 1145 lecerat
723 1087 881 1156 laceratum
1009 1091 1043 1146 Et
1057 1089 1190 1162 reprimit
1204 1089 1312 1147 blanda
1326 1105 1394 1146 voce
1406 1105 1509 1162 graves
1523 1088 1662 1162 gemitus.

95 1175 275 1251 Subtilisque
291 1194 397 1235 manus
408 1177 507 1235 subtili
525 1178 604 1235 crine
614 1181 739 1234 secatur.
973 1179 1021 1236 Sic
1031 1180 1109 1252 apud
1124 1178 1262 1237 hostilem
1278 1178 1366 1236 variis
1381 1178 1532 1234 eventibus
1549 1177 1653 1234 urbem

94 1265 322 1340 Examincmquo
339 1266 388 1321 diu
405 1284 458 1324 vox
482 1284 584 1339 pressa
607 1265 705 1323 dolore
729 1264 848 1338 reliquit
862 1266 919 1337 (80)
973 1268 1125 1325 Duoebsbt
1139 1267 1258 1343 longam
1273 1271 1419 1326 nostrates
1433 1266 1627 1325 obsidionem.

95 1355 152 1412 Sed
165 1355 284 1412 tandein
300 1357 361 1411 voci
377 1356 423 1413 via
436 1355 561 1425 laxatur,
578 1360 607 1412 et
621 1355 718 1430 inquit
733 1372 739 1409 :
973 1359 1051 1415 Inter
1065 1357 1251 1415 Christicolas
1267 1361 1296 1415 et
1310 1356 1418 1414 Christi
1434 1354 1562 1414 nominis
1574 1355 1688 1422 hostes,

94 1443 224 1500 Tantane
239 1444 381 1501 sustinuit
395 1446 476 1502 Deus
487 1445 649 1503 infortunia
662 1445 758 1519 gentis
972 1444 1075 1521 Pugna
1089 1447 1260 1506 trahebatur
1270 1464 1359 1521 prope
1374 1447 1465 1504 denos
1480 1462 1587 1519 aspera
1598 1448 1716 1501 mentes

131 1532 298 1590 Occurrisse
314 1551 388 1603 suae;
405 1534 475 1608 plus
486 1534 608 1591 inimica
619 1534 711 1592 mihi?
893 1604 895 1606 Ι
973 1537 1126 1593 lostabant
1139 1536 1187 1592 isti
1203 1536 1249 1592 tisi
1265 1536 1371 1593 virtute
1386 1552 1523 1610 superna.

95 1619 239 1679 Occubult
251 1639 287 1680 ne
303 1623 393 1681 decus
408 1625 596 1692 Francorum,
609 1625 755 1681 maximus
770 1623 866 1681 hostis
973 1626 1135 1684 Obstebsnt
1149 1624 1191 1681 illi
1207 1625 1333 1682 nitentes
1348 1625 1451 1682 fraude
1466 1624 1587 1697 petenti.

131 1709 269 1768 Hostibus
285 1710 333 1768 ille
349 1728 432 1770 mens
446 1730 571 1789 spesque
587 1714 725 1788 salusque
740 1713 821 1771 suis?
933 1746 958 1812 B
973 1715 1137 1788 Spersbent
1151 1713 1176 1771 si
1191 1714 1311 1787 quidem
1326 1717 1441 1771 nostros
1455 1712 1498 1769 vel
1513 1711 1682 1770 deficientes

96 1797 224 1872 [anguet
239 1804 331 1858 morte
347 1801 522 1876 gravi,bsllo
534 1819 592 1859 non
603 1802 855 1877 languidadextra
862 1803 917 1877 (81)
973 1804 1109 1860 Deserere
1125 1803 1155 1858 in
1170 1803 1265 1860 madio
1281 1803 1435 1859 frustratos
1447 1819 1523 1876 saepe
1538 1801 1663 1867 labores,

131 1889 271 1964 Languet,
287 1896 317 1946 et
331 1890 468 1949 occubuit
481 1892 526 1950 vir
540 1891 631 1950 Gualo
646 1893 705 1950 vita
719 1910 794 1950 mea.
973 1892 1024 1950 Vel
1039 1891 1095 1950 sibi
1110 1892 1256 1967 myriadas
1272 1892 1425 1950 Persarum
1440 1891 1536 1965 gentis
1551 1892 1663 1959 adesse,

95 1977 142 2034 Me
157 1978 295 2036 miseram
311 1995 369 2036 non
385 1980 559 2055 obsequium
575 1982 741 2040 miserabile
755 1981 821 2048 ieci,
974 1981 1054 2038 More
1068 1980 1249 2038 locustarum
1265 1981 1314 2055 qui
1330 1979 1479 2039 obstantia
1493 1983 1601 2037 cuncta
1615 1995 1728 2037 vorare.

130 2066 181 2123 Vir
195 2067 258 2135 tibi,
275 2084 344 2125 cum
359 2070 483 2140 caderis,
500 2071 678 2144 compariter
692 2070 795 2128 cecidi.
974 2069 1040 2127 Tali
1054 2074 1202 2144 comperto
1218 2087 1334 2128 rumore
1350 2071 1569 2128 beatecatcrva.

96 2155 148 2212 llei
162 2154 250 2212 mihil
269 2173 327 2221 non
343 2157 410 2230 lori,
422 2174 479 2215 non
495 2158 598 2230 clausi,
615 2177 673 2217 non
690 2177 743 2234 ego
757 2158 815 2216 lavi
975 2159 1007 2215 ln
1022 2164 1178 2232 conspecto
1196 2159 1278 2217 urbis
1293 2159 1428 2233 producit
1443 2160 1566 2233 pignora
1582 2175 1676 2215 sacra.

131 2244 179 2312 Os,
196 2245 297 2303 oeulos
306 2245 414 2316 vultus,
429 2251 518 2317 veste,
531 2265 631 2316 manu,
645 2248 792 2322 lacrymis.
976 2247 1036 2305 lllic
1052 2248 1165 2306 obsidio
1180 2254 1292 2322 septem
1304 2250 1422 2322 juratur
1437 2249 1468 2304 in
1483 2265 1587 2317 annos,

96 2334 140 2390 'lu
152 2332 235 2402 mibi,
252 2336 284 2390 tu
299 2338 386 2403 certe,
404 2335 535 2405 memini,
547 2338 649 2410 jurare
664 2336 789 2395 solebas.
977 2337 1090 2394 Rursus
1105 2341 1134 2394 et
1147 2337 1178 2394 in
1193 2337 1327 2407 totidem,
1344 2337 1401 2394 nisi
1416 2337 1510 2395 virtus
1525 2335 1626 2393 eoelica
1640 2352 1743 2393 muros

131 2423 172 2479 'Pe
187 2421 345 2481 vitaturum
361 2424 477 2482 cautius
491 2425 625 2484 insidias.
977 2427 1120 2483 Panderet
1133 2430 1201 2484 ente
1216 2426 1283 2494 sibi,
1300 2444 1365 2500 qnae
1380 2443 1466 2499 spem
1479 2425 1619 2483 resecavit
1631 2425 1751 2482 inanem

96 2511 152 2568 Sed
167 2528 256 2584 quam
269 2529 328 2570 non
342 2517 456 2588 poterat
470 2531 542 2589 gens
557 2516 669 2590 perlida
692 2516 807 2575 demere
832 2515 920 2586 bello,
976 2514 1102 2586 Civibus,
1119 2515 1371 2589 immodicumque
1389 2514 1515 2574 incussit
1539 2531 1630 2573 eausa
1651 2513 1799 2572 timorem.

130 2601 183 2666 list
197 2600 314 2661 sublata
326 2602 379 2659 tihi
389 2602 449 2661 vite
462 2603 549 2662 beata
564 2604 656 2663 dolor.

841 2736 1053 2756 m

718 2904 882 2992 LIBER
918 2902 1181 2992 TERTIUS.

193 3105 324 3163 litescunt
339 3106 501 3180 legationem
515 3110 631 3165 mittunt
645 3108 819 3175 Christianis,
932 3107 954 3175 G
975 3106 1114 3165 Romanis
1129 3106 1255 3164 ducibus
1270 3106 1443 3165 Crassorum
1459 3106 1552 3160 morte
1567 3119 1698 3175 perosas,

131 3193 215 3251 'l'alia
229 3195 304 3268 apud
321 3195 435 3270 Syriam
450 3196 530 3254 varia
543 3197 614 3252 dnm
629 3201 707 3254 sorte
722 3200 874 3270 geruntur,
976 3196 1008 3252 ln
1021 3195 1130 3268 quibus
1146 3194 1286 3268 antiquus
1302 3194 1427 3267 degebat
1440 3191 1547 3248 Abram
1563 3190 1742 3263 patriarcha.

96 3283 237 3355 Nuncque
249 3283 408 3352 binc,nunc
418 3284 500 3342 illinc
511 3285 641 3342 malevel
651 3285 920 3343 bouadistribuun·
974 3284 1047 3341 Com
1061 3285 1096 3340 de
1107 3281 1264 3340 Cbaldaica
1280 3282 1377 3338 divino
1389 3281 1510 3337 numine
1526 3280 1645 3336 tlemma

814 3376 883 3447 lter,
973 3373 1085 3429 drutus·
1097 3372 1188 3429 evasit
1201 3372 1306 3437 lueret,
1321 3385 1380 3442 que
1394 3371 1483 3426 trater
1497 3369 1632 3434 adustus,

95 3461 181 3518 Venit
196 3462 232 3517 ad
248 3461 352 3518 heroes
369 3463 492 3536 supplex
507 3462 613 3536 legatio
627 3466 755 3531 nostros,
974 3461 1056 3519 Unde
1071 3465 1100 3517 et
1113 3476 1181 3518 voce
1195 3459 1246 3517 Dei
1260 3475 1328 3516 mox
1342 3463 1387 3514 est
1401 3457 1537 3515 excedere
1547 3457 1663 3530 jussus.

96 3549 215 3606 Consilii
232 3566 354 3623 poscens
365 3549 454 3607 simul
470 3551 629 3624 auxiliique
644 3551 795 3608 ministros
974 3550 1029 3608 Sed
1042 3552 1106 3622 jam
1121 3548 1279 3622 premisse
1294 3552 1391 3605 textus
1407 3549 1554 3620 repetatur
1568 3545 1696 3618 lddyssae.

97 3638 300 3712 Praecipueque
315 3639 398 3696 ducis
414 3639 570 3713 compellat
584 3639 682 3697 nobile
697 3656 803 3697 nornen
976 3641 1008 3696 ln
1019 3655 1078 3711 qua
1093 3654 1184 3711 regno
1199 3642 1302 3694 tenens
1318 3637 1375 3692 luit
1390 3636 1518 3710 abgarus
1534 3634 1582 3710 ille
1598 3633 1717 3708 beatns;

96 3726 254 3799 vulgatum
270 3727 348 3784 fama
363 3732 472 3784 terram
486 3727 624 3785 volitante
634 3744 813 3802 peromnem
974 3729 1015 3784 Ex
1026 3726 1142 3783 Domini
1157 3725 1263 3782 Christi
1279 3725 1420 3798 rescripto
1432 3722 1638 3797 magnificatus
1653 3718 1723 3795 (83).

97 3815 179 3872 Unde
193 3819 292 3872 amen
305 3816 350 3872 vel
366 3832 418 3872 cur
431 3815 537 3892 legatio
554 3816 665 3873 venerit
679 3816 746 3887 iste,
974 3819 1018 3872 Ac
1028 3815 1122 3871 morbi
1138 3814 1243 3871 veteris
1261 3812 1440 3870 cruciatibus
1452 3815 1637 3880 exoneratus,

97 3903 198 3960 Restat
212 3909 245 3961 ut
259 3904 393 3977 expediat
407 3905 535 3961 narratio
551 3905 746 3978 suppeditata.
975 3906 1040 3962 llaec
1055 3903 1095 3962 ibi
1109 3902 1292 3976 temporibus
1307 3901 1472 3975 permansit
1486 3899 1610 3975 epistola
1625 3898 1739 3966 multis,

133 3993 223 4049 Terra
237 3993 313 4049 inter
328 3993 462 4066 geminos
476 3993 622 4051 ditissima
637 3992 784 4050 clauditur
807 4011 920 4064 amnes,
974 3996 1069 4065 Atque
1084 4010 1117 4049 ea
1132 3993 1168 4049 ab
1184 3991 1315 4048 adversis
1329 3989 1436 4047 tutavit
1450 3988 1559 4047 moenia
1575 3987 1699 4046 cunctis.

97 4082 207 4155 'Pygma
223 4085 251 4138 et
265 4081 454 4156 Euphratem,
466 4082 590 4156 populos
605 4083 718 4140 famosa
733 4099 785 4156 per
808 4100 919 4141 omnes.
976 4081 1049 4139 llam
1064 4082 1090 4139 si
1105 4081 1276 4138 barbaricus
1292 4080 1375 4136 furor
1386 4078 1457 4135 illuc
1472 4077 1668 4150 perveniebat,

97 4170 130 4226 ln
145 4174 242 4226 Graeco
256 4171 419 4227 retinens...
436 4170 646 4246 Mesopotamia
662 4187 778 4240 nomen,
976 4172 1215 4244 baptizatuseam
1232 4185 1305 4242 puer
1319 4167 1379 4225 elta
1393 4183 1427 4224 ex
1441 4183 1507 4223 arce
1522 4165 1646 4241 legebat,

97 4260 138 4317 lix
150 4258 232 4315 habit
234 4299 288 4316 .....
303 4264 456 4317 conservat
470 4261 599 4317 nominis
614 4277 710 4317 omen.
969 4261 1101 4333 ,Moxque
1114 4259 1159 4314 vel
1173 4257 1202 4315 in
1216 4273 1318 4331 pacem
1331 4272 1403 4330 gens
1420 4272 1454 4311 ex
1468 4255 1582 4311 lerilat'e
1598 4254 1723 4325 redibat,

97 4349 121 4404 A
135 4347 221 4404 tluvio
236 4349 272 4404 ed
277 4389 331 4405 .....
346 4350 463 4405 tantum
478 4350 587 4406 distare
600 4349 726 4418 videtur,
976 4352 1034 4406 Aut
1048 4354 1157 4406 terrore
1171 4347 1272 4421 lugam
1285 4345 1383 4402 divino
1398 4349 1476 4401 tacta
1491 4344 1617 4420 petebat.

58 4510 66 4518 ·
99 4439 282 4504 Quantum...
298 4436 424 4511 pedibus
440 4442 552 4510 septem
567 4439 632 4496 luce
647 4443 771 4495 meatur.
938 4471 963 4537 D
978 4438 1030 4495 llic
1046 4452 1162 4511 quoque
1177 4435 1323 4492 Tbadeus
1336 4434 1367 4489 in
1382 4433 1576 4509 Septuaginta
1590 4432 1743 4506 probatus,

100 4527 165 4583 Hae
180 4525 257 4582 inter
270 4524 369 4599 plures
384 4527 496 4600 gremio
511 4544 585 4600 quas
600 4527 731 4584 continet
745 4528 842 4596 urbes,
978 4529 1014 4586 lec
1028 4526 1097 4584 fldei
1112 4540 1246 4582 normam
1260 4522 1438 4580 contradidit
1452 4526 1481 4579 ct
1496 4521 1646 4594 requievit,

100 4615 175 4671 Urbs
190 4614 311 4687 antiqua
326 4619 441 4688 potens,
457 4617 598 4688 speciosa,
614 4620 644 4672 et
653 4616 742 4672 divite
756 4633 839 4685 vena,
979 4618 1032 4675 llic
1047 4616 1135 4673 etiam
1149 4613 1278 4681 Thema,
1295 4612 1345 4685 qui
1361 4610 1469 4667 Christi
1484 4609 1605 4666 vulnera
1621 4609 1725 4675 sensit,

100 4704 217 4760 Eminet
231 4703 517 4779 antiquoeBabyloni·
527 4720 632 4777 nempe
642 4721 746 4761 coevo.
979 4708 1014 4763 Et
1030 4705 1168 4762 dubitans
1184 4701 1269 4759 nobis
1284 4699 1439 4756 dubitandi
1454 4698 1564 4755 crimen
1581 4697 1704 4764 ademit,

101 4793 176 4849 Nam
193 4809 250 4872 quo
262 4792 431 4850 Cbaldaam·
443 4794 612 4867 pharetrata
634 4793 805 4851 Semiramis
829 4809 926 4851 arcent
980 4796 1092 4869 Corpus
1107 4794 1143 4849 ab
1158 4792 1298 4849 Indorum
1313 4788 1482 4863 regionibus
1497 4803 1561 4845 esse
1577 4786 1707 4843 relatum·

101 4881 251 4955 Tempore·
272 4883 435 4940 construxit
463 4881 552 4938 amul
582 4882 644 4939 haec
670 4896 787 4956 quoque
810 4883 928 4940 condita
980 4883 1122 4951 credltnr,
1136 4886 1166 4938 et
1179 4880 1295 4955 magnis
1308 4878 1357 4936 hie
1374 4877 1534 4934 honoribus
1550 4873 1769 4933 accumulatum

782 4971 890 5040 [mista
981 4972 1046 5028 Hac
1062 4968 1151 5027 semel
1165 4968 1196 5024 in
1211 4966 1317 5024 Christi
1333 4969 1522 5039 postquam...
1539 4974 1680 5033 amorem,

102 5047 378 5132 Nomine'corrupto
393 5075 457 5132 qua
472 5076 552 5117 nune
568 5059 695 5117 Rahasia
709 5060 797 5128 dicta,
981 5062 1138 5132 Nunquam
1153 5056 1296 5115 sustinuit
1310 5055 1464 5128 frigescere
1478 5052 1659 5126 religionem,

103 5147 256 5221 Temporis
270 5147 386 5221 antiqui
402 5149 531 5220 possedit
545 5165 653 5205 nomen
667 5150 788 5222 lldyssa.
982 5151 1039 5207 Sed
1064 5163 1158 5220 neque
1181 5143 1350 5203 schismatis
1373 5143 1490 5217 patiens
1512 5141 1678 5201 mnoedere
1691 5141 1729 5199 ad
1742 5139 1804 5197 'bo-

104 5236 169 5293 llaec
179 5251 265 5293 secus
278 5235 415 5309 Assyrias
424 5236 503 5308 jacet
518 5237 554 5292 ed
570 5252 621 5294 sex
636 5236 873 5309 milliacharras,
1686 5227 1774 5304 [rma

140 5378 197 5521 {803
210 5376 298 5448 Edit,
316 5379 458 5450 relinquit.
1018 5381 1075 5454 (δι)
1090 5377 1125 5435 lli
1141 5378 1198 5434 duo
1210 5391 1312 5435 versus
1326 5374 1434 5431 desunt
1446 5373 1476 5430 in
1489 5371 1587 5433 edittae

151 5450 183 5505 81

124 5521 164 5578 m
211 5449 300 5517 edit,
324 5450 398 5506 Eheu
421 5452 481 5523 quis
508 5452 587 5508 mihi·
602 5451 646 5510 det
668 5454 772 5513 ma'ecru
794 5453 929 5513 discedere
1018 5453 1076 5524 (83)
1086 5452 1160 5508 Nota
1174 5450 1210 5506 de
1224 5445 1348 5522 epistola
1362 5446 1470 5503 Christi
1483 5443 1692 5520 adalligatum.

106 5538 122 5583 v
166 5560 174 5576 ·
1491 5577 1493 5580 ,
