3816 6006
483 263 731 331 GAll'l'llerlllE
753 266 807 330 uu
828 265 945 337 suut
967 265 1183 335 susumus.
1604 260 1686 331 tl'lO

86 395 180 457 multo
194 397 254 455 iam
268 400 399 472 tempore
412 397 566 469 tenuisset,
583 398 692 458 iudicio
709 399 805 457 archi·
820 401 846 471 Α
862 397 928 458 eliis
941 401 1066 461 vendere
1080 400 1226 475 potuerit3
1243 399 1321 474 quod
1337 399 1362 459 si
1377 416 1431 458 nos
1445 416 1543 458 emere
1556 399 1686 458 nolueri-

78 503 192 560 porum,
210 486 328 543 Roberti
341 486 477 544 videlicet
490 486 630 544 Nazareni
645 493 673 544 et
687 487 806 546 Fulche·
859 508 938 559 mus,
953 491 1000 551 cui
1014 490 1139 548 voluerit
1153 489 1346 565 burgensium
1368 489 1413 548 uel
1438 491 1638 565 Surysnorum
1652 492 1687 533 777

77 574 178 643 sensis,
193 579 223 634 et
236 575 452 649 episcoporum,
468 576 607 634 Bernardi
623 576 805 659 sidoniensis
858 581 1001 638 vendendi
1016 583 1189 654 potestatem
1204 580 1345 647 obtineat,
1360 581 1402 637 ita
1415 580 1569 636 dumtaxat
1589 582 1622 635 nt
1635 578 1687 652 qui

77 664 183 740 »monis
198 664 452 736 Ptolomeidcnsis,
463 665 550 740 Helye
564 667 597 701 777
614 666 805 741 Tyberisden-
860 673 950 728 emeri
964 669 1130 745 sta[tn]tum
1146 687 1278 738 censum,
1295 673 1328 726 ut
1342 670 1486 743 prolixum
1500 671 1555 737 est,
1582 668 1612 724 in
1635 669 1687 725 do·

77 771 127 828 {ue
138 753 254 828 Rogcrii
274 753 491 822 Ramathensis,
507 760 536 812 et
554 754 680 813 aliorum
695 755 746 830 qui
760 755 805 812 in·
859 758 966 818 minice
973 758 1196 817 resurrectionis
1206 759 1316 816 colosis
1324 757 1485 832 sepulchro
1495 757 1613 815 Domini
1624 758 1689 815 ebs·

77 847 142 903 suot
155 844 199 912 777,
215 860 250 900 ex
267 842 411 900 sententia
426 842 510 900 nobis
526 861 594 900 cum
610 844 755 902 fructibus
768 844 805 901 sb
860 865 916 921 que
937 853 1038 905 nostra
1060 848 1160 921 aliquo
1183 847 1332 905 exactione
1355 846 1518 920 persolvet;
1542 846 1568 903 si
1589 850 1687 903 antem

77 932 173 1006 *ceptis
187 931 354 1004 adjudicata
369 937 422 989 est.
440 932 514 999 Quis
526 950 593 990 vero
608 933 806 991 misericordie
860 938 1002 1011 prefixum
1017 938 1096 997 diem
1111 935 1384 1010 pertransieritnos
1394 937 1536 993 domcset
1546 935 1686 1009 quicquid

77 1038 116 1079 us
132 1021 273 1080 debemus
288 1020 433 1094 insistere,
440 1026 469 1078 et
484 1020 594 1079 molum
607 1039 658 1096 pro
669 1021 746 1079 melo
757 1020 807 1078 oli·
860 1025 899 1081 ibi
916 1024 1016 1082 lecerit
1031 1026 1141 1098 ubsque
1156 1023 1324 1098 calumpnia
1338 1023 1552 1096 possideamus.
1571 1022 1613 1079 De
1625 1025 1688 1078 sta-

77 1110 164 1168 ddere
178 1127 237 1167 non
261 1111 412 1179 debemus,
438 1110 554 1184 pietatis
578 1111 688 1167 intuitu
712 1112 806 1168 eidem
859 1112 938 1171 tione
954 1117 1062 1181 autom,
1077 1130 1134 1187 que
1149 1117 1194 1170 est
1207 1112 1288 1169 iuxta
1302 1113 1433 1178 turnum,
1450 1111 1535 1168 euius
1550 1109 1687 1183 superius

77 1216 91 1259 s
105 1202 258 1275 perceptos
274 1200 387 1257 {ructus
411 1199 590 1268 remisimus,
607 1205 636 1259 et
659 1199 806 1274 prenomi-
860 1202 984 1261 lecimus
1000 1202 1220 1271 mentionem,si
1233 1218 1285 1274 per
1298 1218 1363 1261 eum
1378 1201 1404 1258 ei
1419 1200 1550 1273 dnpuum
1566 1200 1687 1256 adsene-

92 1288 207 1349 uinecm
223 1289 248 1344 ei
264 1292 379 1344 tantum
396 1289 467 1346 dum
478 1288 580 1346 vixerit
595 1289 806 1359 concessimus,
861 1291 910 1358 rit,
926 1291 1075 1348 nosnullo
1090 1292 1202 1348 ratione
1226 1291 1251 1348 ei
1267 1291 1444 1364 respondere
1468 1289 1618 1355 debemus,
1635 1287 1686 1344 sed

77 1375 160 1441 slicet
174 1377 286 1436 ratione
310 1382 343 1434 ut
357 1394 422 1434 eam
437 1378 511 1435 bene
526 1378 651 1471 excolat&
672 1382 701 1435 et
724 1379 806 1452 quic·
861 1381 897 1436 sb
912 1381 976 1454 ipsc
991 1381 1171 1437 emendetur.
1192 1380 1307 1437 Clavem
1332 1378 1477 1453 siqnidem
1493 1378 1619 1435 cisterno
1634 1392 1688 1439 sue.

77 1466 143 1530 leus
158 1465 184 1524 ei
199 1467 302 1523 exinde
318 1467 431 1523 dederit
448 1472 544 1540 portes
560 1469 633 1525 dues
657 1468 714 1525 eibi
738 1469 805 1527 reti·
861 1470 998 1542 potestati
1012 1469 1253 1538 remittimus,ita
1267 1466 1570 1543 utprocuratoriuroi
1583 1465 1614 1523 in
1624 1464 1688 1523 rell·

85 1555 207 1619 tercium
238 1573 305 1615 vcro
330 1556 415 1614 nobis
443 1557 558 1628 reddet,
582 1557 661 1615 selva
686 1557 805 1614 omnino
861 1559 972 1616 ciendis
986 1559 1149 1634 parictibus
1164 1558 1251 1627 lurni,
1277 1559 1302 1616 si
1327 1574 1402 1631 opus
1424 1554 1523 1624 luerit,
1538 1555 1647 1613 soumis
1660 1557 1689 1612 ct

77 1683 78 1693 .
114 1644 227 1707 decime
262 1644 395 1717 portione
432 1646 489 1714 777;
518 1647 555 1703 ad
592 1646 705 1703 obitum
739 1664 806 1704 vero
861 1649 965 1705 ceteris
974 1648 1162 1718 utilitatibus,
1172 1665 1229 1722 qne
1238 1649 1274 1705 ad
1291 1647 1422 1707 officium
1437 1645 1515 1703 lurni
1531 1644 1686 1719 pertinent,

81 1734 308 1811 prodictsviuce
332 1736 367 1791 ab
390 1734 513 1793 ecclesie
536 1742 638 1792 nostro
660 1735 750 1792 libere
774 1736 805 1792 in
861 1743 1094 1813 quantumopus
1109 1738 1195 1795 luerit
1218 1738 1253 1796 de
1277 1753 1354 1810 aqua
1379 1735 1512 1809 occipiat.
1531 1735 1566 1792 lll
1588 1737 1689 1793 sutem

77 1841 152 1888 uum
167 1823 362 1897 possideatur.
375 1826 476 1882 Testes
492 1829 590 1882 auum
605 1824 693 1882 huius
710 1825 751 1882 rei
765 1824 808 1883 hii
823 1778 846 1849 B
860 1824 913 1881 hec
929 1830 1031 1884 nostra
1045 1826 1195 1884 concessio
1210 1825 1396 1899 presentibus
1411 1839 1444 1880 nc
1457 1821 1564 1879 tuturis
1579 1825 1690 1894 tempo·

861 1917 943 1975 ribus
968 1915 1015 1975 sui
1038 1915 1146 1989 vigoris
1170 1915 1300 1972 obtineat
1323 1913 1505 1980 firmitatem,
1531 1927 1598 1969 cum
1623 1908 1690 1971 istis

77 2003 236 2071 ombertus,
256 2002 404 2076 subprior.
428 2003 613 2071 Godesridus,
638 2003 806 2061 thessnura-
861 2004 1036 2079 subscriptis
1049 2003 1175 2062 testibus
1191 2003 1282 2061 nostri
1299 2002 1388 2082 sigilli
1398 1998 1690 2063 munimiucrobora·

86 2092 148 2153 rius
162 2093 206 2148 777.
223 2091 391 2159 Nicoclem,
408 2091 588 2149 cellerarius.
605 2093 730 2152 Obertus
746 2094 807 2168 lep
861 2099 933 2152 tur:

84 2182 195 2257 pensis.
212 2181 357 2242 Robertus
371 2182 407 2238 de
427 2180 544 2238 Acchon
564 2183 607 2237 777.
633 2182 805 2240 Alexander.
933 2183 1077 2242 lohannes
1091 2181 1259 2240 vaccarius.
1275 2179 1457 2248 Fulcherius,
1482 2178 1603 2240 curiles·
1629 2177 1692 2235 lor*

85 2270 273 2331 bertrandus.
298 2271 460 2328 Ademsrns
480 2272 523 2325 777.
549 2269 723 2341 ll'illelmus,
741 2289 806 2345 pre·
968 2274 1073 2339 danus,
1090 2271 1224 2328 clericus.
1236 2270 1405 2336 Herberlus,
1417 2265 1614 2327 numularios.
1626 2264 1691 2323 ssi-

85 2360 211 2435 positus.
229 2360 403 2419 anbcrtus
420 2358 616 2417 Flendrensis.
632 2360 805 2419 elmericus.
968 2362 1079 2421 bertus.
1096 2359 1249 2420 llainerius
1264 2359 1398 2416 deerrat
1412 2358 1457 2413 777.
1474 2357 1576 2414 Petrus
1588 2353 1690 2413 Bordi-

85 2448 184 2509 Fulco.
202 2449 366 2509 Bertoldus.
383 2448 526 2507 lohannes
541 2449 688 2524 Anglicus.
968 2469 1035 2510 nus.
1052 2449 1227 2518 Willelmus,
1243 2450 1473 2523 drogomannus.
1492 2445 1646 2512 lohannes,
1658 2443 1690 2502 u-

77 2536 243 2605 beronicus
260 2556 266 2595 :
968 2540 1027 2600 lius
1041 2540 1115 2599 eins.
1132 2539 1277 2598 lohannes
1296 2537 1332 2596 de
1354 2536 1453 2595 Pedio.
1479 2535 1623 2595 liebertus
1637 2535 1691 2593 Co«

77 2628 209 2690 urardus.
224 2626 368 2687 Girsldus.
384 2632 479 2702 lingo.
969 2649 1033 2693 cns.

77 2717 298 2774 suddiaconibus
314 2734 321 2773 ι
896 2726 1003 2779 Actum
1019 2737 1095 2778 anno
1111 2718 1257 2777 dominice
1276 2714 1487 2776 incarnetionis
1511 2730 1627 2780 uuus,
1642 2711 1689 2769 in·

77 2805 218 2863 (illelmus
233 2805 410 2862 berithensis
425 2807 468 2861 777.
487 2806 631 2864 lohannes
648 2807 808 2865 Pielnvien·
862 2811 990 2868 dictione
1004 2827 1043 2878 vr,
1060 2824 1161 2867 mense
1175 2806 1288 2880 aprilis.

85 2894 127 2953 sis
142 2896 187 2951 777.
203 2894 369 2953 Willelmus
385 2897 420 2951 de
435 2896 565 2969 Yspanis
897 2899 1045 2972 Scriptum
1060 2915 1112 2972 per
1127 2913 1248 2955 monum
1263 2894 1376 2962 Donati,
1401 2892 1517 2952 diaconi
1542 2895 1571 2953 ct
1595 2890 1692 2955 scribe

318 3002 469 3060 LXXX⁷⁸⁹.
862 2985 994 3062 Sepulcri
1009 2986 1136 3045 Domini.

77 3091 305 3148 ”lrarmmorunr
321 3109 402 3148 norm
419 3108 533 3148 raroms
550 3109 585 3149 os
599 3109 738 3161 oculeus,
750 3111 806 3160 ouo
1193 3092 1299 3151 LXXXI
1314 3092 1358 3150 777.

77 3179 132 3220 77777
146 3180 237 3221 SUPER
251 3180 357 3222 707775
376 3181 530 3220 0070777777
550 3181 723 3221 7077777777·
823 3152 844 3225 C
864 3201 1048 3247 snrvruaorurs
1063 3200 1195 3243 suosmet
1211 3199 1325 3240 raroars
1340 3193 1695 3250 remurmuremus

77 3251 178 3315 ,omine
192 3257 293 3313 sancte
308 3257 337 3309 et
351 3251 500 3311 individue
510 3252 663 3310 Trinitatis
673 3254 768 3311 Petris
779 3260 808 3312 et
897 3273 1042 3316 coamens
1067 3273 1101 3313 er
1123 3273 1187 3312 anuo
1211 3270 1276 3311 sius
1299 3271 1333 3311 nr
1355 3269 1421 3309 mnu
1444 3266 1565 3312 sacrus
1589 3265 1637 3307 sur
1655 3248 1693 3285 777-

77 3341 227 3415 impitus
242 3342 352 3409 Sancti,
369 3358 455 3399 gmon
896 3345 1008 3385 HABBNT
1026 3344 1102 3385 APUD
1122 3343 1315 3385 causostem.

77 3446 121 3491 um
136 3430 175 3487 sit
190 3431 337 3499 omnibus,
347 3434 407 3487 tam
424 3431 610 3504 presentibus
626 3449 714 3504 quom
731 3433 808 3489 lutu—
897 3436 930 3493 ln
945 3434 1063 3493 nomine
1078 3437 1177 3491 sancte
1191 3437 1221 3490 et
1234 3431 1385 3489 individue
1394 3429 1547 3490 Trinitatis
1558 3426 1692 3487 Petriset

77 3520 124 3585 nod
139 3536 192 3593 ego
208 3520 320 3586 Petrus,
337 3519 435 3577 divina
455 3520 627 3594 disponente
652 3521 807 3579 clementia
862 3524 927 3586 Filii
942 3529 973 3583 cl
986 3523 1113 3598 Spiritus
1128 3522 1238 3593 Sancti,
1253 3537 1350 3579 omen.

77 3607 123 3673 tici
138 3607 269 3682 Sepulcri
285 3609 374 3681 prior,
397 3627 456 3665 una
471 3627 538 3667 cum
552 3627 698 3668 consensu
714 3616 743 3668 ct
757 3629 805 3668 vo·
896 3612 1045 3686 Quidquid
1059 3614 1093 3650 777
1108 3611 1218 3686 aliquis
1231 3614 1332 3669 sancte
1343 3608 1464 3668 ecclesie
1474 3608 1606 3684 prelatus
1616 3609 1691 3666 nutu

77 3698 240 3755 somnium
257 3698 381 3754 fratrum
394 3702 562 3755 nostrorum
578 3699 806 3758 cannonicorum
861 3704 907 3763 sui
923 3702 1044 3777 capituli
1059 3701 1146 3758 elicui
1159 3699 1300 3768 concedit,
1311 3699 1430 3773 provide
1440 3698 1535 3757 tencci
1546 3696 1695 3770 scripture

77 3790 128 3849 sel
143 3787 332 3846 concedimus
345 3786 478 3857 Aroulto,
490 3788 550 3844 filio
566 3789 702 3846 Berualdi
712 3792 744 3826 777
756 3791 807 3865 Sy·
859 3792 976 3850 vinculo
991 3795 1104 3864 oportet
1129 3790 1270 3847 memorie
1291 3789 1380 3856 tradi,
1405 3805 1442 3845 ne
1468 3783 1695 3847 decurrentibus

77 3875 195 3950 suisque
209 3875 368 3934 heredibus
383 3876 445 3933 iure
461 3883 601 3951 perpetuo
613 3879 805 3951 possidendas
859 3882 1052 3956 temporibus,
1069 3881 1147 3954 quod
1173 3879 1257 3954 prius
1281 3895 1334 3936 suo
1358 3879 1474 3937 decreto
1497 3876 1690 3937 terminatum

77 3982 82 4022 ι
96 3981 153 4039 que
168 3969 238 4027 sunt
253 3982 343 4039 snper
357 3965 450 4025 voltos
461 3966 625 4025 concambii
634 3968 805 4041 Hospitalis,
860 3974 965 4039 luerat,
974 3974 1076 4045 posteo
1088 3968 1119 4025 in
1134 3968 1317 4027 contrarium
1331 3970 1443 4045 surget,
1453 3971 1482 4024 et
1491 3964 1589 4040 iurgia
1601 3967 1630 4020 et
1644 3981 1690 4021 re·

77 4058 121 4110 int
135 4070 224 4130 snper
239 4054 358 4114 furuum
381 4060 525 4124 nostrum,
551 4056 602 4128 qui
626 4061 670 4114 cst
693 4057 723 4113 in
748 4057 804 4126 via,
860 4060 1032 4136 plicatiooes
1048 4058 1121 4116 lorte
1136 4058 1204 4114 inde
1218 4044 1404 4131 generentur.
1421 4056 1504 4117 unde
1525 4070 1579 4127 ego
1593 4051 1690 4110 Amul-

77 4143 133 4207 oeit
147 4144 183 4203 sd
198 4148 328 4202 montem
345 4144 467 4217 Syon,et
477 4145 633 4202 stationem
645 4163 805 4220 unamque
860 4151 948 4217 ricus,
959 4146 1077 4223 gloriosi
1089 4145 1220 4220 Sepulcri
1232 4146 1321 4221 prior,
1328 4150 1356 4204 ot
1366 4149 1446 4203 tolus
1459 4143 1591 4205 eiusdem
1606 4153 1691 4198 cano·

77 4237 119 4290 sta
131 4233 295 4306 predictum
311 4232 441 4300 turnum,
457 4234 512 4292 snb
528 4251 616 4292 censu
632 4251 741 4303 annuo,
757 4253 806 4292 no-
859 4239 993 4297 uicorum
1009 4240 1169 4295 conventus
1184 4235 1291 4292 Nemes
1306 4233 1432 4305 Suriano
1451 4235 1485 4270 777
1500 4236 1529 4290 et
1543 4230 1611 4289 filiis
1626 4229 1690 4294 suis

77 4321 199 4379 n'delieet
223 4321 431 4388 bizaneiorum,
454 4322 482 4378 in
506 4323 652 4379 dominice
676 4340 805 4382 resurre-
859 4333 888 4385 ct
902 4324 971 4385 filiis
985 4323 1083 4381 fratris
1098 4323 1144 4379 sui
1161 4323 1281 4381 Antonii
1295 4325 1399 4390 terres,
1422 4321 1532 4389 vineas,
1549 4337 1624 4394 quse
1646 4324 1689 4378 te·

77 4410 209 4469 sectaris
224 4410 363 4483 Sepulcro
379 4411 530 4468 Dominieo
546 4412 736 4484 persolvendo
750 4432 757 4482 ;
772 4430 805 4471 ea
859 4420 930 4473 nent
944 4414 1022 4487 apud
1037 4411 1233 4478 Celandrism,
1249 4417 1278 4468 et
1298 4428 1373 4484 quas
1389 4411 1452 4485 ipse
1470 4413 1500 4466 el
1513 4409 1565 4466 lilii
1582 4407 1647 4469 cius
1661 4413 1691 4468 ct

77 4500 214 4563 tratione
225 4505 267 4569 ut,
277 4499 302 4556 si
314 4517 347 4556 ex
362 4499 492 4558 infcriori
506 4505 589 4573 porte
604 4501 806 4576 superioribus
820 4526 844 4591 D
859 4505 911 4561 lilii
926 4500 1043 4559 Antonii
1061 4499 1159 4556 fratris
1173 4498 1219 4557 sui
1235 4498 1276 4557 ibi
1290 4497 1465 4556 uidelicetin
1480 4500 1631 4569 posterum
1646 4511 1690 4552 ac·

77 4606 126 4659 us,
141 4607 198 4663 que
214 4593 282 4646 sunt
298 4605 386 4661 super
402 4589 616 4659 voltus,uoslrs
630 4591 807 4666 negligentis
861 4593 977 4666 quirere
992 4588 1130 4665 poterint,
1145 4591 1285 4663 perpetuo
1301 4587 1365 4644 iure
1379 4585 1572 4661 possidendos
1586 4600 1689 4643 conce·

77 4696 141 4738 rum
166 4678 330 4742 accesserit.
348 4679 519 4738 emendetur
535 4697 553 4738 a
567 4679 670 4749 nohls3
688 4682 766 4754 quod
782 4683 808 4740 si
862 4683 972 4753 dimus,
988 4697 1023 4737 es
1038 4675 1171 4735 videlicet
1184 4676 1352 4735 conditione
1366 4676 1400 4712 777
1416 4677 1449 4733 ut
1464 4672 1588 4748 siugulis
1602 4673 1689 4731 annis

77 4767 280 4845 negligentias
295 4767 438 4840 superiori
449 4769 488 4825 ed
498 4768 636 4829 interiora
645 4771 807 4845 dampnum
862 4762 1541 4833 medietatemfrurtusterre,vicelicetomninm
1549 4760 1689 4836 scno[ne]

77 4856 144 4928 erit,
154 4858 190 4915 ab
207 4857 271 4930 ipso
287 4857 467 4914 emendetur.
477 4858 620 4930 Quicquid
636 4864 733 4916 autem
748 4860 808 4917 edi·
862 4876 929 4917 rum
943 4859 978 4895 777
991 4861 1021 4915 et
1032 4856 1185 4914 vinearum
1200 4858 1228 4912 st
1243 4854 1393 4920 arborum,
1404 4868 1479 4925 quse
1489 4850 1545 4925 ipsi
1557 4851 1615 4909 iam
1631 4849 1690 4909 edi-

77 4963 142 5022 rper
155 4946 221 5015 hoc,
238 4946 315 5020 qnod
330 4945 499 5004 edificatum
514 4951 569 5015 cst,
585 4947 771 5018 edificaverit,
779 4954 809 5006 et
862 4950 1022 5009 ficaverunt
1035 4945 1079 5003 vel
1095 4946 1125 5004 iu
1150 4948 1301 5018 posterum
1326 4942 1516 5010 ediscebant,
1540 4939 1689 5000 canonicis

90 5036 263 5101 adveniente
278 5040 408 5110 tempore
423 5035 511 5093 nlicui
529 5037 653 5095 vendere
673 5037 806 5105 voluerit,
863 5037 966 5112 prefeld
980 5039 1140 5094 conventus
1155 5032 1280 5091 fideliter
1301 5032 1434 5093 reddent.
1449 5032 1485 5089 lit
1508 5035 1541 5091 ut
1554 5046 1621 5088 vero
1635 5029 1689 5087 hec

79 5142 138 5191 una
153 5124 273 5186 marcha
301 5124 413 5198 argenti
438 5125 581 5181 vendatur
604 5125 696 5184 levius
718 5144 807 5201 quam
862 5119 1690 5199 nostraccnccssiotompresentibusqunmfuturistem·

77 5288 94 5353 l,
119 5285 306 5360 sydoniensis.
323 5287 355 5323 777
377 5291 408 5352 Β,
434 5285 521 5343 Helie.
535 5287 570 5322 777
588 5286 619 5350 Β,
645 5288 839 5360 interfuerant.
855 5290 889 5325 777
908 5290 938 5354 Β,
962 5287 1127 5360 porcionem.
1142 5284 1177 5321 777
1200 5285 1229 5351 Β,
1255 5284 1453 5356 temeror-ios.
1474 5281 1508 5319 777
1530 5281 1561 5348 Β,
1585 5279 1687 5337 Acun-

77 5356 244 5417 ldcmcrios.
261 5360 294 5394 777
310 5360 339 5427 Β,
363 5360 526 5430 sarpieos.
542 5359 575 5393 777
591 5359 620 5423 Β,
646 5360 825 5419 Plorucensis.
842 5362 876 5397 777
899 5361 932 5421 A.
950 5359 1031 5424 Β72,
1046 5363 1095 5425 νς
1112 5356 1144 5424 Β,
1168 5355 1190 5410 Β
1213 5356 1258 5423 8⁴,
1283 5368 1319 5411 ιο.
1344 5354 1378 5391 ⁷⁷⁰
1403 5354 1530 5460 llantpue
1555 5352 1629 5409 dans
1652 5351 1686 5407 A·

77 5428 216 5491 wiardi.
232 5431 266 5465 777
281 5431 314 5499 Β,
330 5430 522 5503 Syriunorem.
546 5431 579 5465 777
602 5430 633 5497 Β,
658 5439 760 5490 Areos.
777 5432 856 5501 777-Δ,
873 5433 955 5496 bill,
969 5444 1009 5495 vv,
1024 5431 1051 5484 ct
1068 5427 1091 5483 is
1105 5427 1150 5493 98,
1167 5437 1214 5494 rt,
1231 5427 1263 5495 B,
1289 5427 1312 5484 lo
1335 5427 1382 5492 8⁴.
1405 5439 1446 5481 νῦ.
1471 5425 1507 5460 77
1530 5423 1584 5479 Les
1609 5425 1688 5505 mols

77 5498 199 5626 ligabis
224 5503 270 5559 sut
295 5505 457 5574 meoquent
482 5502 556 5563 dnos
582 5500 613 5556 Β.
638 5503 672 5539 777
696 5505 726 5572 Β,
750 5504 899 5579 Quicquid.
925 5502 958 5538 777
983 5502 1015 5559 Β.
1040 5500 1172 5572 Syriaco.
1196 5498 1231 5535 777
1253 5499 1284 5567 Β,
1309 5496 1477 5559 merdsctooe.
1502 5494 1537 5531 777
1556 5493 1688 5554 mosne
