3816 6006
64 235 124 298 teu

444 233 816 301 sensumsensurn
838 235 942 298 HlS'l'.
966 238 1172 304 HllllitiSOL.
1186 271 1224 289 -·
1238 243 1313 305 Llu.
1336 242 1390 307 lll.
1489 285 1491 288 ι

1713 246 1773 311 690

64 371 207 429 membris
217 371 224 428 t
235 371 296 429 lllic
305 373 428 442 videres,
441 373 520 447 quod
530 370 674 446 posterior
684 387 753 446 pars
762 369 893 428 hostium
907 371 936 440 Α
951 373 1298 449 mililcrcsignumsuum
1308 377 1772 437 ultisvocibusconclamantiuml

62 460 234 535 impellebat
250 463 375 536 priorem
389 464 420 519 in
435 462 548 537 gladios
561 461 785 519 trucidantium.

63 567 139 624 Dum
156 567 198 625 sic
214 575 372 642 pugnatur,
385 571 456 626 dum
473 570 515 626 sic
530 586 598 642 pars
614 568 710 643 prima
725 570 857 625 necatur.

63 657 135 713 Pars
151 675 185 714 ea
200 661 362 716 'lurcorum
378 675 442 732 quae
458 658 553 715 rivum
569 657 695 725 transiit,
712 656 763 714 illa

63 746 201 804 Protinus
216 747 323 804 invasit
335 747 461 804 tentoria
476 746 708 805 Christianorum
724 763 731 803 :

63 854 192 911 lliruunt
206 854 273 924 illa;
283 855 431 912 trucidant
446 860 556 912 matres
571 871 638 911 cum
655 853 765 926 pueris,
776 857 805 909 et
819 870 894 926 quos

62 942 224 1018 imparatos
235 943 310 1001 bello
321 943 469 1018 reperiunt
480 949 508 1000 et
518 944 582 1001 sine
597 943 697 998 armis.
705 942 822 1000 Clamor
831 960 894 998 mo·

62 1033 202 1089 rientium
219 1033 381 1089 licumundi
396 1031 528 1106 pervenit
543 1033 579 1087 ad
603 1048 700 1099 aures,
717 1035 746 1087 et
759 1032 893 1104 protinus

62 1122 132 1197 quid
149 1126 228 1179 osset
252 1121 403 1178 intellexit.
431 1121 543 1179 Bellum
568 1120 667 1178 comiti
692 1121 894 1178 Nortbmenno

62 1211 231 1280 committit,
249 1216 278 1268 et
292 1212 328 1268 ad
345 1210 553 1268 tentoriarum
576 1211 678 1283 paucis
693 1211 779 1268 celeri
804 1228 893 1268 cursu

62 1300 223 1373 repedavit.

60 1392 140 1458 Quos
154 1393 189 1447 ut
202 1390 339 1447 viderunt
353 1390 453 1457 Turei,
471 1407 538 1446 mox
552 1393 635 1463 terga
650 1389 803 1447 dederunt.

60 1499 250 1556 ³⁰⁸m¹¹¹¹d⁰⁸
264 1502 361 1555 πίω
387 1502 574 1572 ⁰⁰⁰⁸p¹⁰¹²t¹¹⁵
595 1499 634 1553 ¹b¹
656 1513 757 1570 imm
781 1498 909 1599 ΜΨ
947 1532 1002 1588 scit
1017 1534 1180 1605 stupefacta
1196 1550 1303 1589 manus
1330 1533 1510 1607 iniquorum,
1527 1535 1704 1594 convalescit
1714 1537 1777 1609 jam

60 1588 222 1657 exanimes,
239 1586 325 1660 coepit
339 1587 494 1644 lamentari
509 1607 515 1657 ;
533 1593 562 1644 et
579 1587 746 1656 Dominum,
765 1591 796 1643 ut
820 1587 894 1645 vivis

59 1696 92 1736 ac
107 1678 234 1735 mortuis
257 1682 335 1735 esset
358 1678 516 1752 retugium,
534 1678 694 1751 deprecari.
711 1675 756 1731 Ad
782 1676 891 1733 bellum

58 1768 185 1840 festinus
196 1766 345 1835 remeavit,
357 1767 408 1823 sed
423 1771 521 1823 tamon
533 1784 585 1839 pro
600 1765 674 1822 vallo
691 1770 719 1821 et
730 1765 894 1823 munimine
910 1750 933 1816 Β

59 1859 89 1915 in
103 1856 239 1914 tentoriis
263 1856 371 1912 milites
396 1855 561 1929 dereliquit
586 1856 751 1928 Antequam
774 1872 840 1913 vero
856 1857 892 1913 od

59 1944 170 2006 bellum
192 1945 312 2013 rediret,
335 1945 452 2000 fuerant
468 1945 532 2015 Jam
556 1943 647 2000 nostri
672 1943 744 2000 adeo
768 1944 892 2018 fatigati,

60 2036 118 2106 siti,
136 2035 238 2092 labore
252 2039 280 2091 et
294 2033 390 2091 calore
406 2038 495 2090 {estus
510 2033 577 2106 (29),
595 2032 665 2105 quia
682 2032 738 2089 nisi
754 2033 893 2090 mulieres

60 2130 165 2199 potum
181 2124 293 2181 derivo
308 2123 516 2196 praetertluenti
532 2122 711 2189 attulissent,
728 2122 814 2178 multi
829 2122 892 2195 ipso

60 2214 105 2291 die
121 2212 200 2270 bello
216 2214 455 2270 succubuissent.
470 2214 537 2269 lem
552 2228 618 2267 vere
633 2210 839 2268 nostri'lurcis
857 2212 895 2266 ir

60 2303 216 2361 ruentibus
230 2302 320 2359 semel
339 2309 420 2377 terga
435 2302 589 2370 dederunt,
604 2306 632 2357 et
648 2301 704 2357 nisi
721 2300 777 2356 cito
793 2316 891 2356 comes

59 2393 284 2453 Nortbmaunus
298 2409 421 2447 aureum
438 2390 576 2446 vexillum
593 2388 623 2445 in
647 2391 749 2446 dextra
773 2389 891 2446 vibrans

58 2498 172 2557 equum
187 2482 388 2549 convertisset,
406 2485 435 2536 et
458 2480 616 2554 geminatis
631 2479 750 2536 vocibus
766 2478 891 2535 militare

58 2570 190 2644 signum,
206 2570 275 2625 Deus
289 2569 357 2639 cult,
374 2574 446 2624 Deus
462 2568 528 2637 nott,
544 2566 759 2623 exclamasset:

57 2659 172 2717 Nostris
186 2658 236 2714 illa
251 2657 313 2714 dics
329 2658 419 2715 nimis
434 2657 590 2714 exitiabilis
605 2660 692 2712 osset.

57 2766 113 2825 Ssd
130 2770 287 2839 postquam
304 2763 440 2820 viderunt
458 2762 561 2819 reverti
578 2761 782 2818 Boamundum
797 2764 825 2816 et
839 2777 890 2817 oo-

57 2857 162 2913 mitem
178 2852 573 2925 Northmennum,spiritum
584 2850 711 2909 audacie
727 2866 890 2924 resumpse-

57 2948 137 3014 runt,
147 2948 177 3002 et
186 2944 283 3018 magis
294 2942 367 2999 mori
379 2958 468 3015 quam
479 2940 604 2998 ulterius
617 2941 715 3014 lugere
727 2939 888 3013 elegerunt.

57 3037 154 3093 lenta
170 3034 279 3107 quippe
295 3037 358 3090 erat
371 3033 534 3088 'lurcorum
550 3030 701 3096 instantia,
713 3035 742 3086 et
756 3047 834 3086 unus
849 3029 890 3085 its

948 464 1198 536 congeminantur
1211 465 1267 522 illue
1282 484 1376 536 voces,
1404 470 1475 525 dum
1501 487 1550 526 eas
1575 468 1729 543 recipiunt,
1745 475 1775 528 et

948 553 1113 625 recipiendo
1142 556 1282 612 emittunt
1310 574 1435 614 concava
1460 559 1591 628 vallium,
1622 559 1776 618 cacumina

948 641 1105 705 montium,
1123 642 1257 700 scissura
1273 646 1400 718 rupium.
1424 647 1523 703 Miseri
1548 665 1622 719 quos
1646 647 1775 720 primum

949 730 1112 798 inveniunt,
1129 732 1199 805 quia
1214 751 1292 790 nunc
1308 734 1453 802 hominos,
1466 754 1544 792 nunc
1560 736 1622 792 sola
1635 738 1776 795 cadavera

949 824 1027 888 sunt,
1044 838 1117 893 quos
1132 838 1190 877 non
1207 823 1334 895 contegit
1349 823 1440 881 lorica
1455 826 1497 881 vel
1514 824 1642 898 clypeus,
1659 830 1687 882 et
1702 844 1777 899 quos
1814 814 1816 818 ⁵

949 925 1006 964 non
1022 911 1141 980 adjuvat
1165 910 1273 983 sagitta
1297 911 1340 967 vel
1365 912 1501 970 sinuatus
1525 931 1619 970 arcus.
1646 915 1774 972 Ululant.

948 1003 1080 1071 gemunt,
1092 1003 1199 1056 terram
1212 1002 1370 1058 morientes
1380 1001 1511 1058 calcibus
1527 1008 1635 1072 terunt,
1648 1009 1699 1061 aut
1714 1022 1778 1078 pro·

948 1088 1120 1144 cumbentes
1133 1089 1252 1145 herbam
1271 1090 1420 1147 mordicus
1436 1092 1585 1160 scindunt,
1602 1093 1659 1149 llos
1675 1111 1776 1168 repen·

946 1176 1024 1233 tinos
1049 1177 1163 1233 sonitus
1194 1178 1265 1233 dum
1292 1177 1377 1252 longe
1406 1180 1493 1253 positi
1522 1182 1696 1254 percipiunt,
1727 1181 1778 1238 alii

946 1265 1143 1338 gratulantur,
1168 1266 1217 1322 ulii
1239 1267 1334 1323 moesti
1366 1269 1451 1325 liunt.
1479 1270 1581 1325 Franci
1608 1269 1779 1344 intelligunt

947 1353 1073 1411 militare
1093 1355 1211 1428 signum
1230 1373 1352 1412 suorum
1377 1357 1571 1429 pugnantium
1586 1376 1593 1429 ;
1611 1359 1698 1416 Turci
1710 1375 1777 1416 voro

947 1442 1150 1500 lamentabiles
1165 1444 1294 1517 gemitus
1309 1463 1430 1502 suorum
1453 1446 1652 1504 morientium.
1669 1450 1778 1521 Torpe-

947 1621 1070 1696 letigate
1085 1639 1191 1680 manus
1207 1622 1450 1680 Christianorum.

1268 1766 1383 1822 CAPUT
1404 1767 1452 1823 ΙΙΙ.

984 1890 1097 1946 lnterea
1112 1889 1182 1944 dum
1197 1889 1284 1945 Turoi
1300 1890 1349 1962 qui
1367 1895 1482 1947 nostros
1508 1891 1725 1965 impugnabunt
1739 1893 1776 1950 sd

948 1984 1087 2034 montana
1102 1979 1272 2051 respiciunt,
1282 1979 1468 2050 conspiciunt
1482 1981 1651 2038 Podiensem
1669 1983 1778 2054 episco-

947 2085 1018 2140 pum
1033 2074 1061 2123 et
1075 2068 1211 2124 comitem
1224 2067 1435 2136 Raimundum,
1446 2085 1514 2125 cum
1526 2069 1638 2140 reliquo
1649 2070 1777 2129 exercitu

947 2155 1074 2211 militum
1092 2161 1120 2212 ct
1131 2156 1262 2227 peditum
1279 2157 1313 2212 de
1331 2158 1480 2213 montibus
1496 2159 1682 2228 descendere,
1697 2176 1778 2216 suos·

947 2262 1002 2317 quc
1019 2246 1155 2300 invadere
1168 2263 1175 2314 3
1188 2245 1380 2318 obriguerunt
1392 2246 1496 2303 timore
1511 2264 1618 2319 inagno
1634 2265 1691 2320 proe
1704 2247 1780 2305 mul·

946 2333 1072 2390 titudine
1102 2333 1278 2390 bellatorum
1309 2336 1375 2408 (dl),
1402 2339 1540 2408 putantes
1564 2336 1642 2408 quod
1667 2340 1718 2393 aut
1741 2338 1778 2396 de

946 2422 1020 2496 ipsis
1031 2424 1182 2481 montibus
1193 2425 1393 2481 emersissent.
1406 2427 1515 2481 lterum
1526 2425 1626 2499 praelia
1635 2425 1777 2482 innovan-

945 2516 1003 2580 tur,
1019 2517 1206 2585 recenterque
1221 2513 1348 2586 plurima
1362 2515 1522 2570 l'urcorurn
1539 2513 1633 2570 millis
1649 2518 1776 2588 proster-

946 2607 1070 2659 nuntur.

944 2727 1265 2794 Quidlaceret'lurous,
1276 2725 1460 2800 populusque
1469 2727 1628 2800 peremnia
1636 2727 1776 2802 spurcus?
1791 2716 1799 2729 ⁶

943 2817 977 2872 Ni
994 2833 1048 2873 sua
1063 2821 1145 2889 terge
1159 2816 1242 2872 daret
1258 2832 1314 2888 quo
1330 2821 1448 2873 venerat
1462 2821 1490 2873 et
1505 2822 1657 2875 remearet.

944 2907 1000 2962 Sed
1016 2906 1067 2980 qui
1083 2905 1177 2962 cauda
1191 2904 1274 2978 prius
1290 2906 1395 2973 luerat,
1412 2910 1499 2979 caput
1515 2907 1617 2979 incipit
1631 2923 1704 2964 esse.

944 2995 1049 3069 Sicque
1064 2999 1152 3066 caput
1168 2995 1292 3050 caudam
1309 2995 1451 3068 sequitur,
1473 2995 1590 3069 lugiens
1614 2996 1770 3069 fugientes.

57 3123 230 3198 impellebat
244 3121 433 3194 elium‚quod
450 3137 598 3193 nusquam
613 3122 675 3176 eret
688 3119 826 3190 cuiquam
838 3135 889 3190 pro
905 3126 927 3192 (ξ
944 3119 1040 3176 Nostri
1057 3135 1172 3191 quoque
1188 3119 1238 3192 qui
1249 3121 1314 3191 jam
1329 3136 1418 3192 prope
1438 3119 1468 3174 in
1483 3119 1544 3175 suis
1560 3124 1643 3191 erant
1665 3119 1773 3179 inclusi

58 3213 119 3271 ullo
135 3212 290 3270 commodo
307 3211 473 3283 diffugium.
490 3211 612 3266 Nostros
637 3208 677 3263 its
700 3206 888 3275 vallaverant,

58 3303 137 3377 quod
155 3302 253 3358 locum
267 3316 393 3356 vacuum
405 3299 461 3356 nisi
474 3298 551 3355 circa
560 3296 685 3353 tentoria
696 3313 754 3351 non
766 3295 892 3352 invenie·

57 3391 141 3450 bant.
159 3388 244 3447 Multi
262 3389 297 3445 de
311 3388 419 3445 nostris
434 3393 505 3443 tunc
531 3385 639 3442 mortui
655 3389 735 3453 sunt,
753 3386 802 3457 qui
818 3386 890 3442 Tur-

54 3497 159 3539 corum
172 3479 288 3553 sagittis
302 3478 461 3553 perierunt.
472 3474 577 3532 Nullus
587 3475 892 3541 nostrorumjvccabat

55 3573 91 3630 sb
107 3570 216 3637 officio,
232 3568 332 3625 nullus
346 3571 409 3624 erat
423 3567 536 3639 ubsque
551 3563 725 3620 ministerio.
738 3562 847 3619 Milites
862 3566 892 3618 et

55 3661 92 3717 sd
108 3659 219 3717 bellum
233 3658 361 3730 expediti
377 3656 558 3730 pugnabant,
572 3654 738 3711 sacerdotes
748 3656 777 3709 et
791 3652 890 3710 clerici

56 3749 216 3823 plorabant
229 3751 259 3803 et
274 3747 407 3812 orabant,
429 3743 568 3802 mulieres
588 3743 786 3799 lamentantes
811 3758 889 3797 mor·

57 3845 178 3895 tuorum
194 3852 317 3909 corpora
332 3835 361 3890 in
381 3831 506 3889 tentoria
529 3831 695 3888 trahebant.
712 3831 745 3886 Et
760 3831 832 3886 dum
847 3830 889 3886 sio

58 3928 151 3987 nostri
168 3929 346 3992 coartantur,
358 3924 430 3980 dum
446 3922 524 3978 nube
538 3920 699 3977 volentium
715 3919 889 3993 sagittarum

58 4017 286 4083 obumbrantur,
312 4010 428 4068 advolet
448 4010 560 4067 interea
583 4010 642 4065 dux
665 4009 840 4065 Godelridus
861 4013 900 4080 et⁸

58 4108 143 4181 llugo
157 4107 225 4179 (30).
242 4105 296 4171 Oui
312 4119 380 4158 cum
396 4102 432 4157 ad
448 4105 589 4157 montana
612 4103 806 4173 pervenerunt
820 4114 888 4154 oum

944 3207 1087 3276 tentoriis,
1113 3207 1219 3263 iterum
1244 3212 1393 3280 resumpto
1418 3208 1524 3280 spiritu
1547 3209 1724 3278 animantur,
1745 3213 1775 3269 ei

946 3298 1134 3357 suavulnera
1148 3313 1309 3370 gravesque
1334 3297 1456 3369 injurias
1480 3299 1514 3354 dc
1538 3299 1673 3356 hostibus
1697 3299 1773 3357 ulci-

946 3392 1078 3446 scuntur.

945 3529 998 3597 Qui
1011 3529 1091 3603 prius
1103 3530 1262 3596 instabant,
1274 3529 1390 3602 fugiunt
1399 3531 1455 3603 (32)
1469 3549 1520 3603 per
1534 3531 1616 3588 devia
1629 3549 1771 3606 qusque:

945 3619 1002 3674 Nec
1017 3623 1120 3674 curant
1136 3635 1289 3690 quorsum,
1306 3618 1348 3674 vel
1371 3619 1401 3674 in
1418 3620 1572 3677 antcasivc
1588 3625 1747 3678 retrorsum
1764 3639 1771 3679 :

944 3707 1000 3764 Sed
1017 3706 1101 3763 miles
1116 3706 1221 3765 Christi
1239 3710 1398 3780 prosternit
1414 3725 1463 3764 eos
1479 3727 1549 3765 nece
1564 3709 1660 3780 tristi;

944 3797 1092 3870 Sanguine
1108 3801 1185 3853 terra
1196 3797 1305 3863 madet,
1315 3796 1422 3853 montis
1433 3799 1518 3854 rubet
1528 3799 1659 3872 undique
1669 3799 1771 3871 clivus,

943 3885 1075 3960 Complet
1089 3903 1183 3960 usque
1199 3886 1288 3941 simul
1304 3885 1430 3941 fluitanti
1447 3889 1588 3961 sanguine
1604 3889 1693 3948 rivus.

943 3977 1070 4049 Corpora
1084 3992 1225 4031 ooesorum
1241 3978 1283 4030 tot
1298 3981 1382 4031 erant
1406 3981 1551 4048 prostrata
1572 3996 1624 4051 per
1647 3996 1770 4054 agrum;

979 4065 1060 4131 Quod
1077 4062 1134 4120 nisi
1151 4062 1197 4118 vix
1213 4062 1291 4119 ullus
1307 4080 1424 4120 currere
1439 4065 1541 4138 quibat
1556 4084 1660 4140 equus.

59 4195 257 4270 ‘luadfflginia
272 4191 404 4248 mmmm
420 4190 579 4246 0¹0⁰i⁰f¹¹m
591 4188 730 4257 militum,
743 4187 890 4260 ⁸⁸l‘5051fflt
941 4208 984 4263 Ab
999 4207 1071 4262 hora
1085 4205 1178 4280 igitur
1188 4204 1245 4260 diei
1259 4206 1346 4262 tertia
1356 4224 1449 4279 usque
1465 4209 1501 4264 ad
1514 4210 1608 4266 noctis
1619 4229 1774 4283 crepuscu-

57 4284 185 4343 teuiorid
208 4299 332 4340 ⁸¹1⁰ffl¹11
354 4280 484 4352 undique
499 4279 696 4350 Gimumssspia
719 4276 888 4350 agminibus
942 4296 1005 4353 lum
1021 4296 1176 4352 conflictus
1191 4293 1240 4351 iile
1255 4295 1413 4352 continuus
1433 4298 1496 4366 fuit,
1522 4305 1551 4354 ct
1575 4300 1682 4355 mirum
1709 4318 1774 4358 esse

57 4376 233 4437 Turfflrum·
256 4371 411 4443 ⁸⁰⁰i⁰⁸q¹¹⁰
439 4384 508 4425 ⁸⁰⁰⁵
538 4370 687 4438 utcunque
711 4370 888 4438 pugnante&
943 4389 1055 4459 poteret
1071 4385 1148 4440 unde
1163 4400 1236 4458 gons
1251 4387 1500 4459 tantsaggrcgata
1515 4386 1676 4445 suoritSod
1688 4394 1775 4446 utes·

58 4464 199 4521 mulieres
222 4461 251 4516 in
266 4459 401 4517 ieniOPiM
415 4473 522 4530 magno
548 4454 662 4511 ululfliu
684 4454 887 4524 V⁰⁰is⁰s⁸¹¹i⁰⁸r
942 4475 1087 4543 serebant,
1114 4472 1211 4546 quise
1231 4472 1425 4530 meliusscire
1450 4475 1639 4547 arbitrantur,
1664 4478 1774 4535 Perse·

57 4555 217 4610 trdfflouni
237 4550 347 4617 ἃῦἱῐῐῐθ,
371 4551 400 4604 fii
424 4546 502 4603 ⁸5⁰¹st
526 4544 625 4617 issiuila
648 4544 741 4600 fertur
763 4544 792 4598 51¹
815 4561 887 4616 ΡΜ·
943 4563 1104 4634 Publiceni,
1118 4562 1204 4630 Medi,
1222 4561 1297 4636 Syri,
1310 4561 1446 4631 Cheldroi,
1459 4565 1622 4632 Serraccni,
1637 4566 1773 4641 dgulani,

57 4642 139 4710 dam.
942 4655 1051 4710 Arabes
1066 4657 1095 4709 et
1109 4651 1198 4708 Turci
1209 4651 1250 4707 ibi
1267 4657 1472 4720 convenerant,
1483 4658 1511 4710 et
1523 4656 1708 4728 superficiem
1719 4662 1776 4713 ter·

58 4733 153 4798 Quam
167 4745 223 4785 '⁰¹
237 4726 385 4802 1³¹¹¹¹⁰l¹¹m
401 4722 536 4782 fliifflfflfli
547 4722 651 4796 jejuna
665 4737 798 4788 ⁵⁰⁰l¹¹mr
943 4760 981 4798 re
996 4746 1220 4815 cooperuerant,
1231 4741 1308 4796 sicut
1323 4741 1441 4799 locuste
1457 4747 1485 4799 ot
1500 4744 1632 4802 bruchus
1647 4762 1774 4819 quorum

57 4819 106 4876 Sic
120 4819 166 4875 im
180 4833 313 4886 80601158,
330 4817 521 4889 l‘fflliillfflnt
536 4812 656 4887 “gmina
670 4812 770 4868 (¹0⁰⁸ss-
943 4849 1001 4888 non
1016 4836 1061 4888 est
1076 4847 1218 4887 numerus
1232 4829 1321 4898 (Psal.
1339 4848 1393 4903 civ,
1412 4832 1469 4904 34).
1486 4832 1548 4888 Nox
1562 4835 1670 4908 quippe
1693 4834 1776 4893 litem

55 4925 79 4985 0
94 4928 225 4999 quantus
238 4923 280 4980 ibi
295 4923 394 4996 fragor
408 4936 568 4988 armorum,
595 4922 725 4990 quantus
747 4917 888 4991 strepitus
944 4921 1074 4985 diremit,
1090 4935 1255 4993 magnoque
1270 4919 1330 4977 illis
1345 4921 1400 4976 suit
1412 4921 1547 4994 presidio
1560 4942 1566 4991 ;
1579 4925 1649 4997 quia
1665 4924 1720 4981 nisi
1736 4929 1776 4983 te-

56 5012 307 5087 confriugentium
319 5012 499 5079 lancearum,
509 5006 891 5084 quantusolamormorien·
944 5011 1040 5066 nebree
1056 5026 1105 5066 cos
1120 5008 1328 5079 occuluissent,
1341 5011 1425 5082 pauci
1438 5027 1471 5065 ex
1486 5015 1570 5068 tantu
1585 5013 1776 5072 multitudine

54 5103 144 5173 tium,
156 5108 184 5160 et
199 5118 289 5177 quam
306 5098 409 5157 hilaris
423 5114 478 5155 vox
489 5096 684 5171 pugnantium
698 5095 888 5167 Francorum,
944 5098 1170 5173 superfuissent.

623 5193 780 5250 NOTULAE
800 5195 1031 5253 MARGINALMS
1051 5197 1109 5253 MS.
1132 5194 1211 5251 COD.
1280 5218 1284 5223 ·

54 5284 114 5358 (29)
129 5282 202 5340 llinc
216 5281 309 5348 labor,
325 5279 393 5335 inde
420 5277 509 5346 calor,
525 5274 601 5343 sitis,
616 5274 889 5417 impropptsapgpiis

128 5426 248 5483 Nostros
273 5422 427 5489 invadunt,
444 5424 473 5478 et
488 5419 525 5476 ob
540 5418 595 5475 hoo
606 5418 671 5490 jam
695 5421 891 5559 tergrpbpplps-

56 5570 116 5655 (30)
129 5570 240 5627 Assum
255 5565 391 5642 presidio
406 5564 470 5621 Dux
485 5561 658 5620 Godelridus
674 5566 702 5617 ct
718 5559 811 5633 llugo,

943 5278 1000 5351 (31)
1016 5276 1121 5332 Militis
1138 5279 1224 5332 tante
1240 5275 1349 5333 bellum
1366 5295 1519 5351 nunquam
1537 5281 1687 5339 scitante.

1015 5348 1087 5405 llinc
1102 5347 1191 5404 timor
1211 5346 1331 5405 incessit
1355 5366 1412 5422 quo
1438 5355 1520 5408 trans
1544 5353 1579 5408 ab
1596 5353 1665 5410 inde
1681 5370 1777 5437 reces-

945 5493 1000 5567 (32)
1019 5493 1085 5548 Jarn
1100 5489 1252 5546 sarraceni
1269 5491 1397 5559 lugiunt,
1414 5495 1536 5562 Arabes,
1549 5426 1740 5568 Agereniifflh

1016 5571 1088 5619 llum
1104 5560 1283 5630 Publicanis,
1302 5560 1405 5631 Medis,
1423 5565 1531 5633 Persis,
1547 5565 1696 5641 Agulanis.
