3816 6006
149 236 209 300 tta
407 233 459 294 AD
482 229 737 295 conueniebat
760 229 927 291 APPEND.
951 230 1045 290 11.-
1061 231 1216 293 MONUbl.
1240 231 1289 292 DE
1312 230 1437 297 autea
1459 230 1598 292 SACRO.
1795 231 1856 289 ret

149 367 290 440 pendium
306 363 401 422 luitin
414 363 493 420 omni
504 363 674 419 exercitude
685 377 845 435 paucorum
862 377 969 434 magna
983 364 1009 430 Α
1025 366 1070 418 tos
1085 361 1191 435 reperit
1203 361 1313 418 hostes.
1330 361 1434 418 Tonsis
1449 360 1527 418 euim
1544 362 1672 417 arcubus
1696 361 1796 419 hostes
1820 376 1853 418 se

150 455 278 516 victorio.
289 458 318 511 et
331 453 424 509 multa
435 452 547 525 rapina.
555 452 686 523 Cumque
697 450 757 506 hae
767 450 897 505 viderent
907 449 967 517 alii,
1023 450 1131 506 nostris
1141 452 1403 523 opposuerunt,sed
1415 450 1523 506 nostris
1534 468 1568 523 pr
1590 450 1677 524 jectis
1687 449 1797 524 clypcis
1808 467 1855 507 or·

147 547 281 604 exierunt
290 542 388 616 plures
396 542 432 597 de
442 541 568 597 exercitu
580 538 736 595 Raimundi
745 539 805 594 zelo
816 538 969 610 probitatis
1023 555 1075 595 cus
1086 556 1187 595 eorum
1198 544 1226 595 ot
1240 539 1362 613 sagittas
1373 539 1451 596 velut
1461 539 1497 595 sti
1502 539 1586 612 pules
1595 543 1851 614 contempserunt.

148 634 274 702 accensi,
286 633 396 702 quihus
411 630 590 704 praeluerunt
606 628 790 684 [taimundus
805 627 924 696 Piletns,
941 632 970 683 et
1024 627 1124 701 Pugna
1139 627 1237 700 itaque
1253 629 1510 698 committitur,sed
1522 646 1579 684 non
1589 627 1851 702 aqualancequo·

148 723 332 781 Raimundus
347 721 506 777 vicecomes
520 720 556 774 de
571 716 875 785 Tentoria,etvexillis
886 716 915 771 in
927 716 969 772 al·
1024 715 1102 772 niam
1119 717 1219 773 tractis
1235 717 1351 790 sagittis
1366 716 1418 786 illi,
1435 724 1468 772 ut
1483 735 1583 773 eorum
1599 719 1782 774 consuetudo
1794 721 1849 786 est,

145 818 210 869 tum
225 809 587 885 protensis,equitaverunt
597 808 736 862 adversus
747 805 894 862 civitatem
905 823 968 878 quac
1023 805 1123 879 lugere
1138 805 1303 871 voluerunt,
1314 807 1364 863 scd
1382 808 1473 862 nostri
1484 807 1561 864 inter
1571 807 1650 880 ipsos
1660 810 1687 863 e*
1701 807 1848 864 civitatem

145 902 266 958 Tortosa
281 899 396 955 dicitur.
408 898 450 952 Ad
461 914 550 970 quam
562 895 759 968 pervenientes
774 894 839 951 lorti
856 894 967 968 impetn
1023 894 1428 968 obstaculumposueruntdit
1438 895 1509 968 quid
1523 894 1849 968 pluribusutarrerhis‘?

145 990 369 1065 aggrediuntur,
386 987 436 1042 sed
451 985 502 1041 illa
517 986 564 1041 die
579 984 650 1039 nihil
666 986 810 1053 lecerunt;
827 990 968 1056 noethns
1022 987 1137 1038 tuntum
1154 984 1194 1039 ihi
1209 985 1330 1039 humani
1342 984 1495 1057 sanguinis
1510 984 1609 1040 lusum
1620 990 1663 1041 est
1675 987 1752 1058 quod
1771 1005 1849 1060 aqua

145 1077 366 1153 superveniente
382 1076 410 1130 in
427 1075 584 1149 quemdam
599 1073 739 1146 angulum
764 1077 966 1139 secesserunt;
1022 1071 1186 1126 rubicunda
1200 1072 1277 1127 lacta
1292 1077 1415 1144 estque
1432 1073 1461 1127 in
1475 1071 1619 1128 civitatem
1636 1073 1787 1138 buchetot
1801 1094 1848 1134 eo-

96 1182 101 1189 “
144 1169 333 1238 feceruntque
347 1169 408 1220 tota
418 1168 500 1220 nacte
521 1164 680 1220 immonses
698 1178 783 1235 rogos
794 1161 917 1234 ignium,
934 1177 967 1216 ac
1022 1175 1087 1215 rum
1097 1159 1238 1216 cisternas
1249 1160 1554 1233 replebatNobiliores
1565 1161 1658 1235 ipsius
1668 1164 1792 1222 civitatis
1805 1167 1846 1222 ibi

144 1261 168 1314 si
180 1261 259 1313 totus
271 1255 386 1311 adesset
396 1259 471 1309 retro
481 1269 670 1309 commanens
681 1250 968 1307 exercitusChristia·
1021 1248 1110 1304 occisi
1125 1254 1204 1317 sunt,
1220 1254 1248 1304 et
1263 1249 1312 1322 qui
1328 1249 1383 1304 viri
1399 1252 1652 1319 remanserunt,de
1667 1255 1847 1312 contamina·

145 1362 260 1401 norum.
272 1344 384 1411 Quibus
400 1342 585 1397 llammarum
601 1339 776 1414 globisgens
791 1356 855 1412 qute
865 1343 927 1394 crat
938 1340 966 1394 in
1021 1335 1099 1393 tione
1115 1337 1307 1394 cisternarum
1325 1338 1448 1394 muitum
1463 1339 1680 1413 ingemuerunt.
1695 1345 1757 1408 Qua
1768 1347 1845 1401 cade

144 1434 259 1492 civitate
274 1433 436 1506 perterrita,
449 1431 651 1485 existimantes
667 1430 745 1501 qnod
762 1429 853 1484 nostri
865 1445 967 1484 omnes
1022 1431 1148 1497 peracta,
1165 1427 1257 1484 nostri
1272 1426 1393 1483 minime
1409 1428 1547 1497 contenti,
1564 1431 1634 1501 quia
1649 1431 1722 1486 nihil
1739 1433 1777 1489 ibi
1799 1435 1843 1491 lu·

143 1525 291 1589 adessent,
307 1538 409 1576 carries
424 1520 520 1575 subito
543 1519 746 1592 confugerunt,
761 1518 967 1589 civitatemque
1021 1517 1093 1571 crati
1110 1521 1202 1586 erunt,
1216 1517 1270 1572 nisi
1293 1516 1351 1572 tola
1376 1522 1405 1573 et
1428 1518 1667 1575 indumentorum
1691 1522 1797 1594 spolia,
1814 1525 1843 1580 in

143 1612 260 1686 plenam
277 1610 361 1667 bonis
376 1609 482 1682 opibus
493 1608 741 1680 reliquerunt.Est
756 1611 853 1662 autem
866 1606 966 1662 civitas
1021 1621 1110 1677 supra
1125 1606 1233 1661 dictam
1249 1605 1352 1662 vallem
1368 1606 1461 1662 Dcsen
1471 1613 1674 1676 cucurrerunt,
1689 1615 1718 1666 et
1732 1612 1844 1686 absque

142 1701 194 1757 illa
208 1700 284 1757 omol
301 1699 473 1755 necessitate
487 1714 608 1770 prorsus
623 1695 728 1758 aliena.
746 1701 776 1751 ut
801 1696 830 1750 in
856 1696 966 1769 optimo
1021 1712 1143 1751 numero
1160 1712 1236 1762 oves,
1249 1695 1345 1761 boves,
1359 1695 1467 1767 asinos,
1483 1696 1648 1769 diversique
1663 1701 1779 1772 generis
1792 1719 1844 1775 pe·

141 1794 228 1864 portu
246 1788 339 1862 pelagi
350 1787 557 1844 constitutaln
571 1785 731 1841 crastinum
744 1802 810 1840 cum
828 1784 919 1841 nostri
930 1785 966 1840 ad
1020 1786 1109 1841 eudes
1124 1783 1280 1857 depraedati
1296 1788 1374 1852 sunt,
1391 1789 1419 1840 ct
1434 1785 1490 1840 tria
1506 1784 1598 1842 millia
1613 1787 1790 1846 camelorum
1804 1793 1846 1847 si-

143 1896 208 1936 cum
223 1877 446 1952 expugnandam
462 1879 615 1942 venerunt,
632 1875 750 1931 omnino
775 1891 896 1930 vacuum
921 1874 965 1928 in·
1021 1872 1082 1930 mul
1099 1875 1463 1946 rapueruntTantaeopia
1477 1874 1637 1931 hostiarum
1654 1879 1731 1935 unde
1746 1896 1848 1937 convc-

142 1971 294 2024 venerunt.
311 1967 448 2022 Summas
465 1963 665 2037 igiturlaudes
683 1966 737 2019 ileo
749 1965 914 2031 relerentes,
925 1959 967 2016 iu·
1021 1962 1211 2031 nerat,nostri
1226 1961 1411 2018 vehementer
1424 1963 1522 2018 mirati
1540 1966 1691 2037 suntquis
1702 1967 1732 2023 in
1743 1970 1846 2026 eadem

142 2060 292 2113 icaverunt
319 2071 394 2119 eam,
408 2057 436 2109 et
464 2052 592 2124 quandiu
619 2052 699 2123 apud
719 2050 829 2106 Arabas
853 2051 968 2105 duravit
1021 2051 1094 2108 valle
1110 2050 1277 2124 quindecim
1292 2051 1397 2107 diebus
1412 2050 1552 2123 hospitati
1569 2054 1698 2111 luerunt.

143 2142 256 2201 obsidio
272 2143 312 2198 ihi
328 2144 543 2197 remanserunt.

116 2294 119 2298 ¹
470 2228 586 2284 CAPUT
607 2233 640 2284 V.

178 2323 229 2378 list
244 2324 341 2377 numm
351 2323 379 2376 et
389 2317 446 2374 alia
458 2318 559 2373 civitas
572 2334 628 2372 non
642 2316 727 2389 longa
736 2317 771 2373 ab
784 2335 816 2373 eu
827 2317 967 2390 quadici·
1020 2317 1107 2375 Nulla
1121 2335 1251 2391 unquam
1267 2317 1364 2390 inopia
1389 2319 1444 2373 suit
1471 2320 1500 2374 iu
1526 2320 1678 2377 obsidione
1701 2321 1761 2389 illa,
1778 2325 1850 2395 quia

143 2414 192 2466 tur
206 2407 357 2473 blm-aclea,
375 2409 461 2480 cujus
477 2406 612 2479 princeps
628 2423 727 2479 pacem
749 2424 815 2462 cnm
832 2407 873 2462 cis
887 2407 963 2473 iniit,
1021 2425 1109 2463 nanos
1125 2408 1159 2462 ad
1177 2408 1333 2480 quomdam
1350 2412 1465 2479 portum
1483 2409 1647 2477 veniebant,
1664 2428 1727 2483 quae
1748 2413 1848 2469 omnia

141 2499 280 2573 ipsosque
295 2503 433 2553 eteorum
444 2495 586 2551 vexillain
604 2496 705 2550 urbem
723 2495 838 2567 reecpit.
854 2495 875 2549 Ο
893 2496 967 2550 mira
1021 2496 1185 2553 neccssaria
1200 2497 1368 2552 alterutrant.
1382 2497 1565 2552 Dominicum
1583 2499 1699 2555 Pascha
1716 2499 1845 2557 celebra·

141 2587 192 2645 Dei
207 2587 308 2651 virtus,
327 2586 518 2657 mirandaque
533 2584 677 2656 potentia!
695 2584 768 2638 Cum
793 2583 893 2656 procul
914 2584 965 2639 ab·
1019 2590 1123 2642 rerunt
1138 2584 1188 2652 ibi,
1204 2585 1280 2656 quod
1298 2585 1350 2640 l'uit
1366 2590 1435 2640 tunc
1451 2591 1556 2658 quarto
1573 2587 1641 2642 ldus
1655 2587 1773 2661 Aprilis.
1786 2590 1845 2645 Du·

141 2681 240 2733 essent
253 2673 468 2748 principes,qui
486 2673 658 2729 videbantur
672 2690 771 2747 regere
784 2671 926 2745 populum
938 2677 966 2728 et
1020 2675 1093 2731 ravit
1109 2679 1205 2730 autem
1223 2673 1272 2729 illa
1287 2673 1417 2730 obsessio
1434 2675 1528 2731 trihus
1545 2675 1705 2743 mensibus,
1724 2695 1783 2733 una
1798 2680 1846 2737 die

72 2758 74 2762 ’
140 2769 315 2831 sustentare,
332 2781 383 2836 per
399 2763 549 2835 panciores
573 2767 602 2818 et
617 2761 744 2817 minores
755 2762 842 2833 coepit
864 2761 965 2818 Domi·
1019 2763 1129 2819 minus.
1144 2762 1209 2819 Fuit
1224 2766 1322 2817 autem
1336 2761 1375 2817 ihi
1388 2766 1521 2819 mortrrus
1533 2763 1669 2821 Ansellus
1682 2765 1717 2820 de
1728 2765 1846 2823 itihodi-

140 2871 197 2910 nus
212 2853 299 2910 etiam
314 2852 395 2924 ipsos
410 2868 493 2925 reges
516 2867 664 2923 superare,
682 2867 717 2906 ne
741 2851 820 2906 dieat
834 2850 965 2906 humana
1019 2856 1127 2920 monte,
1143 2851 1186 2906 vir
1201 2868 1253 2924 per
1269 2851 1362 2907 multu
1382 2850 1548 2920 laudabilis,
1564 2858 1593 2908 et
1608 2852 1637 2908 in
1653 2871 1707 2910 suo
1723 2855 1844 2912 militari

139 2941 327 3016 praesumptio
340 2957 347 2997 :
360 2941 441 2996 «Nos
456 2939 638 2996 Antiochiam
652 2939 784 3012 aliasque
796 2941 882 2996 urbas
894 2940 963 2996 sub·
1018 2942 1119 2999 ordine
1136 2941 1308 3013 precipuus,
1325 2939 1374 3012 qui
1390 2942 1461 2995 dum
1486 2941 1515 2995 in
1540 2943 1650 2998 mundo
1667 2943 1732 3009 luit,
1750 2944 1844 3001 multa

63 3070 66 3076 .
138 3031 548 3107 egimusznostotaetanta
572 3028 648 3083 bella
671 3029 831 3084 devicimus
860 3029 964 3096 »Quia
1017 3029 1203 3104 dignarelntu
1218 3029 1336 3103 peregit,
1350 3029 1539 3101 quibusillud
1557 3031 1768 3102 preterendum
1785 3039 1841 3100 est,

138 3132 191 3194 pro
201 3123 278 3176 certo
290 3135 440 3191 nunquam
452 3117 712 3190 superassent,uisi
726 3135 793 3173 eum
804 3118 845 3175 eis
856 3118 961 3174 luisset
977 3103 997 3170 C
1017 3121 1093 3194 quod
1105 3117 1344 3192 Aquiscingonsis
1359 3118 1483 3173 econohii
1499 3119 1663 3176 indefessus
1679 3121 1797 3193 adjutor
1812 3122 1843 3177 iu

138 3209 186 3265 ille
203 3225 253 3281 per
268 3225 356 3281 quem
373 3224 456 3280 reges
471 3211 603 3279 regnant.
616 3208 688 3262 Cum
705 3224 770 3262 vero
786 3208 844 3262 dux
855 3209 963 3264 ducum
1018 3208 1157 3265 omnihus
1168 3206 1287 3263 exstitit.
1298 3207 1438 3262 Similiter
1453 3207 1491 3262 ihi
1509 3213 1643 3265 mortuns
1663 3214 1707 3266 est
1722 3210 1844 3267 Pontius

138 3298 259 3356 etmiles
268 3297 395 3353 militum
403 3296 577 3353 Godefridus
586 3296 715 3351 audisset
725 3296 823 3353 salices
831 3302 961 3366 euentus,
1018 3297 1189 3354 balonensis
1204 3292 1258 3368 (vel
1274 3295 1309 3350 de
1325 3294 1583 3368 Baladino),cujus
1599 3303 1730 3370 tempora
1745 3300 1844 3371 perlo-

138 3388 330 3461 insignesquo
342 3385 509 3458 triumphos
533 3386 741 3457 pugnantium,
752 3387 813 3443 zelo
836 3386 962 3444 victoriae
1017 3387 1091 3442 ravit
1105 3385 1182 3441 ictus
1197 3383 1466 3455 lapidis,tormento
1477 3384 1845 3455 jaculatiwillermusPi·

136 3477 284 3533 animatus
296 3479 367 3530 tnnc
378 3473 507 3546 primum
523 3479 583 3529 tam
598 3474 659 3545 ipse
671 3490 759 3546 quam
774 3476 962 3534 Flnndrensis
1017 3476 1133 3543 cardus,
1151 3478 1179 3530 et
1194 3473 1342 3530 Guarinus
1357 3473 1393 3527 de
1403 3473 1487 3530 Petra
1501 3473 1591 3540 Mora,
1607 3474 1840 3547 primusjaeulo,

137 3581 234 3621 eomes
246 3565 339 3636 (5e)et
355 3563 554 3628 Boamundus,
571 3568 667 3618 castra
684 3563 720 3618 ab
737 3564 886 3620 Antiochia
900 3583 962 3622 mo-
1016 3564 1091 3621 alter
1105 3564 1177 3620 obiit
1192 3563 1309 3636 sagitta.
1326 3562 1377 3618 His
1392 3561 1452 3618 rita
1471 3563 1590 3631 functis,
1607 3563 1791 3622 ohsidionem
1806 3566 1843 3623 il-

135 3658 251 3721 verunt,
268 3652 347 3708 etad
363 3650 962 3726 Lieiameivitatemvenerunt.lbiquippu
1015 3653 1075 3710 lum
1105 3652 1196 3709 nostri
1225 3650 1496 3724 dimiserunt,quia
1523 3651 1594 3708 illud
1619 3653 1843 3727 inexpugnabile

137 3741 236 3798 divisit
245 3757 276 3797 se
288 3739 473 3796 boamundus
485 3739 521 3794 ab
532 3739 574 3793 cis
588 3743 617 3794 ct
627 3740 662 3795 ab
673 3740 754 3796 omni
764 3742 889 3798 exercitu
899 3743 960 3809 Dei,
1016 3747 1145 3800 castrum
1158 3741 1270 3797 nullam
1281 3741 1405 3796 timebat
1412 3740 1577 3797 violentiam
1590 3742 1840 3816 impugnantium.

135 3829 298 3902 habuitque
313 3832 424 3900 epatre
439 3844 492 3883 suo
508 3828 557 3899 qui
573 3828 628 3882 luit
645 3829 834 3901 Brancigena,
851 3831 962 3903 optima
1016 3832 1149 3889 Detensis
1172 3831 1264 3904 igitur
1284 3829 1428 3893 tentoriis,
1443 3829 1479 3885 ad
1496 3828 1638 3902 Tripolim
1660 3836 1797 3905 pergunt,
1813 3838 1842 3890 et

136 3918 295 3993 principia,
308 3918 358 3973 sed
374 3934 391 3972 u
407 3921 509 3985 matre,
521 3933 586 3989 qua
598 3916 765 3989 Apuliensis
781 3919 899 3986 exstitit,
916 3937 959 3976 re·
1015 3938 1117 3995 pacem
1132 3937 1149 3975 a
1164 3935 1230 3992 rege
1245 3925 1272 3973 et
1287 3918 1399 3974 civibus
1424 3917 1473 3972 diu
1498 3919 1650 3991 quaesitam
1675 3920 1839 3978 stabiliunt.

135 4006 224 4065 tinuit
239 4006 370 4078 vestigia.
383 4007 465 4061 Tune
480 4005 539 4060 dux
552 4009 581 4061 ot
593 4022 692 4062 comes
706 4007 742 4062 ad
767 4008 879 4076 urbem,
897 4025 959 4081 qna
1014 4010 1096 4067 Datis
1111 4009 1200 4082 igitur
1215 4007 1338 4063 invicem
1350 4006 1539 4074 dextris,bdci
1552 4007 1670 4064 illorum
1683 4007 1714 4063 iu
1726 4014 1840 4066 tantum

136 4093 281 4151 Gihellum
297 4098 427 4162 vocatur,
448 4093 526 4149 acies
550 4111 620 4149 suas
645 4094 821 4163 direxerunt,
837 4113 960 4168 ermque
1014 4117 1046 4157 se
1058 4115 1191 4172 proceres
1207 4096 1484 4152 commendaverunt
1495 4100 1528 4151 ut
1540 4112 1632 4168 usque
1644 4097 1680 4153 ad
1699 4097 1840 4170 palatium

136 4183 287 4239 obsidione
302 4182 464 4238 cinxerunt.
479 4180 530 4237 illa
545 4181 690 4254 siquidem
707 4182 958 4250 hora,venitnun·
1014 4189 1091 4262 regis
1113 4185 1260 4242 civitatem
1286 4181 1461 4239 introierint.
1479 4184 1538 4240 Rex
1561 4189 1659 4241 autem
1686 4190 1719 4241 ut
1733 4186 1843 4244 tiducia

135 4271 194 4328 tius
209 4270 246 4327 ad
261 4271 397 4329 comitem
408 4269 507 4327 Sancti
516 4270 620 4340 AEgidii
633 4272 710 4344 quod
723 4273 809 4328 Tucci
819 4291 960 4347 praepora-
1014 4277 1095 4350 pacis
1110 4274 1241 4331 tenendae
1257 4289 1291 4328 ex
1310 4290 1365 4329 sua
1379 4276 1460 4344 parte
1477 4273 1583 4330 certior
1596 4274 1841 4343 crederemque·

133 4364 236 4418 verant
250 4377 281 4416 se
294 4361 330 4416 ad
346 4376 475 4433 pugnam
487 4365 814 4433 eontraenm,essetque
825 4363 958 4419 loturum
1013 4370 1113 4422 centos
1130 4362 1299 4437 peregrinos
1313 4378 1348 4417 cx
1361 4361 1470 4418 nostris
1480 4361 1612 4418 dissolvit
1627 4380 1644 4418 a
1658 4363 1795 4432 vinculis,
1812 4368 1840 4421 et

134 4449 244 4507 bellum
257 4465 343 4523 grave
353 4449 478 4504 nimisct
489 4447 959 4522 permaximumProtinuscomes
973 4473 997 4538 D
1014 4453 1183 4527 proceribus
1200 4450 1327 4506 donavit.
1346 4449 1431 4505 Dedit
1444 4454 1473 4506 et
1487 4450 1654 4522 quindecim
1676 4451 1769 4509 millia
1784 4454 1839 4527 By·

135 4538 217 4595 misit
231 4538 367 4594 nuntinm
383 4537 449 4592 duci
467 4542 496 4592 et
512 4536 682 4593 l'landrensl
699 4539 808 4605 comiti,
825 4545 857 4596 ut
873 4540 959 4596 eeler-
1012 4558 1196 4608 sancoorum,
1213 4544 1241 4595 et
1269 4536 1436 4611 quindecim
1462 4555 1554 4611 equos
1580 4539 1672 4597 multa
1686 4539 1841 4598 honestate

135 4628 208 4685 rime
220 4627 256 4683 ad
273 4626 343 4682 illud
361 4624 492 4682 venirent
517 4625 660 4698 pralium,
677 4625 792 4699 sibique
815 4628 957 4686 auxilinm
1012 4632 1159 4705 preditos,
1177 4627 1315 4700 misitque
1330 4625 1409 4682 omni
1425 4628 1564 4684 exercitui
1590 4633 1752 4686 mereatum
1777 4628 1840 4687 lau·

134 4717 252 4774 ferrent.
282 4717 363 4783 Quod
389 4716 439 4772 ubi
462 4717 521 4770 dux
544 4714 663 4784 audivit,
685 4715 808 4789 principi
832 4717 958 4776 civitatis
1012 4721 1118 4788 debile,
1135 4718 1212 4790 quod
1229 4716 1348 4772 omnino
1363 4703 1486 4788 prii-avit
1501 4715 1567 4775 illos
1582 4718 1619 4774 ab
1633 4717 1714 4774 omni
1739 4736 1839 4776 neces·

135 4823 248 4880 pacem,
264 4822 353 4878 quam
369 4822 444 4877 saepe
454 4806 518 4877 jam
533 4805 696 4877 quesierat,
711 4806 869 4862 mondavit.
887 4807 958 4864 Pace
1011 4809 1108 4866 sitato.
1125 4804 1332 4879 Pepigitetium
1347 4808 1376 4860 et
1387 4805 1498 4875 juravit
1513 4805 1572 4863 illis
1586 4811 1619 4862 ut
1634 4806 1658 4864 si
1673 4807 1839 4864 Jerusalem

135 4893 225 4970 igitur
239 4895 325 4961 laeta,
341 4899 490 4967 pactaque
505 4892 709 4965 promissionis
725 4896 897 4951 muneribus
913 4913 957 4952 re·
1012 4897 1068 4955 sihi
1084 4900 1205 4970 possent
1219 4894 1380 4968 acquirere,
1394 4898 1422 4949 et
1437 4893 1545 4950 bellum
1555 4896 1632 4968 quod
1649 4896 1691 4952 eis
1701 4896 1839 4952 admiral-

135 4983 237 5057 ceptis,
249 4983 285 5038 ad
301 4987 449 5054 speratum
466 4980 574 5037 bollum
590 4979 822 5050 convolarunt,et
836 4985 871 5039 ad
883 4985 959 5040 obsi·
1011 4987 1068 5042 dus
1083 4984 1247 5058 Babylonia
1274 4983 1380 5039 inferre
1395 4981 1572 5052 minabatur,
1590 5001 1738 5056 superare,
1757 4984 1838 5040 Chri·

135 5071 336 5143 dianamque
352 5073 414 5125 erat
429 5069 464 5124 ad
481 5086 570 5141 supra
585 5069 696 5124 dictum
712 5075 957 5138 castrum,conve·
1012 5076 1126 5132 stianus
1140 5073 1313 5139 efficeretur,
1322 5075 1350 5127 et
1362 5070 1439 5143 regis
1453 5071 1616 5128 Jerusalem
1632 5071 1735 5128 ditioni
1748 5072 1840 5145 subji-

135 5162 252 5217 nerunt.
269 5162 297 5214 et
310 5158 339 5212 in
353 5156 474 5213 alteram
491 5157 623 5213 fluminis
639 5159 732 5230 ripam
748 5164 844 5215 castra
854 5178 957 5233 posue·
1011 5163 1272 5221 caretur.Fuerunt
1282 5163 1381 5216 autem
1392 5160 1469 5233 apud
1481 5159 1622 5233 Tripolim
1634 5161 1757 5233 perdies
1768 5166 1837 5218 tres.

134 5252 213 5305 runt.
231 5247 287 5302 Sed
301 5262 370 5301 cum
385 5246 444 5301 dux
467 5244 576 5302 videret
598 5247 676 5319 quod
699 5247 772 5303 nihil
795 5250 956 5321 proficeret,
1011 5253 1150 5309 Videntes
1165 5255 1263 5307 sutem
1288 5264 1421 5322 proceres
1443 5253 1471 5304 ot
1495 5248 1549 5304 viri
1577 5249 1743 5317 bellatores,
1760 5251 1839 5323 quod

134 5337 237 5392 eontra
251 5332 391 5405 Tripolim
407 5332 512 5390 direxit
526 5333 614 5402 acies,
630 5338 809 5408 cunctosque
825 5335 865 5393 ihi
875 5355 958 5411 para·
1007 5342 1071 5413 jam
1088 5346 1205 5413 tempus
1219 5355 1359 5396 novarum
1376 5338 1495 5412 frugum
1515 5338 1655 5408 instabat,
1671 5339 1840 5397 concordati

692 5431 849 5492 NOTULAE
868 5436 1099 5499 meminus
1118 5439 1180 5496 MS.
1200 5436 1279 5494 cot).

170 5510 227 5586 (59)
243 5511 306 5574 ltux
320 5510 504 5586 chetridus‚
521 5509 600 5574 ensis
615 5512 700 5590 eidus
716 5512 789 5573 bene
803 5515 891 5577 fidus.
1050 5518 1158 5581 Consul
1172 5515 1371 5591 Flendreosis,
1388 5520 1474 5596 cique
1488 5534 1547 5578 non
1562 5516 1674 5579 fallitur
1687 5519 1780 5581 ensis.

1094 2183 1137 2240 lili
1154 2202 1220 2241 eum
1237 2189 1318 2242 tanta
1332 2186 1455 2241 redeunt
1470 2187 1505 2242 ad
1522 2191 1618 2243 castra
1634 2189 1746 2262 rupina.
