<?xml version="1.0" encoding="UTF-8"?>
<!DOCTYPE html PUBLIC "-//W3C//DTD XHTML 1.0 Transitional//EN"
    "http://www.w3.org/TR/xhtml1/DTD/xhtml1-transitional.dtd">
<html xmlns="http://www.w3.org/1999/xhtml" xml:lang="en" lang="en">
 <head>
  <title>
</title>
<meta http-equiv="Content-Type" content="text/html;charset=utf-8" />
  <meta name='ocr-system' content='tesseract 3.04.00' />
  <meta name='ocr-capabilities' content='ocr_page ocr_carea ocr_par ocr_line ocrx_word'/>
</head>
<body>
  <div class='ocr_page' id='page_1' title='image "./patrologiaecurs93unkngoog_0443.png"; bbox 0 0 3816 6006; ppageno 0'>
   <div class='ocr_carea' id='block_1_1' title="bbox 121 183 1844 335">
    <p class='ocr_par' dir='ltr' id='par_1_1' title="bbox 121 183 1844 335">
     <span class='ocr_line' id='line_1_1' title="bbox 121 183 1844 335; baseline 0.006 -55"><span class='ocrx_word' id='word_1_1' title='bbox 121 221 180 333; x_wconf 80' lang='grc'><strong>888</strong></span> <span class='ocrx_word' id='word_1_2' title='bbox 383 222 435 286; x_wconf 84' lang='lat' dir='ltr'><strong>an</strong></span> <span class='ocrx_word' id='word_1_3' title='bbox 457 183 715 288; x_wconf 83' lang='grc'><strong>8888888888</strong></span> <span class='ocrx_word' id='word_1_4' title='bbox 736 225 903 287; x_wconf 81' lang='lat' dir='ltr'>aeruna.</span> <span class='ocrx_word' id='word_1_5' title='bbox 927 221 1193 304; x_wconf 79' lang='grc'><strong>88,-888881.</strong></span> <span class='ocrx_word' id='word_1_6' title='bbox 1215 221 1266 284; x_wconf 89' lang='lat' dir='ltr'><strong>nn</strong></span> <span class='ocrx_word' id='word_1_7' title='bbox 1288 221 1414 285; x_wconf 83' lang='grc'><strong>88888</strong></span> <span class='ocrx_word' id='word_1_8' title='bbox 1436 221 1577 286; x_wconf 80' lang='lat' dir='ltr'>sacac.</span> <span class='ocrx_word' id='word_1_9' title='bbox 1771 221 1844 335; x_wconf 93' lang='lat' dir='ltr'><strong>apg</strong></span> 
     </span>
    </p>
   </div>
   <div class='ocr_carea' id='block_1_2' title="bbox 57 353 1849 1505">
    <p class='ocr_par' dir='ltr' id='par_1_2' title="bbox 57 353 1846 1231">
     <span class='ocr_line' id='line_1_2' title="bbox 120 353 1833 431; baseline 0.001 -19"><span class='ocrx_word' id='word_1_10' title='bbox 120 354 201 423; x_wconf 79' lang='grc'><strong>11888,</strong></span> <span class='ocrx_word' id='word_1_11' title='bbox 218 355 311 411; x_wconf 88' lang='grc'><strong>888188</strong></span> <span class='ocrx_word' id='word_1_12' title='bbox 327 356 506 413; x_wconf 81' lang='lat' dir='ltr'>numismata</span> <span class='ocrx_word' id='word_1_13' title='bbox 527 357 557 413; x_wconf 93' lang='lat' dir='ltr'><strong>in</strong></span> <span class='ocrx_word' id='word_1_14' title='bbox 579 357 809 430; x_wconf 79' lang='lat' dir='ltr'>redemptionem</span> <span class='ocrx_word' id='word_1_15' title='bbox 826 355 948 431; x_wconf 84' lang='grc'><strong>8888838</strong></span> <span class='ocrx_word' id='word_1_16' title='bbox 964 357 992 425; x_wconf 74' lang='grc' dir='ltr'><strong>Α</strong></span> <span class='ocrx_word' id='word_1_17' title='bbox 1006 353 1119 411; x_wconf 88' lang='lat' dir='ltr'>ritative</span> <span class='ocrx_word' id='word_1_18' title='bbox 1132 353 1294 428; x_wconf 82' lang='lat' dir='ltr'>indulgeat,</span> <span class='ocrx_word' id='word_1_19' title='bbox 1304 354 1488 411; x_wconf 88' lang='lat' dir='ltr'>etdictamon</span> <span class='ocrx_word' id='word_1_20' title='bbox 1500 354 1578 411; x_wconf 90' lang='lat' dir='ltr'>istud</span> <span class='ocrx_word' id='word_1_21' title='bbox 1589 355 1721 411; x_wconf 89' lang='lat' dir='ltr'>nondum</span> <span class='ocrx_word' id='word_1_22' title='bbox 1732 372 1833 428; x_wconf 91' lang='lat' dir='ltr'>aquo-</span> 
     </span>
     <span class='ocr_line' id='line_1_3' title="bbox 123 435 1840 520; baseline -0.001 -19"><span class='ocrx_word' id='word_1_23' title='bbox 123 443 264 502; x_wconf 86' lang='lat' dir='ltr'>Bulduino</span> <span class='ocrx_word' id='word_1_24' title='bbox 281 444 457 502; x_wconf 86' lang='lat' dir='ltr'>exsolverett</span> <span class='ocrx_word' id='word_1_25' title='bbox 474 448 529 502; x_wconf 88' lang='lat' dir='ltr'><strong>Sed</strong></span> <span class='ocrx_word' id='word_1_26' title='bbox 545 464 602 502; x_wconf 92' lang='lat' dir='ltr'><strong>non</strong></span> <span class='ocrx_word' id='word_1_27' title='bbox 619 447 720 520; x_wconf 85' lang='grc'><strong>8118388</strong></span> <span class='ocrx_word' id='word_1_28' title='bbox 748 445 948 503; x_wconf 87' lang='lat' dir='ltr'>Gemelmulcb</span> <span class='ocrx_word' id='word_1_29' title='bbox 987 436 1255 516; x_wconf 52' lang='grc' dir='ltr'><strong>ὁ11181888881888</strong></span> <span class='ocrx_word' id='word_1_30' title='bbox 1271 448 1386 500; x_wconf 91' lang='lat' dir='ltr'>oratore</span> <span class='ocrx_word' id='word_1_31' title='bbox 1403 443 1525 516; x_wconf 83' lang='lat' dir='ltr'>jocatim</span> <span class='ocrx_word' id='word_1_32' title='bbox 1552 445 1576 501; x_wconf 91' lang='lat' dir='ltr'><strong>si</strong></span> <span class='ocrx_word' id='word_1_33' title='bbox 1602 443 1671 500; x_wconf 89' lang='lat' dir='ltr'>velit</span> <span class='ocrx_word' id='word_1_34' title='bbox 1694 435 1840 519; x_wconf 55' lang='lat' dir='ltr'>corrigat}</span> 
     </span>
     <span class='ocr_line' id='line_1_4' title="bbox 124 531 1833 609; baseline -0.001 -18"><span class='ocrx_word' id='word_1_35' title='bbox 124 535 287 591; x_wconf 77' lang='lat' dir='ltr'>admiratus</span> <span class='ocrx_word' id='word_1_36' title='bbox 308 534 466 602; x_wconf 75' lang='lat' dir='ltr'>Ascalone,</span> <span class='ocrx_word' id='word_1_37' title='bbox 483 536 532 608; x_wconf 91' lang='lat' dir='ltr'><strong>qui</strong></span> <span class='ocrx_word' id='word_1_38' title='bbox 557 535 687 609; x_wconf 84' lang='lat' dir='ltr'>locuples</span> <span class='ocrx_word' id='word_1_39' title='bbox 702 541 764 592; x_wconf 96' lang='grc'><strong>8888</strong></span> <span class='ocrx_word' id='word_1_40' title='bbox 778 535 870 592; x_wconf 90' lang='lat' dir='ltr'>valde.</span> <span class='ocrx_word' id='word_1_41' title='bbox 888 538 948 602; x_wconf 82' lang='lat' dir='ltr'><strong>Quo</strong></span> <span class='ocrx_word' id='word_1_42' title='bbox 1001 533 1211 589; x_wconf 76' lang='lat' dir='ltr'>Verumtamen</span> <span class='ocrx_word' id='word_1_43' title='bbox 1236 532 1364 590; x_wconf 86' lang='lat' dir='ltr'>historiae</span> <span class='ocrx_word' id='word_1_44' title='bbox 1381 534 1487 590; x_wconf 89' lang='lat' dir='ltr'>seriem</span> <span class='ocrx_word' id='word_1_45' title='bbox 1503 538 1622 606; x_wconf 90' lang='lat' dir='ltr'>propter</span> <span class='ocrx_word' id='word_1_46' title='bbox 1636 531 1833 606; x_wconf 88' lang='lat' dir='ltr'>pulchritudi-</span> 
     </span>
     <span class='ocr_line' id='line_1_5' title="bbox 57 621 1834 697; baseline 0 -18"><span class='ocrx_word' id='word_1_47' title='bbox 57 652 60 655; x_wconf 96' lang='lat'>·</span> <span class='ocrx_word' id='word_1_48' title='bbox 124 624 309 696; x_wconf 87' lang='lat' dir='ltr'>interempto,</span> <span class='ocrx_word' id='word_1_49' title='bbox 326 623 384 680; x_wconf 91' lang='lat' dir='ltr'>illis</span> <span class='ocrx_word' id='word_1_50' title='bbox 400 624 537 680; x_wconf 91' lang='lat' dir='ltr'>omnibus</span> <span class='ocrx_word' id='word_1_51' title='bbox 552 629 616 681; x_wconf 90' lang='lat' dir='ltr'>orto</span> <span class='ocrx_word' id='word_1_52' title='bbox 631 631 745 681; x_wconf 90' lang='lat' dir='ltr'>estnon</span> <span class='ocrx_word' id='word_1_53' title='bbox 762 625 885 681; x_wconf 90' lang='lat' dir='ltr'>minima</span> <span class='ocrx_word' id='word_1_54' title='bbox 899 625 948 681; x_wconf 88' lang='lat' dir='ltr'><strong>de·</strong></span> <span class='ocrx_word' id='word_1_55' title='bbox 1003 639 1070 678; x_wconf 89' lang='lat' dir='ltr'><strong>nem</strong></span> <span class='ocrx_word' id='word_1_56' title='bbox 1087 621 1215 695; x_wconf 92' lang='lat' dir='ltr'>partium</span> <span class='ocrx_word' id='word_1_57' title='bbox 1231 622 1428 695; x_wconf 88' lang='lat' dir='ltr'>pompaticam</span> <span class='ocrx_word' id='word_1_58' title='bbox 1441 639 1496 678; x_wconf 89' lang='grc'><strong>888</strong></span> <span class='ocrx_word' id='word_1_59' title='bbox 1509 626 1678 690; x_wconf 90' lang='lat' dir='ltr'>commutet,</span> <span class='ocrx_word' id='word_1_60' title='bbox 1689 624 1834 697; x_wconf 88' lang='grc'><strong>88838818-</strong></span> 
     </span>
     <span class='ocr_line' id='line_1_6' title="bbox 124 711 1834 786; baseline 0.001 -18"><span class='ocrx_word' id='word_1_61' title='bbox 124 712 257 786; x_wconf 85' lang='lat' dir='ltr'>ploratio.</span> <span class='ocrx_word' id='word_1_62' title='bbox 273 713 403 769; x_wconf 83' lang='lat' dir='ltr'>Alterum</span> <span class='ocrx_word' id='word_1_63' title='bbox 418 713 620 770; x_wconf 73' lang='lat' dir='ltr'>admiraldum</span> <span class='ocrx_word' id='word_1_64' title='bbox 637 715 706 771; x_wconf 94' lang='lat' dir='ltr'>olim</span> <span class='ocrx_word' id='word_1_65' title='bbox 722 715 897 771; x_wconf 74' lang='lat' dir='ltr'>achonitam</span> <span class='ocrx_word' id='word_1_66' title='bbox 911 713 950 770; x_wconf 92' lang='lat' dir='ltr'><strong>vi·</strong></span> <span class='ocrx_word' id='word_1_67' title='bbox 1003 729 1069 767; x_wconf 86' lang='lat' dir='ltr'><strong>rum</strong></span> <span class='ocrx_word' id='word_1_68' title='bbox 1093 711 1243 768; x_wconf 88' lang='lat' dir='ltr'>veritatem</span> <span class='ocrx_word' id='word_1_69' title='bbox 1268 713 1447 768; x_wconf 88' lang='lat' dir='ltr'>mendaciter</span> <span class='ocrx_word' id='word_1_70' title='bbox 1471 711 1641 768; x_wconf 88' lang='lat' dir='ltr'>confundat.</span> <span class='ocrx_word' id='word_1_71' title='bbox 1668 711 1719 768; x_wconf 90' lang='lat' dir='ltr'><strong>His</strong></span> <span class='ocrx_word' id='word_1_72' title='bbox 1741 711 1834 786; x_wconf 86' lang='lat' dir='ltr'>gestis</span> 
     </span>
     <span class='ocr_line' id='line_1_7' title="bbox 123 795 1845 874; baseline 0.001 -18"><span class='ocrx_word' id='word_1_73' title='bbox 123 817 192 857; x_wconf 92' lang='lat' dir='ltr'>vum</span> <span class='ocrx_word' id='word_1_74' title='bbox 208 801 401 868; x_wconf 89' lang='lat' dir='ltr'>retinuerunt,</span> <span class='ocrx_word' id='word_1_75' title='bbox 419 819 504 874; x_wconf 87' lang='lat' dir='ltr'>quem</span> <span class='ocrx_word' id='word_1_76' title='bbox 521 820 569 858; x_wconf 89' lang='lat' dir='ltr'><strong>rex</strong></span> <span class='ocrx_word' id='word_1_77' title='bbox 584 808 683 860; x_wconf 89' lang='lat' dir='ltr'>noster</span> <span class='ocrx_word' id='word_1_78' title='bbox 705 803 808 860; x_wconf 86' lang='lat' dir='ltr'>redimi</span> <span class='ocrx_word' id='word_1_79' title='bbox 834 803 901 859; x_wconf 90' lang='lat' dir='ltr'>feeit</span> <span class='ocrx_word' id='word_1_80' title='bbox 914 805 950 858; x_wconf 81' lang='lat'><strong>20</strong></span> <span class='ocrx_word' id='word_1_81' title='bbox 1004 797 1068 873; x_wconf 76' lang='lat' dir='ltr'>quae</span> <span class='ocrx_word' id='word_1_82' title='bbox 1083 801 1220 873; x_wconf 89' lang='lat' dir='ltr'>superius</span> <span class='ocrx_word' id='word_1_83' title='bbox 1235 801 1314 856; x_wconf 91' lang='lat' dir='ltr'>dicta</span> <span class='ocrx_word' id='word_1_84' title='bbox 1329 806 1409 868; x_wconf 88' lang='lat' dir='ltr'>sunt,</span> <span class='ocrx_word' id='word_1_85' title='bbox 1423 800 1486 873; x_wconf 88' lang='lat' dir='ltr'>ipso</span> <span class='ocrx_word' id='word_1_86' title='bbox 1502 816 1578 856; x_wconf 89' lang='lat' dir='ltr'>euno</span> <span class='ocrx_word' id='word_1_87' title='bbox 1590 798 1753 857; x_wconf 84' lang='lat' dir='ltr'>declinante</span> <span class='ocrx_word' id='word_1_88' title='bbox 1766 795 1845 858; x_wconf 58' lang='lat' dir='ltr'>sen?</span> 
     </span>
     <span class='ocr_line' id='line_1_8' title="bbox 124 879 1833 966; baseline -0.001 -19"><span class='ocrx_word' id='word_1_89' title='bbox 124 890 255 947; x_wconf 90' lang='lat' dir='ltr'>millibus</span> <span class='ocrx_word' id='word_1_90' title='bbox 272 890 494 959; x_wconf 85' lang='lat' dir='ltr'>numismatum,</span> <span class='ocrx_word' id='word_1_91' title='bbox 512 897 720 966; x_wconf 83' lang='grc'><strong>1888888888888</strong></span> <span class='ocrx_word' id='word_1_92' title='bbox 743 897 772 949; x_wconf 90' lang='lat' dir='ltr'><strong>et</strong></span> <span class='ocrx_word' id='word_1_93' title='bbox 796 909 842 949; x_wconf 89' lang='lat' dir='ltr'><strong>res</strong></span> <span class='ocrx_word' id='word_1_94' title='bbox 866 891 948 949; x_wconf 91' lang='lat' dir='ltr'>alias.</span> <span class='ocrx_word' id='word_1_95' title='bbox 1004 889 1418 946; x_wconf 84' lang='lat' dir='ltr'>simusomnesterraemotum</span> <span class='ocrx_word' id='word_1_96' title='bbox 1431 879 1833 963; x_wconf 83' lang='lat' dir='ltr'>grandem,quillierusalem</span> 
     </span>
     <span class='ocr_line' id='line_1_9' title="bbox 123 977 1841 1057; baseline 0 -21"><span class='ocrx_word' id='word_1_97' title='bbox 123 980 270 1051; x_wconf 84' lang='lat' dir='ltr'>AEthiopes</span> <span class='ocrx_word' id='word_1_98' title='bbox 284 997 350 1035; x_wconf 88' lang='lat' dir='ltr'>vero</span> <span class='ocrx_word' id='word_1_99' title='bbox 361 979 500 1052; x_wconf 87' lang='lat' dir='ltr'>quoniam</span> <span class='ocrx_word' id='word_1_100' title='bbox 511 981 609 1053; x_wconf 88' lang='lat' dir='ltr'>fugere</span> <span class='ocrx_word' id='word_1_101' title='bbox 620 983 860 1054; x_wconf 88' lang='lat' dir='ltr'>nequiverunt,in</span> <span class='ocrx_word' id='word_1_102' title='bbox 872 998 950 1038; x_wconf 88' lang='lat' dir='ltr'>cam·</span> <span class='ocrx_word' id='word_1_103' title='bbox 1005 977 1165 1034; x_wconf 89' lang='lat' dir='ltr'>ineramus.</span> <span class='ocrx_word' id='word_1_104' title='bbox 1183 980 1264 1045; x_wconf 88' lang='lat' dir='ltr'>Quod</span> <span class='ocrx_word' id='word_1_105' title='bbox 1278 978 1308 1034; x_wconf 92' lang='lat' dir='ltr'><strong>in</strong></span> <span class='ocrx_word' id='word_1_106' title='bbox 1324 977 1422 1052; x_wconf 87' lang='lat' dir='ltr'>vigilia</span> <span class='ocrx_word' id='word_1_107' title='bbox 1436 978 1602 1035; x_wconf 82' lang='lat' dir='ltr'>Natiuitatis</span> <span class='ocrx_word' id='word_1_108' title='bbox 1618 978 1735 1034; x_wconf 86' lang='lat' dir='ltr'>Domini</span> <span class='ocrx_word' id='word_1_109' title='bbox 1750 977 1841 1057; x_wconf 16' lang='lat' dir='ltr'>valde·</span> 
     </span>
     <span class='ocr_line' id='line_1_10' title="bbox 123 1056 1846 1144; baseline 0.002 -22"><span class='ocrx_word' id='word_1_110' title='bbox 123 1066 170 1142; x_wconf 81' lang='lat' dir='ltr'>&#39;pis</span> <span class='ocrx_word' id='word_1_111' title='bbox 184 1069 323 1124; x_wconf 88' lang='lat' dir='ltr'>trucidati</span> <span class='ocrx_word' id='word_1_112' title='bbox 347 1073 427 1124; x_wconf 90' lang='lat' dir='ltr'>sunt.</span> <span class='ocrx_word' id='word_1_113' title='bbox 451 1071 580 1136; x_wconf 87' lang='lat' dir='ltr'>Quatuor</span> <span class='ocrx_word' id='word_1_114' title='bbox 599 1070 692 1127; x_wconf 92' lang='lat' dir='ltr'>millia</span> <span class='ocrx_word' id='word_1_115' title='bbox 706 1071 825 1144; x_wconf 91' lang='lat' dir='ltr'>quidem</span> <span class='ocrx_word' id='word_1_116' title='bbox 841 1075 901 1126; x_wconf 87' lang='lat' dir='ltr'><strong>tam</strong></span> <span class='ocrx_word' id='word_1_117' title='bbox 916 1071 951 1127; x_wconf 90' lang='lat' dir='ltr'><strong>de</strong></span> <span class='ocrx_word' id='word_1_118' title='bbox 1006 1084 1060 1124; x_wconf 89' lang='lat' dir='ltr'><strong>nos</strong></span> <span class='ocrx_word' id='word_1_119' title='bbox 1077 1067 1188 1124; x_wconf 88' lang='lat' dir='ltr'>terruit.</span> <span class='ocrx_word' id='word_1_120' title='bbox 1742 1056 1745 1064; x_wconf 76' lang='grc'><strong>1</strong></span> <span class='ocrx_word' id='word_1_121' title='bbox 1844 1070 1846 1075; x_wconf 75' lang='grc'><strong>’</strong></span> 
     </span>
     <span class='ocr_line' id='line_1_11' title="bbox 125 1156 1547 1231; baseline -0.001 -17"><span class='ocrx_word' id='word_1_122' title='bbox 125 1157 275 1229; x_wconf 88' lang='lat' dir='ltr'>equitibus</span> <span class='ocrx_word' id='word_1_123' title='bbox 287 1174 375 1229; x_wconf 91' lang='lat' dir='ltr'>quam</span> <span class='ocrx_word' id='word_1_124' title='bbox 386 1159 421 1213; x_wconf 95' lang='grc'><strong>88</strong></span> <span class='ocrx_word' id='word_1_125' title='bbox 433 1158 581 1231; x_wconf 87' lang='lat' dir='ltr'>peditibus</span> <span class='ocrx_word' id='word_1_126' title='bbox 592 1177 692 1216; x_wconf 89' lang='lat' dir='ltr'>eorum</span> <span class='ocrx_word' id='word_1_127' title='bbox 702 1160 846 1217; x_wconf 88' lang='lat' dir='ltr'>interlecti</span> <span class='ocrx_word' id='word_1_128' title='bbox 860 1160 952 1216; x_wconf 86' lang='grc'><strong>188888</strong></span> <span class='ocrx_word' id='word_1_129' title='bbox 1291 1156 1406 1214; x_wconf 81' lang='lat' dir='ltr'><strong>CAPUT</strong></span> <span class='ocrx_word' id='word_1_130' title='bbox 1424 1157 1547 1213; x_wconf 88' lang='lat' dir='ltr'>XXlllll.</span> 
     </span>
    </p>

    <p class='ocr_par' dir='ltr' id='par_1_3' title="bbox 126 1245 1667 1322">
     <span class='ocr_line' id='line_1_12' title="bbox 126 1245 1667 1322; baseline -0.001 -19"><span class='ocrx_word' id='word_1_131' title='bbox 126 1246 300 1303; x_wconf 83' lang='lat' dir='ltr'>reseruntur</span> <span class='ocrx_word' id='word_1_132' title='bbox 321 1248 358 1303; x_wconf 93' lang='lat' dir='ltr'><strong>De</strong></span> <span class='ocrx_word' id='word_1_133' title='bbox 374 1264 427 1303; x_wconf 83' lang='lat' dir='ltr'><strong>nos</strong></span> <span class='ocrx_word' id='word_1_134' title='bbox 413 1247 482 1304; x_wconf 87' lang='lat' dir='ltr'>tris</span> <span class='ocrx_word' id='word_1_135' title='bbox 497 1265 563 1304; x_wconf 91' lang='lat' dir='ltr'>vero</span> <span class='ocrx_word' id='word_1_136' title='bbox 589 1249 739 1322; x_wconf 84' lang='lat' dir='ltr'>sexaginta</span> <span class='ocrx_word' id='word_1_137' title='bbox 763 1247 952 1306; x_wconf 87' lang='lat' dir='ltr'>tabernacula</span> <span class='ocrx_word' id='word_1_138' title='bbox 1178 1249 1215 1304; x_wconf 85' lang='lat' dir='ltr'><strong>De</strong></span> <span class='ocrx_word' id='word_1_139' title='bbox 1228 1248 1316 1317; x_wconf 77' lang='grc'><strong>818818</strong></span> <span class='ocrx_word' id='word_1_140' title='bbox 1331 1248 1362 1302; x_wconf 84' lang='lat' dir='ltr'><strong>ia</strong></span> <span class='ocrx_word' id='word_1_141' title='bbox 1376 1247 1440 1303; x_wconf 85' lang='lat' dir='ltr'>coeto</span> <span class='ocrx_word' id='word_1_142' title='bbox 1454 1245 1667 1319; x_wconf 75' lang='lat' dir='ltr'>apparentiae.</span> 
     </span>
    </p>

    <p class='ocr_par' dir='ltr' id='par_1_4' title="bbox 125 1333 1849 1500">
     <span class='ocr_line' id='line_1_13' title="bbox 125 1333 1835 1411; baseline 0 -19"><span class='ocrx_word' id='word_1_143' title='bbox 125 1352 226 1392; x_wconf 90' lang='lat' dir='ltr'>eorum</span> <span class='ocrx_word' id='word_1_144' title='bbox 242 1335 326 1392; x_wconf 87' lang='lat' dir='ltr'>nobis</span> <span class='ocrx_word' id='word_1_145' title='bbox 342 1341 547 1392; x_wconf 88' lang='lat' dir='ltr'>remanserun</span> <span class='ocrx_word' id='word_1_146' title='bbox 549 1342 832 1411; x_wconf 87' lang='lat' dir='ltr'>Jumenaquoque</span> <span class='ocrx_word' id='word_1_147' title='bbox 847 1338 950 1409; x_wconf 90' lang='lat' dir='ltr'>multa</span> <span class='ocrx_word' id='word_1_148' title='bbox 1041 1337 1124 1392; x_wconf 81' lang='lat' dir='ltr'>Anno</span> <span class='ocrx_word' id='word_1_149' title='bbox 1139 1336 1337 1404; x_wconf 86' lang='grc'><strong>8888881106</strong></span> <span class='ocrx_word' id='word_1_150' title='bbox 1351 1335 1545 1392; x_wconf 82' lang='lat' dir='ltr'>nibilominus</span> <span class='ocrx_word' id='word_1_151' title='bbox 1560 1334 1718 1392; x_wconf 88' lang='lat' dir='ltr'>cometam</span> <span class='ocrx_word' id='word_1_152' title='bbox 1730 1333 1835 1405; x_wconf 83' lang='lat' dir='ltr'>aethere</span> 
     </span>
     <span class='ocr_line' id='line_1_14' title="bbox 125 1412 1849 1505; baseline -0.001 -25"><span class='ocrx_word' id='word_1_153' title='bbox 125 1423 239 1489; x_wconf 89' lang='lat' dir='ltr'>cameli,</span> <span class='ocrx_word' id='word_1_154' title='bbox 252 1425 337 1492; x_wconf 89' lang='lat' dir='ltr'>asini,</span> <span class='ocrx_word' id='word_1_155' title='bbox 351 1425 506 1482; x_wconf 75' lang='lat' dir='ltr'>dromeda</span> <span class='ocrx_word' id='word_1_156' title='bbox 521 1428 603 1482; x_wconf 86' lang='lat' dir='ltr'>Tune</span> <span class='ocrx_word' id='word_1_157' title='bbox 619 1428 845 1484; x_wconf 90' lang='lat' dir='ltr'>Deuslaudatur</span> <span class='ocrx_word' id='word_1_158' title='bbox 848 1427 952 1500; x_wconf 91' lang='lat' dir='ltr'>,glori</span> <span class='ocrx_word' id='word_1_159' title='bbox 1007 1440 1151 1497; x_wconf 89' lang='lat' dir='ltr'>apparens</span> <span class='ocrx_word' id='word_1_160' title='bbox 1166 1442 1219 1481; x_wconf 89' lang='lat' dir='ltr'><strong>nos</strong></span> <span class='ocrx_word' id='word_1_161' title='bbox 1243 1424 1328 1481; x_wconf 91' lang='lat' dir='ltr'>illum</span> <span class='ocrx_word' id='word_1_162' title='bbox 1352 1424 1547 1499; x_wconf 77' lang='lat' dir='ltr'>suspicientes</span> <span class='ocrx_word' id='word_1_163' title='bbox 1567 1420 1717 1497; x_wconf 81' lang='lat' dir='ltr'>pavefecit.</span> <span class='ocrx_word' id='word_1_164' title='bbox 1736 1412 1849 1505; x_wconf 47' lang='grc' dir='ltr'><strong>0181888ι</strong></span> 
     </span>
    </p>
   </div>
   <div class='ocr_carea' id='block_1_3' title="bbox 21 1498 1840 1590">
    <p class='ocr_par' dir='ltr' id='par_1_5' title="bbox 21 1498 1840 1590">
     <span class='ocr_line' id='line_1_15' title="bbox 21 1498 1840 1590; baseline -0.001 -22"><span class='ocrx_word' id='word_1_165' title='bbox 21 1566 25 1575; x_wconf 82' lang='grc'><strong>,</strong></span> <span class='ocrx_word' id='word_1_166' title='bbox 126 1513 240 1577; x_wconf 86' lang='grc'><strong>18888,88</strong></span> <span class='ocrx_word' id='word_1_167' title='bbox 251 1514 280 1568; x_wconf 90' lang='lat' dir='ltr'><strong>io</strong></span> <span class='ocrx_word' id='word_1_168' title='bbox 292 1530 349 1585; x_wconf 91' lang='lat' dir='ltr'>quo</span> <span class='ocrx_word' id='word_1_169' title='bbox 359 1513 403 1569; x_wconf 91' lang='lat' dir='ltr'><strong>vir</strong></span> <span class='ocrx_word' id='word_1_170' title='bbox 404 1518 495 1570; x_wconf 90' lang='lat' dir='ltr'>tutem</span> <span class='ocrx_word' id='word_1_171' title='bbox 507 1515 629 1571; x_wconf 88' lang='lat' dir='ltr'>lecimus</span> <span class='ocrx_word' id='word_1_172' title='bbox 637 1533 792 1590; x_wconf 84' lang='grc'><strong>888388888;</strong></span> <span class='ocrx_word' id='word_1_173' title='bbox 803 1516 892 1589; x_wconf 85' lang='lat' dir='ltr'>quiet</span> <span class='ocrx_word' id='word_1_174' title='bbox 893 1517 951 1571; x_wconf 85' lang='lat' dir='ltr'><strong>iam</strong></span> <span class='ocrx_word' id='word_1_175' title='bbox 1007 1529 1040 1569; x_wconf 88' lang='lat' dir='ltr'><strong>aa</strong></span> <span class='ocrx_word' id='word_1_176' title='bbox 1056 1517 1121 1585; x_wconf 89' lang='lat' dir='ltr'>part</span> <span class='ocrx_word' id='word_1_177' title='bbox 1123 1530 1137 1569; x_wconf 90' lang='grc'><strong>8</strong></span> <span class='ocrx_word' id='word_1_178' title='bbox 1140 1531 1216 1586; x_wconf 90' lang='lat' dir='ltr'>,qua</span> <span class='ocrx_word' id='word_1_179' title='bbox 1227 1513 1268 1569; x_wconf 91' lang='lat' dir='ltr'><strong>sol</strong></span> <span class='ocrx_word' id='word_1_180' title='bbox 1285 1512 1403 1570; x_wconf 88' lang='lat' dir='ltr'>hiemali</span> <span class='ocrx_word' id='word_1_181' title='bbox 1419 1517 1549 1587; x_wconf 90' lang='lat' dir='ltr'>tempore</span> <span class='ocrx_word' id='word_1_182' title='bbox 1564 1505 1735 1581; x_wconf 81' lang='lat' dir='ltr'>occumbere</span> <span class='ocrx_word' id='word_1_183' title='bbox 1749 1498 1840 1580; x_wconf 74' lang='lat' dir='ltr'><strong>solet,¹</strong></span> 
     </span>
    </p>
   </div>
   <div class='ocr_carea' id='block_1_4' title="bbox 122 1590 1854 1879">
    <p class='ocr_par' dir='ltr' id='par_1_6' title="bbox 122 1590 1854 1861">
     <span class='ocr_line' id='line_1_16' title="bbox 127 1590 1834 1676; baseline -0.001 -18"><span class='ocrx_word' id='word_1_184' title='bbox 127 1602 305 1658; x_wconf 87' lang='grc'><strong>8888181888</strong></span> <span class='ocrx_word' id='word_1_185' title='bbox 323 1604 952 1663; x_wconf 67' lang='grc' dir='ltr'><strong>8888818888888888888188808818888νί81</strong></span> <span class='ocrx_word' id='word_1_186' title='bbox 1008 1601 1172 1676; x_wconf 85' lang='lat' dir='ltr'>splendoris</span> <span class='ocrx_word' id='word_1_187' title='bbox 1184 1604 1300 1660; x_wconf 83' lang='lat' dir='ltr'>alburni</span> <span class='ocrx_word' id='word_1_188' title='bbox 1317 1603 1431 1660; x_wconf 83' lang='lat' dir='ltr'>radium</span> <span class='ocrx_word' id='word_1_189' title='bbox 1444 1603 1595 1660; x_wconf 87' lang='grc'><strong>8888888</strong></span> <span class='ocrx_word' id='word_1_190' title='bbox 1621 1590 1834 1658; x_wconf 77' lang='grc'><strong>1818888888</strong></span> 
     </span>
     <span class='ocr_line' id='line_1_17' title="bbox 122 1664 1835 1771; baseline 0.001 -27"><span class='ocrx_word' id='word_1_191' title='bbox 122 1688 226 1760; x_wconf 88' lang='grc'><strong>1888888</strong></span> <span class='ocrx_word' id='word_1_192' title='bbox 243 1689 484 1747; x_wconf 68' lang='grc'><strong>888888188113888</strong></span> <span class='ocrx_word' id='word_1_193' title='bbox 499 1709 549 1764; x_wconf 89' lang='grc'><strong>888</strong></span> <span class='ocrx_word' id='word_1_194' title='bbox 565 1692 715 1749; x_wconf 84' lang='lat' dir='ltr'>diceban</span> <span class='ocrx_word' id='word_1_195' title='bbox 726 1692 868 1761; x_wconf 78' lang='lat' dir='ltr'>Damus</span> <span class='ocrx_word' id='word_1_196' title='bbox 872 1693 953 1749; x_wconf 84' lang='lat' dir='ltr'>Chri</span> <span class='ocrx_word' id='word_1_197' title='bbox 1007 1692 1128 1766; x_wconf 86' lang='lat' dir='ltr'>longum</span> <span class='ocrx_word' id='word_1_198' title='bbox 1143 1693 1265 1749; x_wconf 84' lang='lat' dir='ltr'>mirifice</span> <span class='ocrx_word' id='word_1_199' title='bbox 1291 1664 1437 1765; x_wconf 77' lang='lat' dir='ltr'>produxit.</span> <span class='ocrx_word' id='word_1_200' title='bbox 1455 1691 1514 1748; x_wconf 92' lang='lat' dir='ltr'>Hoc</span> <span class='ocrx_word' id='word_1_201' title='bbox 1539 1691 1705 1765; x_wconf 87' lang='lat' dir='ltr'>prodigium</span> <span class='ocrx_word' id='word_1_202' title='bbox 1731 1678 1835 1771; x_wconf 78' lang='lat' dir='ltr'>nempe</span> 
     </span>
     <span class='ocr_line' id='line_1_18' title="bbox 127 1777 1854 1879; baseline 0.002 -47.071"><span class='ocrx_word' id='word_1_203' title='bbox 127 1777 238 1835; x_wconf 88' lang='lat' dir='ltr'>stianos</span> <span class='ocrx_word' id='word_1_204' title='bbox 253 1778 320 1836; x_wconf 90' lang='lat' dir='ltr'>illos</span> <span class='ocrx_word' id='word_1_205' title='bbox 335 1797 436 1836; x_wconf 91' lang='lat' dir='ltr'>omnes</span> <span class='ocrx_word' id='word_1_206' title='bbox 452 1782 631 1849; x_wconf 88' lang='lat' dir='ltr'>occidamus,</span> <span class='ocrx_word' id='word_1_207' title='bbox 641 1786 669 1838; x_wconf 90' lang='lat' dir='ltr'><strong>et</strong></span> <span class='ocrx_word' id='word_1_208' title='bbox 679 1783 896 1856; x_wconf 86' lang='lat' dir='ltr'>possidebimus</span> <span class='ocrx_word' id='word_1_209' title='bbox 912 1799 957 1839; x_wconf 88' lang='lat' dir='ltr'><strong>eo·</strong></span> <span class='ocrx_word' id='word_1_210' title='bbox 1009 1799 1111 1838; x_wconf 91' lang='lat' dir='ltr'>mense</span> <span class='ocrx_word' id='word_1_211' title='bbox 1126 1782 1283 1839; x_wconf 77' lang='lat' dir='ltr'>Februario</span> <span class='ocrx_word' id='word_1_212' title='bbox 1299 1780 1442 1838; x_wconf 87' lang='lat' dir='ltr'>rutilare</span> <span class='ocrx_word' id='word_1_213' title='bbox 1435 1779 1578 1854; x_wconf 86' lang='lat' dir='ltr'>incipiens</span> <span class='ocrx_word' id='word_1_214' title='bbox 1594 1779 1660 1838; x_wconf 91' lang='lat' dir='ltr'><strong>dia</strong></span> <span class='ocrx_word' id='word_1_215' title='bbox 1641 1796 1713 1854; x_wconf 86' lang='lat' dir='ltr'>quo</span> <span class='ocrx_word' id='word_1_216' title='bbox 1734 1778 1854 1879; x_wconf 65' lang='grc'><strong>1888181,</strong></span> 
     </span>
    </p>
   </div>
   <div class='ocr_carea' id='block_1_5' title="bbox 127 1869 957 2482">
    <p class='ocr_par' dir='ltr' id='par_1_7' title="bbox 127 1869 957 2482">
     <span class='ocr_line' id='line_1_19' title="bbox 127 1869 953 1944; baseline 0.006 -22"><span class='ocrx_word' id='word_1_217' title='bbox 127 1884 194 1923; x_wconf 91' lang='lat' dir='ltr'><strong>rum</strong></span> <span class='ocrx_word' id='word_1_218' title='bbox 209 1874 293 1925; x_wconf 90' lang='lat' dir='ltr'>sanct</span> <span class='ocrx_word' id='word_1_219' title='bbox 296 1869 421 1926; x_wconf 89' lang='lat' dir='ltr'>uarium.</span> <span class='ocrx_word' id='word_1_220' title='bbox 438 1871 493 1927; x_wconf 90' lang='lat' dir='ltr'><strong>Sed</strong></span> <span class='ocrx_word' id='word_1_221' title='bbox 509 1889 562 1928; x_wconf 85' lang='lat' dir='ltr'><strong>non</strong></span> <span class='ocrx_word' id='word_1_222' title='bbox 578 1874 618 1928; x_wconf 83' lang='lat' dir='ltr'><strong>sie</strong></span> <span class='ocrx_word' id='word_1_223' title='bbox 632 1875 722 1944; x_wconf 76' lang='lat' dir='ltr'>iinpii,</span> <span class='ocrx_word' id='word_1_224' title='bbox 746 1871 953 1940; x_wconf 73' lang='grc'><strong>8888811881.</strong></span> 
     </span>
     <span class='ocr_line' id='line_1_20' title="bbox 127 1958 956 2033; baseline 0.007 -22"><span class='ocrx_word' id='word_1_225' title='bbox 127 1973 148 2023; x_wconf 91' lang='lat'><strong>1,</strong></span> <span class='ocrx_word' id='word_1_226' title='bbox 165 1958 202 2025; x_wconf 86' lang='lat' dir='ltr'><strong>l),</strong></span> <span class='ocrx_word' id='word_1_227' title='bbox 219 1958 290 2030; x_wconf 88' lang='lat' dir='ltr'>quia</span> <span class='ocrx_word' id='word_1_228' title='bbox 303 1976 355 2015; x_wconf 86' lang='lat' dir='ltr'><strong>vos</strong></span> <span class='ocrx_word' id='word_1_229' title='bbox 371 1960 469 2031; x_wconf 89' lang='lat' dir='ltr'>posuit</span> <span class='ocrx_word' id='word_1_230' title='bbox 483 1961 560 2017; x_wconf 90' lang='lat' dir='ltr'>Deus</span> <span class='ocrx_word' id='word_1_231' title='bbox 579 1969 610 2017; x_wconf 88' lang='lat' dir='ltr'><strong>at</strong></span> <span class='ocrx_word' id='word_1_232' title='bbox 630 1970 728 2030; x_wconf 79' lang='lat' dir='ltr'>rotem,</span> <span class='ocrx_word' id='word_1_233' title='bbox 744 1971 770 2018; x_wconf 87' lang='grc'><strong>81</strong></span> <span class='ocrx_word' id='word_1_234' title='bbox 783 1964 854 2019; x_wconf 82' lang='lat' dir='ltr'>sicat</span> <span class='ocrx_word' id='word_1_235' title='bbox 868 1964 956 2033; x_wconf 83' lang='lat' dir='ltr'>stipa-</span> 
     </span>
     <span class='ocr_line' id='line_1_21' title="bbox 129 2046 955 2121; baseline 0.009 -21"><span class='ocrx_word' id='word_1_236' title='bbox 129 2046 185 2101; x_wconf 84' lang='lat' dir='ltr'><strong>tam</strong></span> <span class='ocrx_word' id='word_1_237' title='bbox 200 2055 263 2103; x_wconf 77' lang='grc'><strong>81818</strong></span> <span class='ocrx_word' id='word_1_238' title='bbox 276 2049 376 2120; x_wconf 80' lang='lat' dir='ltr'>sociem</span> <span class='ocrx_word' id='word_1_239' title='bbox 390 2051 466 2106; x_wconf 84' lang='grc'><strong>88811</strong></span> <span class='ocrx_word' id='word_1_240' title='bbox 479 2049 508 2104; x_wconf 90' lang='grc'><strong>88</strong></span> <span class='ocrx_word' id='word_1_241' title='bbox 524 2050 568 2106; x_wconf 87' lang='grc'><strong>888</strong></span> <span class='ocrx_word' id='word_1_242' title='bbox 584 2068 637 2106; x_wconf 89' lang='lat' dir='ltr'><strong>sua</strong></span> <span class='ocrx_word' id='word_1_243' title='bbox 651 2068 702 2108; x_wconf 93' lang='lat' dir='ltr'><strong>vos</strong></span> <span class='ocrx_word' id='word_1_244' title='bbox 724 2051 955 2121; x_wconf 74' lang='grc'><strong>8881881111881</strong></span> 
     </span>
     <span class='ocr_line' id='line_1_22' title="bbox 130 2136 955 2214; baseline 0.009 -24"><span class='ocrx_word' id='word_1_245' title='bbox 130 2136 280 2208; x_wconf 66' lang='grc'><strong>8888111).</strong></span> <span class='ocrx_word' id='word_1_246' title='bbox 294 2159 308 2186; x_wconf 78' lang='grc'><strong>8</strong></span> <span class='ocrx_word' id='word_1_247' title='bbox 325 2136 430 2211; x_wconf 89' lang='grc'><strong>181838</strong></span> <span class='ocrx_word' id='word_1_248' title='bbox 446 2155 500 2194; x_wconf 88' lang='grc'><strong>888</strong></span> <span class='ocrx_word' id='word_1_249' title='bbox 514 2139 684 2211; x_wconf 82' lang='lat' dir='ltr'>juraverunt</span> <span class='ocrx_word' id='word_1_250' title='bbox 698 2140 785 2196; x_wconf 89' lang='lat' dir='ltr'>etiam</span> <span class='ocrx_word' id='word_1_251' title='bbox 801 2141 868 2214; x_wconf 90' lang='lat' dir='ltr'>ipsi,</span> <span class='ocrx_word' id='word_1_252' title='bbox 881 2159 955 2197; x_wconf 90' lang='lat' dir='ltr'>nun·</span> 
     </span>
     <span class='ocr_line' id='line_1_23' title="bbox 131 2227 956 2304; baseline 0.01 -26"><span class='ocrx_word' id='word_1_253' title='bbox 131 2240 220 2296; x_wconf 89' lang='lat' dir='ltr'>quam</span> <span class='ocrx_word' id='word_1_254' title='bbox 236 2229 353 2297; x_wconf 87' lang='lat' dir='ltr'>propter</span> <span class='ocrx_word' id='word_1_255' title='bbox 364 2227 489 2284; x_wconf 88' lang='lat' dir='ltr'>Francos</span> <span class='ocrx_word' id='word_1_256' title='bbox 500 2227 615 2300; x_wconf 87' lang='grc'><strong>183888;</strong></span> <span class='ocrx_word' id='word_1_257' title='bbox 626 2229 675 2285; x_wconf 90' lang='lat' dir='ltr'><strong>sed</strong></span> <span class='ocrx_word' id='word_1_258' title='bbox 687 2230 803 2286; x_wconf 90' lang='lat' dir='ltr'>tandem</span> <span class='ocrx_word' id='word_1_259' title='bbox 816 2231 856 2286; x_wconf 88' lang='grc'><strong>811</strong></span> <span class='ocrx_word' id='word_1_260' title='bbox 856 2247 956 2304; x_wconf 83' lang='lat' dir='ltr'>ugrum</span> 
     </span>
     <span class='ocr_line' id='line_1_24' title="bbox 131 2312 957 2392; baseline 0.01 -24"><span class='ocrx_word' id='word_1_261' title='bbox 131 2312 212 2369; x_wconf 88' lang='lat' dir='ltr'>salus</span> <span class='ocrx_word' id='word_1_262' title='bbox 226 2318 296 2370; x_wconf 89' lang='lat' dir='ltr'>tunc</span> <span class='ocrx_word' id='word_1_263' title='bbox 312 2314 366 2370; x_wconf 90' lang='lat' dir='ltr'>fuit</span> <span class='ocrx_word' id='word_1_264' title='bbox 380 2317 666 2375; x_wconf 81' lang='lat' dir='ltr'>earumltoluerunt</span> <span class='ocrx_word' id='word_1_265' title='bbox 682 2320 844 2392; x_wconf 89' lang='lat' dir='ltr'>perjurium</span> <span class='ocrx_word' id='word_1_266' title='bbox 859 2321 957 2376; x_wconf 88' lang='lat' dir='ltr'>incur·</span> 
     </span>
     <span class='ocr_line' id='line_1_25' title="bbox 132 2405 957 2482; baseline 0.011 -25"><span class='ocrx_word' id='word_1_267' title='bbox 132 2418 194 2459; x_wconf 91' lang='lat' dir='ltr'>rere</span> <span class='ocrx_word' id='word_1_268' title='bbox 209 2419 298 2474; x_wconf 89' lang='lat' dir='ltr'>quam</span> <span class='ocrx_word' id='word_1_269' title='bbox 314 2410 391 2460; x_wconf 90' lang='lat' dir='ltr'>mort</span> <span class='ocrx_word' id='word_1_270' title='bbox 393 2409 445 2461; x_wconf 89' lang='lat' dir='ltr'><strong>est</strong></span> <span class='ocrx_word' id='word_1_271' title='bbox 379 2405 506 2462; x_wconf 89' lang='grc'><strong>888188</strong></span> <span class='ocrx_word' id='word_1_272' title='bbox 516 2407 620 2480; x_wconf 85' lang='lat' dir='ltr'>perire.</span> <span class='ocrx_word' id='word_1_273' title='bbox 632 2409 793 2482; x_wconf 84' lang='lat' dir='ltr'>Regressus</span> <span class='ocrx_word' id='word_1_274' title='bbox 803 2426 834 2465; x_wconf 90' lang='lat' dir='ltr'><strong>es</strong></span> <span class='ocrx_word' id='word_1_275' title='bbox 836 2413 957 2466; x_wconf 84' lang='lat' dir='ltr'>tautam</span> 
     </span>
    </p>
   </div>
   <div class='ocr_carea' id='block_1_6' title="bbox 1010 1856 1856 2506">
    <p class='ocr_par' dir='ltr' id='par_1_8' title="bbox 1010 1856 1856 2487">
     <span class='ocr_line' id='line_1_26' title="bbox 1011 1856 1840 1967; baseline -0.001 -40"><span class='ocrx_word' id='word_1_276' title='bbox 1011 1871 1274 1944; x_wconf 89' lang='lat' dir='ltr'>pronuntiabamus</span> <span class='ocrx_word' id='word_1_277' title='bbox 1298 1871 1442 1945; x_wconf 88' lang='lat' dir='ltr'>primam,</span> <span class='ocrx_word' id='word_1_278' title='bbox 1470 1869 1514 1939; x_wconf 88' lang='lat' dir='ltr'><strong>fut</strong></span> <span class='ocrx_word' id='word_1_279' title='bbox 1483 1874 1635 1938; x_wconf 87' lang='lat' dir='ltr'>uturorum</span> <span class='ocrx_word' id='word_1_280' title='bbox 1660 1856 1840 1967; x_wconf 52' lang='lat' dir='ltr'>presagium</span> 
     </span>
     <span class='ocr_line' id='line_1_27' title="bbox 1011 1945 1853 2060; baseline -0.004 -43"><span class='ocrx_word' id='word_1_281' title='bbox 1011 1965 1085 2017; x_wconf 91' lang='lat' dir='ltr'>nunt</span> <span class='ocrx_word' id='word_1_282' title='bbox 1073 1960 1174 2017; x_wconf 84' lang='lat' dir='ltr'>tiabat.</span> <span class='ocrx_word' id='word_1_283' title='bbox 1185 1961 1240 2018; x_wconf 85' lang='lat' dir='ltr'><strong>Sed</strong></span> <span class='ocrx_word' id='word_1_284' title='bbox 1257 1960 1327 2034; x_wconf 90' lang='lat' dir='ltr'>quia</span> <span class='ocrx_word' id='word_1_285' title='bbox 1343 1961 1377 2016; x_wconf 92' lang='lat' dir='ltr'><strong>de</strong></span> <span class='ocrx_word' id='word_1_286' title='bbox 1392 1977 1426 2017; x_wconf 90' lang='lat' dir='ltr'><strong>eo</strong></span> <span class='ocrx_word' id='word_1_287' title='bbox 1441 1958 1482 2015; x_wconf 89' lang='lat' dir='ltr'><strong>nil</strong></span> <span class='ocrx_word' id='word_1_288' title='bbox 1498 1954 1635 2036; x_wconf 82' lang='lat' dir='ltr'>augurari</span> <span class='ocrx_word' id='word_1_289' title='bbox 1648 1945 1853 2060; x_wconf 71' lang='grc'><strong>1888818181-11</strong></span> 
     </span>
     <span class='ocr_line' id='line_1_28' title="bbox 1011 2041 1847 2133; baseline 0 -28"><span class='ocrx_word' id='word_1_290' title='bbox 1011 2054 1126 2118; x_wconf 90' lang='lat' dir='ltr'>mus,to</span> <span class='ocrx_word' id='word_1_291' title='bbox 1128 2055 1192 2106; x_wconf 89' lang='lat' dir='ltr'><strong>tum</strong></span> <span class='ocrx_word' id='word_1_292' title='bbox 1204 2050 1280 2123; x_wconf 93' lang='lat' dir='ltr'>quod</span> <span class='ocrx_word' id='word_1_293' title='bbox 1292 2048 1477 2124; x_wconf 85' lang='lat' dir='ltr'>significabat</span> <span class='ocrx_word' id='word_1_294' title='bbox 1466 2041 1609 2106; x_wconf 88' lang='lat' dir='ltr'>tDomino</span> <span class='ocrx_word' id='word_1_295' title='bbox 1621 2046 1837 2133; x_wconf 85' lang='lat' dir='ltr'>commisimus.</span> <span class='ocrx_word' id='word_1_296' title='bbox 1844 2123 1847 2129; x_wconf 23' lang='lat'>¹</span> 
     </span>
     <span class='ocr_line' id='line_1_29' title="bbox 1011 2123 1853 2222; baseline -0.005 -26"><span class='ocrx_word' id='word_1_297' title='bbox 1011 2139 1229 2217; x_wconf 86' lang='lat' dir='ltr'>Quinquaginta</span> <span class='ocrx_word' id='word_1_298' title='bbox 1243 2144 1272 2196; x_wconf 90' lang='lat' dir='ltr'><strong>et</strong></span> <span class='ocrx_word' id='word_1_299' title='bbox 1286 2157 1319 2196; x_wconf 92' lang='lat' dir='ltr'><strong>eo</strong></span> <span class='ocrx_word' id='word_1_300' title='bbox 1335 2136 1463 2212; x_wconf 84' lang='lat' dir='ltr'><strong>amplius¹</strong></span> <span class='ocrx_word' id='word_1_301' title='bbox 1480 2138 1583 2194; x_wconf 90' lang='lat' dir='ltr'>diebus</span> <span class='ocrx_word' id='word_1_302' title='bbox 1598 2153 1718 2222; x_wconf 87' lang='lat' dir='ltr'>vespere</span> <span class='ocrx_word' id='word_1_303' title='bbox 1729 2123 1837 2220; x_wconf 68' lang='grc'><strong>81818181-</strong></span> <span class='ocrx_word' id='word_1_304' title='bbox 1851 2210 1853 2212; x_wconf 59' lang='grc'><strong>,</strong></span> 
     </span>
     <span class='ocr_line' id='line_1_30' title="bbox 1011 2212 1855 2309; baseline -0.004 -24"><span class='ocrx_word' id='word_1_305' title='bbox 1011 2229 1098 2285; x_wconf 87' lang='grc'><strong>88888</strong></span> <span class='ocrx_word' id='word_1_306' title='bbox 1114 2233 1209 2303; x_wconf 87' lang='lat' dir='ltr'>comet</span> <span class='ocrx_word' id='word_1_307' title='bbox 1197 2228 1285 2285; x_wconf 88' lang='lat' dir='ltr'>taille</span> <span class='ocrx_word' id='word_1_308' title='bbox 1300 2245 1352 2302; x_wconf 91' lang='lat' dir='ltr'><strong>per</strong></span> <span class='ocrx_word' id='word_1_309' title='bbox 1366 2232 1461 2285; x_wconf 88' lang='lat' dir='ltr'>totum</span> <span class='ocrx_word' id='word_1_310' title='bbox 1471 2227 1552 2285; x_wconf 90' lang='lat' dir='ltr'>visus</span> <span class='ocrx_word' id='word_1_311' title='bbox 1563 2204 1770 2296; x_wconf 77' lang='lat' dir='ltr'>estmundum.</span> <span class='ocrx_word' id='word_1_312' title='bbox 1775 2212 1837 2287; x_wconf 59' lang='lat' dir='ltr'><strong>llo}</strong></span> <span class='ocrx_word' id='word_1_313' title='bbox 1852 2302 1855 2309; x_wconf 26' lang='lat'><strong><em>¹</em></strong></span> 
     </span>
     <span class='ocr_line' id='line_1_31' title="bbox 1010 2288 1850 2400; baseline -0.001 -26"><span class='ocrx_word' id='word_1_314' title='bbox 1010 2319 1134 2399; x_wconf 87' lang='lat' dir='ltr'>tandum</span> <span class='ocrx_word' id='word_1_315' title='bbox 1151 2299 1226 2391; x_wconf 90' lang='lat' dir='ltr'>quod</span> <span class='ocrx_word' id='word_1_316' title='bbox 1243 2318 1279 2373; x_wconf 87' lang='lat' dir='ltr'><strong>ab</strong></span> <span class='ocrx_word' id='word_1_317' title='bbox 1294 2317 1411 2374; x_wconf 83' lang='lat' dir='ltr'>exordio</span> <span class='ocrx_word' id='word_1_318' title='bbox 1421 2317 1571 2385; x_wconf 86' lang='grc'><strong>88188188,</strong></span> <span class='ocrx_word' id='word_1_319' title='bbox 1574 2288 1850 2400; x_wconf 76' lang='grc'><strong>88881888888181,</strong></span> 
     </span>
     <span class='ocr_line' id='line_1_32' title="bbox 1011 2392 1856 2506; baseline -0.002 -43"><span class='ocrx_word' id='word_1_320' title='bbox 1011 2424 1100 2480; x_wconf 87' lang='lat' dir='ltr'>quam</span> <span class='ocrx_word' id='word_1_321' title='bbox 1116 2406 1289 2480; x_wconf 88' lang='lat' dir='ltr'>spendore</span> <span class='ocrx_word' id='word_1_322' title='bbox 1294 2425 1329 2464; x_wconf 89' lang='lat' dir='ltr'><strong>us</strong></span> <span class='ocrx_word' id='word_1_323' title='bbox 1340 2407 1442 2463; x_wconf 91' lang='lat' dir='ltr'>niveus</span> <span class='ocrx_word' id='word_1_324' title='bbox 1453 2407 1487 2463; x_wconf 87' lang='lat' dir='ltr'><strong>de</strong></span> <span class='ocrx_word' id='word_1_325' title='bbox 1498 2406 1567 2463; x_wconf 87' lang='grc'><strong>818</strong></span> <span class='ocrx_word' id='word_1_326' title='bbox 1560 2395 1590 2461; x_wconf 88' lang='grc'><strong>88</strong></span> <span class='ocrx_word' id='word_1_327' title='bbox 1605 2405 1683 2462; x_wconf 88' lang='lat' dir='ltr'>diem</span> <span class='ocrx_word' id='word_1_328' title='bbox 1688 2392 1856 2506; x_wconf 58' lang='grc'><strong>1888188881,</strong></span> 
     </span>
    </p>
   </div>
   <div class='ocr_carea' id='block_1_7' title="bbox 131 2492 1854 3193">
    <p class='ocr_par' dir='ltr' id='par_1_9' title="bbox 131 2492 1854 3193">
     <span class='ocr_line' id='line_1_33' title="bbox 133 2492 1838 2594; baseline 0.002 -47"><span class='ocrx_word' id='word_1_329' title='bbox 133 2508 184 2548; x_wconf 85' lang='lat' dir='ltr'><strong>rex</strong></span> <span class='ocrx_word' id='word_1_330' title='bbox 198 2492 321 2566; x_wconf 89' lang='lat' dir='ltr'>Joppem</span> <span class='ocrx_word' id='word_1_331' title='bbox 337 2509 404 2549; x_wconf 90' lang='lat' dir='ltr'>oum</span> <span class='ocrx_word' id='word_1_332' title='bbox 421 2495 538 2594; x_wconf 81' lang='lat' dir='ltr'>gaudio,</span> <span class='ocrx_word' id='word_1_333' title='bbox 554 2496 604 2551; x_wconf 90' lang='lat' dir='ltr'><strong>ubi</strong></span> <span class='ocrx_word' id='word_1_334' title='bbox 619 2499 772 2569; x_wconf 79' lang='lat' dir='ltr'>praedam‘</span> <span class='ocrx_word' id='word_1_335' title='bbox 766 2516 795 2554; x_wconf 88' lang='grc'><strong>88</strong></span> <span class='ocrx_word' id='word_1_336' title='bbox 820 2498 894 2555; x_wconf 89' lang='lat' dir='ltr'>bello</span> <span class='ocrx_word' id='word_1_337' title='bbox 909 2515 956 2554; x_wconf 89' lang='lat' dir='ltr'><strong>ca·</strong></span> <span class='ocrx_word' id='word_1_338' title='bbox 1011 2501 1144 2554; x_wconf 87' lang='lat' dir='ltr'>attenuat</span> <span class='ocrx_word' id='word_1_339' title='bbox 1147 2514 1180 2551; x_wconf 93' lang='lat' dir='ltr'><strong>us</strong></span> <span class='ocrx_word' id='word_1_340' title='bbox 1207 2500 1261 2563; x_wconf 87' lang='lat' dir='ltr'>est,</span> <span class='ocrx_word' id='word_1_341' title='bbox 1277 2497 1397 2552; x_wconf 89' lang='lat' dir='ltr'>adeout</span> <span class='ocrx_word' id='word_1_342' title='bbox 1385 2496 1447 2551; x_wconf 88' lang='grc'><strong>818</strong></span> <span class='ocrx_word' id='word_1_343' title='bbox 1473 2493 1585 2552; x_wconf 89' lang='lat' dir='ltr'>ultimis</span> <span class='ocrx_word' id='word_1_344' title='bbox 1601 2494 1703 2551; x_wconf 92' lang='lat' dir='ltr'>diebus</span> <span class='ocrx_word' id='word_1_345' title='bbox 1717 2493 1789 2572; x_wconf 84' lang='lat' dir='ltr'><strong>vim</strong></span> <span class='ocrx_word' id='word_1_346' title='bbox 1792 2492 1838 2550; x_wconf 90' lang='lat' dir='ltr'><strong>sui</strong></span> 
     </span>
     <span class='ocr_line' id='line_1_34' title="bbox 133 2552 1839 2658; baseline 0.001 -22"><span class='ocrx_word' id='word_1_347' title='bbox 133 2582 957 2658; x_wconf 80' lang='lat' dir='ltr'>ptammiliibussuisetpedrtibussubraiocinrodrs</span> <span class='ocrx_word' id='word_1_348' title='bbox 1011 2552 1839 2659; x_wconf 79' lang='grc'><strong>18888888188818888888188888888888888888881881-</strong></span> 
     </span>
     <span class='ocr_line' id='line_1_35' title="bbox 133 2668 1838 2778; baseline 0.001 -51"><span class='ocrx_word' id='word_1_349' title='bbox 133 2671 246 2728; x_wconf 91' lang='lat' dir='ltr'>tribuit.</span> <span class='ocrx_word' id='word_1_350' title='bbox 260 2672 362 2729; x_wconf 86' lang='lat' dir='ltr'>Adbuc</span> <span class='ocrx_word' id='word_1_351' title='bbox 377 2677 438 2728; x_wconf 89' lang='lat' dir='ltr'>erat</span> <span class='ocrx_word' id='word_1_352' title='bbox 453 2679 519 2731; x_wconf 90' lang='lat' dir='ltr'>ante</span> <span class='ocrx_word' id='word_1_353' title='bbox 534 2676 658 2749; x_wconf 87' lang='lat' dir='ltr'>toppem</span> <span class='ocrx_word' id='word_1_354' title='bbox 672 2676 776 2733; x_wconf 89' lang='lat' dir='ltr'>classis</span> <span class='ocrx_word' id='word_1_355' title='bbox 792 2677 959 2778; x_wconf 80' lang='lat' dir='ltr'>babylonio-</span> <span class='ocrx_word' id='word_1_356' title='bbox 1011 2675 1052 2732; x_wconf 88' lang='lat' dir='ltr'><strong>lat</strong></span> <span class='ocrx_word' id='word_1_357' title='bbox 1053 2691 1068 2730; x_wconf 92' lang='lat' dir='ltr'><strong>e</strong></span> <span class='ocrx_word' id='word_1_358' title='bbox 1083 2679 1181 2754; x_wconf 89' lang='lat' dir='ltr'>autem</span> <span class='ocrx_word' id='word_1_359' title='bbox 1194 2691 1293 2731; x_wconf 89' lang='lat' dir='ltr'>mense</span> <span class='ocrx_word' id='word_1_360' title='bbox 1303 2675 1415 2742; x_wconf 90' lang='lat' dir='ltr'>eodem,</span> <span class='ocrx_word' id='word_1_361' title='bbox 1426 2674 1472 2731; x_wconf 91' lang='lat' dir='ltr'><strong>die</strong></span> <span class='ocrx_word' id='word_1_362' title='bbox 1482 2691 1540 2747; x_wconf 94' lang='lat' dir='ltr'>quo</span> <span class='ocrx_word' id='word_1_363' title='bbox 1552 2672 1654 2729; x_wconf 89' lang='lat' dir='ltr'>tunam</span> <span class='ocrx_word' id='word_1_364' title='bbox 1665 2668 1838 2751; x_wconf 85' lang='grc'><strong>1888888818·</strong></span> 
     </span>
     <span class='ocr_line' id='line_1_36' title="bbox 133 2758 1854 2845; baseline 0.001 -28"><span class='ocrx_word' id='word_1_365' title='bbox 133 2778 210 2828; x_wconf 91' lang='lat' dir='ltr'>rum,</span> <span class='ocrx_word' id='word_1_366' title='bbox 226 2761 276 2833; x_wconf 94' lang='lat' dir='ltr'><strong>qui</strong></span> <span class='ocrx_word' id='word_1_367' title='bbox 289 2763 352 2834; x_wconf 86' lang='lat' dir='ltr'>J‘am</span> <span class='ocrx_word' id='word_1_368' title='bbox 366 2763 537 2835; x_wconf 89' lang='lat' dir='ltr'>aliquandiu</span> <span class='ocrx_word' id='word_1_369' title='bbox 552 2763 611 2821; x_wconf 88' lang='grc'><strong>11118</strong></span> <span class='ocrx_word' id='word_1_370' title='bbox 627 2770 871 2839; x_wconf 75' lang='lat' dir='ltr'>exspectatarum,</span> <span class='ocrx_word' id='word_1_371' title='bbox 883 2767 958 2824; x_wconf 87' lang='lat' dir='ltr'>scira</span> <span class='ocrx_word' id='word_1_372' title='bbox 1010 2763 1107 2820; x_wconf 88' lang='lat' dir='ltr'>vimus</span> <span class='ocrx_word' id='word_1_373' title='bbox 1121 2763 1301 2832; x_wconf 85' lang='lat' dir='ltr'>vicesimam,</span> <span class='ocrx_word' id='word_1_374' title='bbox 1317 2761 1467 2819; x_wconf 85' lang='lat' dir='ltr'>vidimus‘</span> <span class='ocrx_word' id='word_1_375' title='bbox 1460 2780 1490 2818; x_wconf 91' lang='grc'><strong>88</strong></span> <span class='ocrx_word' id='word_1_376' title='bbox 1506 2761 1577 2818; x_wconf 85' lang='lat' dir='ltr'>eoelo</span> <span class='ocrx_word' id='word_1_377' title='bbox 1599 2762 1635 2818; x_wconf 92' lang='lat' dir='ltr'><strong>ab</strong></span> <span class='ocrx_word' id='word_1_378' title='bbox 1659 2761 1731 2818; x_wconf 88' lang='lat' dir='ltr'>hora</span> <span class='ocrx_word' id='word_1_379' title='bbox 1754 2758 1854 2845; x_wconf 56' lang='lat' dir='ltr'><strong>tertiat¹¹</strong></span> 
     </span>
     <span class='ocr_line' id='line_1_37' title="bbox 133 2842 1845 2957; baseline 0.001 -51"><span class='ocrx_word' id='word_1_380' title='bbox 133 2850 284 2923; x_wconf 89' lang='lat' dir='ltr'>cupientes</span> <span class='ocrx_word' id='word_1_381' title='bbox 301 2852 491 2924; x_wconf 90' lang='lat' dir='ltr'>quomodoet</span> <span class='ocrx_word' id='word_1_382' title='bbox 504 2855 621 2926; x_wconf 89' lang='lat' dir='ltr'>quando</span> <span class='ocrx_word' id='word_1_383' title='bbox 631 2859 692 2911; x_wconf 90' lang='lat' dir='ltr'><strong>tam</strong></span> <span class='ocrx_word' id='word_1_384' title='bbox 708 2872 760 2928; x_wconf 92' lang='lat' dir='ltr'><strong>per</strong></span> <span class='ocrx_word' id='word_1_385' title='bbox 774 2873 855 2913; x_wconf 87' lang='lat' dir='ltr'>mare</span> <span class='ocrx_word' id='word_1_386' title='bbox 867 2873 957 2957; x_wconf 81' lang='lat' dir='ltr'>quam</span> <span class='ocrx_word' id='word_1_387' title='bbox 1011 2866 1106 2926; x_wconf 90' lang='lat' dir='ltr'>usque</span> <span class='ocrx_word' id='word_1_388' title='bbox 1121 2854 1157 2910; x_wconf 90' lang='lat' dir='ltr'><strong>ad</strong></span> <span class='ocrx_word' id='word_1_389' title='bbox 1172 2852 1376 2922; x_wconf 87' lang='lat' dir='ltr'>meridianam,</span> <span class='ocrx_word' id='word_1_390' title='bbox 1389 2853 1425 2909; x_wconf 88' lang='lat' dir='ltr'><strong>ad</strong></span> <span class='ocrx_word' id='word_1_391' title='bbox 1442 2853 1590 2909; x_wconf 84' lang='lat' dir='ltr'>dexteram</span> <span class='ocrx_word' id='word_1_392' title='bbox 1607 2842 1636 2907; x_wconf 88' lang='grc'><strong>81</strong></span> <span class='ocrx_word' id='word_1_393' title='bbox 1650 2849 1751 2923; x_wconf 79' lang='lat' dir='ltr'>levam</span> <span class='ocrx_word' id='word_1_394' title='bbox 1760 2848 1845 2940; x_wconf 64' lang='grc' dir='ltr'><strong>88188,Ι</strong></span> 
     </span>
     <span class='ocr_line' id='line_1_38' title="bbox 131 2940 1851 3024; baseline 0.001 -28"><span class='ocrx_word' id='word_1_395' title='bbox 131 2956 184 3012; x_wconf 84' lang='grc'><strong>1888</strong></span> <span class='ocrx_word' id='word_1_396' title='bbox 203 2944 540 2999; x_wconf 89' lang='lat' dir='ltr'>terramnosomneset</span> <span class='ocrx_word' id='word_1_397' title='bbox 529 2944 957 3003; x_wconf 88' lang='lat' dir='ltr'>turbesmaritimasomnino</span> <span class='ocrx_word' id='word_1_398' title='bbox 1012 2947 1135 3016; x_wconf 86' lang='lat' dir='ltr'>partem,</span> <span class='ocrx_word' id='word_1_399' title='bbox 1152 2942 1236 3016; x_wconf 89' lang='lat' dir='ltr'>quasi</span> <span class='ocrx_word' id='word_1_400' title='bbox 1253 2943 1326 2999; x_wconf 90' lang='lat' dir='ltr'>duos</span> <span class='ocrx_word' id='word_1_401' title='bbox 1343 2940 1516 3010; x_wconf 90' lang='lat' dir='ltr'>solesalios,</span> <span class='ocrx_word' id='word_1_402' title='bbox 1535 2957 1588 2996; x_wconf 89' lang='lat' dir='ltr'><strong>nec</strong></span> <span class='ocrx_word' id='word_1_403' title='bbox 1610 2926 1851 3041; x_wconf 76' lang='lat' dir='ltr'>tantumtameu</span> 
     </span>
     <span class='ocr_line' id='line_1_39' title="bbox 132 3029 1840 3107; baseline 0 -22"><span class='ocrx_word' id='word_1_404' title='bbox 132 3029 325 3086; x_wconf 87' lang='lat' dir='ltr'>destruerent.</span> <span class='ocrx_word' id='word_1_405' title='bbox 336 3031 958 3107; x_wconf 73' lang='grc'><strong>8888888888888881-88888888188808</strong></span> <span class='ocrx_word' id='word_1_406' title='bbox 1014 3031 1090 3089; x_wconf 87' lang='grc'><strong>81888</strong></span> <span class='ocrx_word' id='word_1_407' title='bbox 1105 3049 1198 3104; x_wconf 92' lang='lat' dir='ltr'>maJor</span> <span class='ocrx_word' id='word_1_408' title='bbox 1213 3030 1369 3105; x_wconf 89' lang='lat' dir='ltr'>fulgenes,</span> <span class='ocrx_word' id='word_1_409' title='bbox 1387 3032 1437 3088; x_wconf 90' lang='lat' dir='ltr'><strong>sed</strong></span> <span class='ocrx_word' id='word_1_410' title='bbox 1453 3030 1590 3087; x_wconf 80' lang='lat' dir='ltr'>formast</span> <span class='ocrx_word' id='word_1_411' title='bbox 1604 3029 1715 3086; x_wconf 86' lang='lat' dir='ltr'>lumine</span> <span class='ocrx_word' id='word_1_412' title='bbox 1730 3045 1840 3086; x_wconf 88' lang='lat' dir='ltr'>rariora</span> 
     </span>
     <span class='ocr_line' id='line_1_40' title="bbox 131 3109 1839 3193; baseline -0.001 -19"><span class='ocrx_word' id='word_1_413' title='bbox 131 3119 280 3176; x_wconf 90' lang='lat' dir='ltr'>melmuch</span> <span class='ocrx_word' id='word_1_414' title='bbox 296 3119 455 3177; x_wconf 89' lang='lat' dir='ltr'>admirati</span> <span class='ocrx_word' id='word_1_415' title='bbox 447 3138 477 3176; x_wconf 88' lang='grc'><strong>88</strong></span> <span class='ocrx_word' id='word_1_416' title='bbox 497 3120 572 3177; x_wconf 91' lang='lat' dir='ltr'>bello</span> <span class='ocrx_word' id='word_1_417' title='bbox 596 3120 729 3179; x_wconf 85' lang='grc'><strong>88881188</strong></span> <span class='ocrx_word' id='word_1_418' title='bbox 709 3128 731 3179; x_wconf 92' lang='grc'><strong>88</strong></span> <span class='ocrx_word' id='word_1_419' title='bbox 754 3123 783 3179; x_wconf 90' lang='grc'><strong>88</strong></span> <span class='ocrx_word' id='word_1_420' title='bbox 809 3141 898 3179; x_wconf 91' lang='lat' dir='ltr'>unam</span> <span class='ocrx_word' id='word_1_421' title='bbox 923 3124 958 3180; x_wconf 93' lang='lat' dir='ltr'><strong>de</strong></span> <span class='ocrx_word' id='word_1_422' title='bbox 973 3109 994 3177; x_wconf 83' lang='lat' dir='ltr'>C</span> <span class='ocrx_word' id='word_1_423' title='bbox 1012 3119 1164 3178; x_wconf 88' lang='lat' dir='ltr'>mediocrit</span> <span class='ocrx_word' id='word_1_424' title='bbox 1152 3126 1197 3178; x_wconf 88' lang='lat' dir='ltr'><strong>ter</strong></span> <span class='ocrx_word' id='word_1_425' title='bbox 1211 3120 1333 3177; x_wconf 91' lang='lat' dir='ltr'>rutilant</span> <span class='ocrx_word' id='word_1_426' title='bbox 1322 3125 1376 3177; x_wconf 89' lang='lat' dir='ltr'>t.es</span> <span class='ocrx_word' id='word_1_427' title='bbox 1387 3121 1418 3176; x_wconf 93' lang='lat' dir='ltr'><strong>ln</strong></span> <span class='ocrx_word' id='word_1_428' title='bbox 1430 3136 1555 3193; x_wconf 92' lang='lat' dir='ltr'>quorum</span> <span class='ocrx_word' id='word_1_429' title='bbox 1571 3136 1641 3193; x_wconf 83' lang='grc'><strong>3188</strong></span> <span class='ocrx_word' id='word_1_430' title='bbox 1657 3117 1785 3177; x_wconf 82' lang='lat' dir='ltr'>circulus</span> <span class='ocrx_word' id='word_1_431' title='bbox 1794 3117 1839 3174; x_wconf 94' lang='lat' dir='ltr'><strong>ln</strong></span> 
     </span>
    </p>
   </div>
   <div class='ocr_carea' id='block_1_8' title="bbox 20 3191 1849 3287">
    <p class='ocr_par' dir='ltr' id='par_1_10' title="bbox 20 3191 1849 3287">
     <span class='ocr_line' id='line_1_41' title="bbox 20 3191 1849 3287; baseline 0.001 -23"><span class='ocrx_word' id='word_1_432' title='bbox 20 3272 22 3276; x_wconf 49' lang='grc'><strong>,</strong></span> <span class='ocrx_word' id='word_1_433' title='bbox 132 3207 255 3264; x_wconf 83' lang='grc'><strong>88811888</strong></span> <span class='ocrx_word' id='word_1_434' title='bbox 270 3210 482 3311; x_wconf 82' lang='lat' dir='ltr'>eorumjaotari</span> <span class='ocrx_word' id='word_1_435' title='bbox 495 3211 619 3278; x_wconf 89' lang='lat' dir='ltr'>fecisset,</span> <span class='ocrx_word' id='word_1_436' title='bbox 630 3217 698 3269; x_wconf 89' lang='grc'><strong>8888</strong></span> <span class='ocrx_word' id='word_1_437' title='bbox 686 3213 795 3269; x_wconf 87' lang='lat' dir='ltr'>turbati</span> <span class='ocrx_word' id='word_1_438' title='bbox 810 3212 958 3270; x_wconf 89' lang='lat' dir='ltr'>valdehoc</span> <span class='ocrx_word' id='word_1_439' title='bbox 1011 3228 1102 3284; x_wconf 87' lang='lat' dir='ltr'>super</span> <span class='ocrx_word' id='word_1_440' title='bbox 1124 3209 1260 3284; x_wconf 89' lang='lat' dir='ltr'>apparuit</span> <span class='ocrx_word' id='word_1_441' title='bbox 1282 3226 1360 3266; x_wconf 92' lang='lat' dir='ltr'>unus</span> <span class='ocrx_word' id='word_1_442' title='bbox 1375 3208 1528 3282; x_wconf 81' lang='lat' dir='ltr'>splendore</span> <span class='ocrx_word' id='word_1_443' title='bbox 1551 3207 1705 3274; x_wconf 86' lang='grc'><strong>88881888,</strong></span> <span class='ocrx_word' id='word_1_444' title='bbox 1722 3191 1849 3287; x_wconf 67' lang='lat' dir='ltr'><strong>exstantv</strong></span> 
     </span>
    </p>
   </div>
   <div class='ocr_carea' id='block_1_9' title="bbox 132 3296 1862 3828">
    <p class='ocr_par' dir='ltr' id='par_1_11' title="bbox 132 3296 1839 3462">
     <span class='ocr_line' id='line_1_42' title="bbox 132 3296 1839 3375; baseline -0.001 -21"><span class='ocrx_word' id='word_1_445' title='bbox 132 3302 290 3371; x_wconf 89' lang='lat' dir='ltr'>comperto,</span> <span class='ocrx_word' id='word_1_446' title='bbox 307 3301 336 3354; x_wconf 94' lang='lat' dir='ltr'><strong>et</strong></span> <span class='ocrx_word' id='word_1_447' title='bbox 351 3298 487 3368; x_wconf 85' lang='lat' dir='ltr'>exterriti,</span> <span class='ocrx_word' id='word_1_448' title='bbox 505 3300 769 3358; x_wconf 89' lang='lat' dir='ltr'>diutiusibistare</span> <span class='ocrx_word' id='word_1_449' title='bbox 788 3301 956 3360; x_wconf 87' lang='lat' dir='ltr'>noluerunt.</span> <span class='ocrx_word' id='word_1_450' title='bbox 1011 3298 1115 3373; x_wconf 84' lang='lat' dir='ltr'>ampli</span> <span class='ocrx_word' id='word_1_451' title='bbox 1103 3299 1239 3356; x_wconf 87' lang='lat' dir='ltr'>udrne</span> <span class='ocrx_word' id='word_1_452' title='bbox 1241 3315 1369 3372; x_wconf 87' lang='lat' dir='ltr'>anquam</span> <span class='ocrx_word' id='word_1_453' title='bbox 1394 3296 1502 3371; x_wconf 85' lang='lat' dir='ltr'>quaevis</span> <span class='ocrx_word' id='word_1_454' title='bbox 1525 3296 1734 3355; x_wconf 81' lang='lat' dir='ltr'>orviaalntra</span> <span class='ocrx_word' id='word_1_455' title='bbox 1752 3311 1839 3375; x_wconf 89' lang='lat' dir='ltr'>quem</span> 
     </span>
     <span class='ocr_line' id='line_1_43' title="bbox 132 3382 1840 3462; baseline -0.002 -19"><span class='ocrx_word' id='word_1_456' title='bbox 132 3387 188 3443; x_wconf 88' lang='lat' dir='ltr'><strong>Sed</strong></span> <span class='ocrx_word' id='word_1_457' title='bbox 204 3386 298 3458; x_wconf 86' lang='grc'><strong>388818</strong></span> <span class='ocrx_word' id='word_1_458' title='bbox 314 3388 813 3462; x_wconf 67' lang='grc'><strong>888188888888818888888181888</strong></span> <span class='ocrx_word' id='word_1_459' title='bbox 825 3398 958 3448; x_wconf 91' lang='lat' dir='ltr'>tuncau·</span> <span class='ocrx_word' id='word_1_460' title='bbox 1012 3388 1084 3445; x_wconf 86' lang='lat' dir='ltr'>alter</span> <span class='ocrx_word' id='word_1_461' title='bbox 1098 3388 1227 3444; x_wconf 87' lang='lat' dir='ltr'>circulus</span> <span class='ocrx_word' id='word_1_462' title='bbox 1242 3387 1370 3444; x_wconf 86' lang='lat' dir='ltr'>clarebat</span> <span class='ocrx_word' id='word_1_463' title='bbox 1385 3385 1553 3455; x_wconf 89' lang='lat' dir='ltr'>dimidius,&#39;</span> <span class='ocrx_word' id='word_1_464' title='bbox 1546 3385 1598 3442; x_wconf 85' lang='lat' dir='ltr'>iris</span> <span class='ocrx_word' id='word_1_465' title='bbox 1608 3384 1720 3442; x_wconf 88' lang='lat' dir='ltr'>hahens</span> <span class='ocrx_word' id='word_1_466' title='bbox 1733 3382 1840 3442; x_wconf 87' lang='lat' dir='ltr'>simili·</span> 
     </span>
    </p>

    <p class='ocr_par' dir='ltr' id='par_1_12' title="bbox 132 3473 1862 3820">
     <span class='ocr_line' id='line_1_44' title="bbox 133 3473 1841 3557; baseline 0.001 -27.017"><span class='ocrx_word' id='word_1_467' title='bbox 133 3474 330 3542; x_wconf 87' lang='grc'><strong>8811888</strong></span> <span class='ocrx_word' id='word_1_468' title='bbox 323 3493 352 3530; x_wconf 91' lang='grc'><strong>88</strong></span> <span class='ocrx_word' id='word_1_469' title='bbox 378 3480 479 3546; x_wconf 88' lang='lat' dir='ltr'>portus</span> <span class='ocrx_word' id='word_1_470' title='bbox 495 3477 561 3550; x_wconf 85' lang='lat' dir='ltr'>TJrr</span> <span class='ocrx_word' id='word_1_471' title='bbox 578 3483 606 3533; x_wconf 90' lang='lat' dir='ltr'><strong>et</strong></span> <span class='ocrx_word' id='word_1_472' title='bbox 621 3478 738 3534; x_wconf 78' lang='lat' dir='ltr'>Sidonis</span> <span class='ocrx_word' id='word_1_473' title='bbox 762 3486 956 3537; x_wconf 88' lang='lat' dir='ltr'>secesserunt.</span> <span class='ocrx_word' id='word_1_474' title='bbox 1011 3477 1155 3544; x_wconf 90' lang='lat' dir='ltr'>tudinem,</span> <span class='ocrx_word' id='word_1_475' title='bbox 1173 3475 1529 3550; x_wconf 82' lang='grc'><strong>888888181888888888888</strong></span> <span class='ocrx_word' id='word_1_476' title='bbox 1548 3473 1652 3544; x_wconf 90' lang='lat' dir='ltr'>colore,</span> <span class='ocrx_word' id='word_1_477' title='bbox 1670 3475 1841 3557; x_wconf 84' lang='grc'><strong>8888188818</strong></span> 
     </span>
     <span class='ocr_line' id='line_1_45' title="bbox 133 3547 1840 3640; baseline 0.001 -22"><span class='ocrx_word' id='word_1_478' title='bbox 133 3566 199 3630; x_wconf 74' lang='lat' dir='ltr'>Quae</span> <span class='ocrx_word' id='word_1_479' title='bbox 215 3562 318 3619; x_wconf 88' lang='lat' dir='ltr'>classis</span> <span class='ocrx_word' id='word_1_480' title='bbox 332 3579 399 3618; x_wconf 90' lang='lat' dir='ltr'><strong>cum</strong></span> <span class='ocrx_word' id='word_1_481' title='bbox 423 3565 528 3620; x_wconf 90' lang='lat' dir='ltr'>deinde</span> <span class='ocrx_word' id='word_1_482' title='bbox 543 3565 730 3638; x_wconf 88' lang='lat' dir='ltr'>Daleoniam</span> <span class='ocrx_word' id='word_1_483' title='bbox 756 3572 955 3640; x_wconf 85' lang='lat' dir='ltr'>reverteretur,</span> <span class='ocrx_word' id='word_1_484' title='bbox 1011 3566 1160 3640; x_wconf 89' lang='lat' dir='ltr'>superiore</span> <span class='ocrx_word' id='word_1_485' title='bbox 1173 3566 1243 3623; x_wconf 87' lang='lat' dir='ltr'>solis</span> <span class='ocrx_word' id='word_1_486' title='bbox 1255 3566 1435 3638; x_wconf 85' lang='lat' dir='ltr'>amplexione</span> <span class='ocrx_word' id='word_1_487' title='bbox 1444 3569 1563 3621; x_wconf 88' lang='lat' dir='ltr'>arcuata</span> <span class='ocrx_word' id='word_1_488' title='bbox 1574 3580 1668 3636; x_wconf 90' lang='lat' dir='ltr'>usque</span> <span class='ocrx_word' id='word_1_489' title='bbox 1679 3547 1753 3619; x_wconf 89' lang='lat' dir='ltr'>duos</span> <span class='ocrx_word' id='word_1_490' title='bbox 1764 3547 1840 3620; x_wconf 84' lang='grc'><strong>881818</strong></span> 
     </span>
     <span class='ocr_line' id='line_1_46' title="bbox 133 3637 1862 3731; baseline 0.001 -24"><span class='ocrx_word' id='word_1_491' title='bbox 133 3650 236 3724; x_wconf 87' lang='lat' dir='ltr'>spiritu</span> <span class='ocrx_word' id='word_1_492' title='bbox 251 3650 393 3724; x_wconf 71' lang='lat' dir='ltr'>procellae,</span> <span class='ocrx_word' id='word_1_493' title='bbox 404 3651 454 3707; x_wconf 93' lang='lat' dir='ltr'><strong>Dei</strong></span> <span class='ocrx_word' id='word_1_494' title='bbox 466 3654 560 3725; x_wconf 86' lang='lat' dir='ltr'>gratia</span> <span class='ocrx_word' id='word_1_495' title='bbox 575 3654 660 3711; x_wconf 88' lang='lat' dir='ltr'>nobis</span> <span class='ocrx_word' id='word_1_496' title='bbox 675 3657 747 3712; x_wconf 88' lang='lat' dir='ltr'>satis</span> <span class='ocrx_word' id='word_1_497' title='bbox 763 3656 858 3713; x_wconf 88' lang='lat' dir='ltr'>favent</span> <span class='ocrx_word' id='word_1_498' title='bbox 847 3661 884 3722; x_wconf 88' lang='lat' dir='ltr'><strong>te,</strong></span> <span class='ocrx_word' id='word_1_499' title='bbox 895 3675 959 3730; x_wconf 79' lang='lat' dir='ltr'>por-</span> <span class='ocrx_word' id='word_1_500' title='bbox 1007 3657 1071 3730; x_wconf 88' lang='lat' dir='ltr'><strong>jam</strong></span> <span class='ocrx_word' id='word_1_501' title='bbox 1087 3656 1147 3712; x_wconf 90' lang='lat' dir='ltr'>dict</span> <span class='ocrx_word' id='word_1_502' title='bbox 1136 3659 1180 3712; x_wconf 91' lang='grc'><strong>888</strong></span> <span class='ocrx_word' id='word_1_503' title='bbox 1196 3654 1352 3729; x_wconf 84' lang='grc'><strong>811183888.</strong></span> <span class='ocrx_word' id='word_1_504' title='bbox 1371 3655 1480 3728; x_wconf 79' lang='lat' dir='ltr'>Deinde</span> <span class='ocrx_word' id='word_1_505' title='bbox 1495 3652 1627 3728; x_wconf 80' lang='lat' dir='ltr'>sequenti</span> <span class='ocrx_word' id='word_1_506' title='bbox 1645 3668 1756 3731; x_wconf 87' lang='lat' dir='ltr'>mense.</span> <span class='ocrx_word' id='word_1_507' title='bbox 1768 3637 1840 3729; x_wconf 85' lang='lat' dir='ltr'>bora</span> <span class='ocrx_word' id='word_1_508' title='bbox 1859 3720 1862 3725; x_wconf 49' lang='grc'><strong>,</strong></span> 
     </span>
     <span class='ocr_line' id='line_1_47' title="bbox 132 3741 1699 3828; baseline 0.001 -33"><span class='ocrx_word' id='word_1_509' title='bbox 132 3741 211 3796; x_wconf 89' lang='lat' dir='ltr'>tibus</span> <span class='ocrx_word' id='word_1_510' title='bbox 227 3741 335 3796; x_wconf 88' lang='lat' dir='ltr'>nostris</span> <span class='ocrx_word' id='word_1_511' title='bbox 350 3741 475 3813; x_wconf 88' lang='lat' dir='ltr'>sparsim</span> <span class='ocrx_word' id='word_1_512' title='bbox 491 3743 643 3816; x_wconf 83' lang='lat' dir='ltr'>naufragio</span> <span class='ocrx_word' id='word_1_513' title='bbox 659 3744 817 3801; x_wconf 87' lang='lat' dir='ltr'>miserabili</span> <span class='ocrx_word' id='word_1_514' title='bbox 833 3747 957 3803; x_wconf 70' lang='lat' dir='ltr'>advectas</span> <span class='ocrx_word' id='word_1_515' title='bbox 1011 3744 1106 3801; x_wconf 89' lang='lat' dir='ltr'>noctis</span> <span class='ocrx_word' id='word_1_516' title='bbox 1122 3746 1224 3801; x_wconf 78' lang='lat' dir='ltr'>modias</span> <span class='ocrx_word' id='word_1_517' title='bbox 1240 3744 1328 3801; x_wconf 83' lang='grc'><strong>8181188</strong></span> <span class='ocrx_word' id='word_1_518' title='bbox 1343 3743 1406 3800; x_wconf 85' lang='lat' dir='ltr'>coeli</span> <span class='ocrx_word' id='word_1_519' title='bbox 1422 3743 1522 3828; x_wconf 90' lang='lat' dir='ltr'>pluere</span> <span class='ocrx_word' id='word_1_520' title='bbox 1535 3742 1604 3799; x_wconf 78' lang='lat' dir='ltr'>vise</span> <span class='ocrx_word' id='word_1_521' title='bbox 1620 3745 1699 3820; x_wconf 85' lang='lat' dir='ltr'>suut.</span> 
     </span>
    </p>
   </div>
   <div class='ocr_carea' id='block_1_10' title="bbox 132 3829 959 4171">
    <p class='ocr_par' dir='ltr' id='par_1_13' title="bbox 132 3829 959 4171">
     <span class='ocr_line' id='line_1_48' title="bbox 132 3829 957 3906; baseline 0.006 -20"><span class='ocrx_word' id='word_1_522' title='bbox 132 3833 210 3886; x_wconf 88' lang='lat' dir='ltr'>sunt.</span> <span class='ocrx_word' id='word_1_523' title='bbox 226 3829 266 3884; x_wconf 90' lang='lat' dir='ltr'>Dc</span> <span class='ocrx_word' id='word_1_524' title='bbox 281 3829 389 3901; x_wconf 90' lang='lat' dir='ltr'>quibus</span> <span class='ocrx_word' id='word_1_525' title='bbox 401 3831 436 3885; x_wconf 80' lang='lat'><strong>25</strong></span> <span class='ocrx_word' id='word_1_526' title='bbox 452 3847 539 3886; x_wconf 90' lang='lat' dir='ltr'>naves</span> <span class='ocrx_word' id='word_1_527' title='bbox 555 3832 721 3888; x_wconf 86' lang='lat' dir='ltr'>Sarraccnis</span> <span class='ocrx_word' id='word_1_528' title='bbox 738 3833 839 3906; x_wconf 88' lang='lat' dir='ltr'>plenas</span> <span class='ocrx_word' id='word_1_529' title='bbox 854 3834 957 3891; x_wconf 92' lang='lat' dir='ltr'>habui·</span> 
     </span>
     <span class='ocr_line' id='line_1_49' title="bbox 133 3917 959 3998; baseline 0.007 -24"><span class='ocrx_word' id='word_1_530' title='bbox 133 3935 215 3975; x_wconf 89' lang='lat' dir='ltr'>mus·</span> <span class='ocrx_word' id='word_1_531' title='bbox 210 3917 343 3991; x_wconf 80' lang='lat' dir='ltr'>,reliqum</span> <span class='ocrx_word' id='word_1_532' title='bbox 358 3936 424 3975; x_wconf 89' lang='lat' dir='ltr'>vero</span> <span class='ocrx_word' id='word_1_533' title='bbox 440 3919 655 3977; x_wconf 81' lang='lat' dir='ltr'>velificantes</span> <span class='ocrx_word' id='word_1_534' title='bbox 629 3939 677 3977; x_wconf 83' lang='lat' dir='ltr'><strong>vix</strong></span> <span class='ocrx_word' id='word_1_535' title='bbox 691 3928 855 3979; x_wconf 88' lang='lat' dir='ltr'>evaserunt.</span> <span class='ocrx_word' id='word_1_536' title='bbox 867 3924 959 3998; x_wconf 81' lang='lat' dir='ltr'>Igitur</span> 
     </span>
     <span class='ocr_line' id='line_1_50' title="bbox 132 4006 957 4079; baseline 0.008 -16"><span class='ocrx_word' id='word_1_537' title='bbox 132 4006 217 4063; x_wconf 90' lang='lat' dir='ltr'>uobis</span> <span class='ocrx_word' id='word_1_538' title='bbox 234 4007 377 4063; x_wconf 87' lang='lat' dir='ltr'>Dominus</span> <span class='ocrx_word' id='word_1_539' title='bbox 392 4008 534 4079; x_wconf 86' lang='lat' dir='ltr'>adjutor&#39;</span> <span class='ocrx_word' id='word_1_540' title='bbox 527 4025 556 4064; x_wconf 85' lang='lat' dir='ltr'><strong>in</strong></span> <span class='ocrx_word' id='word_1_541' title='bbox 579 4009 816 4067; x_wconf 85' lang='lat' dir='ltr'>rtibulaticnibus</span> <span class='ocrx_word' id='word_1_542' title='bbox 830 4013 957 4070; x_wconf 83' lang='lat' dir='ltr'>existens</span> 
     </span>
     <span class='ocr_line' id='line_1_51' title="bbox 132 4095 845 4171; baseline 0.009 -20"><span class='ocrx_word' id='word_1_543' title='bbox 132 4095 208 4168; x_wconf 91' lang='lat' dir='ltr'>pius,</span> <span class='ocrx_word' id='word_1_544' title='bbox 225 4095 267 4152; x_wconf 89' lang='lat' dir='ltr'><strong>sic</strong></span> <span class='ocrx_word' id='word_1_545' title='bbox 281 4096 477 4153; x_wconf 84' lang='lat' dir='ltr'>manifestavit</span> <span class='ocrx_word' id='word_1_546' title='bbox 466 4098 682 4171; x_wconf 89' lang='lat' dir='ltr'>tomnipotent</span> <span class='ocrx_word' id='word_1_547' title='bbox 675 4117 733 4155; x_wconf 86' lang='lat' dir='ltr'><strong>iam</strong></span> <span class='ocrx_word' id='word_1_548' title='bbox 749 4118 845 4157; x_wconf 91' lang='lat' dir='ltr'>suam.</span> 
     </span>
    </p>
   </div>
   <div class='ocr_carea' id='block_1_11' title="bbox 130 4190 877 4687">
    <p class='ocr_par' dir='ltr' id='par_1_14' title="bbox 131 4190 721 4257">
     <span class='ocr_line' id='line_1_52' title="bbox 131 4190 721 4257; baseline 0.003 -13"><span class='ocrx_word' id='word_1_549' title='bbox 131 4190 200 4257; x_wconf 80' lang='lat' dir='ltr'>Ergo</span> <span class='ocrx_word' id='word_1_550' title='bbox 215 4192 285 4242; x_wconf 88' lang='lat' dir='ltr'>diem</span> <span class='ocrx_word' id='word_1_551' title='bbox 295 4192 355 4243; x_wconf 91' lang='lat' dir='ltr'>belli</span> <span class='ocrx_word' id='word_1_552' title='bbox 370 4194 473 4245; x_wconf 87' lang='lat' dir='ltr'>eunctis</span> <span class='ocrx_word' id='word_1_553' title='bbox 487 4195 549 4245; x_wconf 87' lang='lat' dir='ltr'>volo</span> <span class='ocrx_word' id='word_1_554' title='bbox 565 4195 721 4246; x_wconf 83' lang='lat' dir='ltr'>certificare.</span> 
     </span>
    </p>

    <p class='ocr_par' dir='ltr' id='par_1_15' title="bbox 130 4264 771 4331">
     <span class='ocr_line' id='line_1_53' title="bbox 130 4264 771 4331; baseline 0.002 -15"><span class='ocrx_word' id='word_1_555' title='bbox 130 4265 191 4316; x_wconf 86' lang='lat' dir='ltr'><strong>tam</strong></span> <span class='ocrx_word' id='word_1_556' title='bbox 205 4264 294 4314; x_wconf 86' lang='lat' dir='ltr'>decies</span> <span class='ocrx_word' id='word_1_557' title='bbox 308 4268 366 4315; x_wconf 91' lang='lat' dir='ltr'>orto</span> <span class='ocrx_word' id='word_1_558' title='bbox 381 4264 480 4316; x_wconf 80' lang='lat' dir='ltr'>Phoebo</span> <span class='ocrx_word' id='word_1_559' title='bbox 496 4267 545 4316; x_wconf 88' lang='lat' dir='ltr'><strong>sub</strong></span> <span class='ocrx_word' id='word_1_560' title='bbox 560 4267 675 4331; x_wconf 85' lang='lat' dir='ltr'>Virginis</span> <span class='ocrx_word' id='word_1_561' title='bbox 690 4272 771 4328; x_wconf 84' lang='lat' dir='ltr'>astro,</span> 
     </span>
    </p>

    <p class='ocr_par' dir='ltr' id='par_1_16' title="bbox 131 4335 762 4401">
     <span class='ocr_line' id='line_1_54' title="bbox 131 4335 762 4401; baseline 0.008 -17"><span class='ocrx_word' id='word_1_562' title='bbox 131 4335 197 4384; x_wconf 91' lang='lat' dir='ltr'>Cum</span> <span class='ocrx_word' id='word_1_563' title='bbox 212 4335 297 4385; x_wconf 88' lang='lat' dir='ltr'>solida</span> <span class='ocrx_word' id='word_1_564' title='bbox 311 4339 395 4386; x_wconf 88' lang='lat' dir='ltr'>terras</span> <span class='ocrx_word' id='word_1_565' title='bbox 409 4341 542 4399; x_wconf 86' lang='lat' dir='ltr'>spectaret</span> <span class='ocrx_word' id='word_1_566' title='bbox 556 4338 671 4401; x_wconf 80' lang='lat' dir='ltr'>imagine</span> <span class='ocrx_word' id='word_1_567' title='bbox 686 4339 762 4396; x_wconf 82' lang='lat' dir='ltr'>luna,</span> 
     </span>
    </p>

    <p class='ocr_par' dir='ltr' id='par_1_17' title="bbox 131 4405 869 4687">
     <span class='ocr_line' id='line_1_55' title="bbox 132 4405 814 4474; baseline 0.007 -20"><span class='ocrx_word' id='word_1_568' title='bbox 132 4405 212 4455; x_wconf 85' lang='lat' dir='ltr'>Sexta</span> <span class='ocrx_word' id='word_1_569' title='bbox 227 4405 405 4456; x_wconf 86' lang='lat' dir='ltr'>Kalendarum</span> <span class='ocrx_word' id='word_1_570' title='bbox 420 4407 582 4470; x_wconf 82' lang='lat' dir='ltr'>Septembris</span> <span class='ocrx_word' id='word_1_571' title='bbox 596 4423 655 4458; x_wconf 81' lang='lat' dir='ltr'>euru</span> <span class='ocrx_word' id='word_1_572' title='bbox 672 4409 814 4474; x_wconf 86' lang='lat' dir='ltr'>legeretur,</span> 
     </span>
     <span class='ocr_line' id='line_1_56' title="bbox 134 4477 859 4544; baseline 0.01 -20"><span class='ocrx_word' id='word_1_573' title='bbox 134 4477 235 4526; x_wconf 78' lang='lat' dir='ltr'>Annuit</span> <span class='ocrx_word' id='word_1_574' title='bbox 249 4477 424 4541; x_wconf 86' lang='lat' dir='ltr'>Omnipotens</span> <span class='ocrx_word' id='word_1_575' title='bbox 438 4479 555 4528; x_wconf 79' lang='lat' dir='ltr'>Francos</span> <span class='ocrx_word' id='word_1_576' title='bbox 569 4479 686 4540; x_wconf 81' lang='lat' dir='ltr'>gaudere</span> <span class='ocrx_word' id='word_1_577' title='bbox 700 4479 837 4544; x_wconf 89' lang='lat' dir='ltr'>triumpho</span> <span class='ocrx_word' id='word_1_578' title='bbox 854 4499 859 4532; x_wconf 96' lang='lat'><strong>:</strong></span> 
     </span>
     <span class='ocr_line' id='line_1_57' title="bbox 131 4546 848 4616; baseline 0.01 -21"><span class='ocrx_word' id='word_1_579' title='bbox 131 4547 197 4596; x_wconf 84' lang='lat' dir='ltr'>Cum</span> <span class='ocrx_word' id='word_1_580' title='bbox 214 4546 322 4612; x_wconf 85' lang='lat' dir='ltr'>tugiunt</span> <span class='ocrx_word' id='word_1_581' title='bbox 335 4549 444 4608; x_wconf 76' lang='lat' dir='ltr'>Arabes,</span> <span class='ocrx_word' id='word_1_582' title='bbox 459 4550 536 4599; x_wconf 79' lang='lat' dir='ltr'>Tucci</span> <span class='ocrx_word' id='word_1_583' title='bbox 549 4550 636 4610; x_wconf 87' lang='lat' dir='ltr'>simul,</span> <span class='ocrx_word' id='word_1_584' title='bbox 651 4550 848 4616; x_wconf 80' lang='lat' dir='ltr'>AEthiopesque,</span> 
     </span>
     <span class='ocr_line' id='line_1_58' title="bbox 131 4618 877 4687; baseline 0.008 -20"><span class='ocrx_word' id='word_1_585' title='bbox 131 4618 194 4668; x_wconf 87' lang='lat' dir='ltr'>Pars</span> <span class='ocrx_word' id='word_1_586' title='bbox 208 4622 335 4669; x_wconf 76' lang='lat' dir='ltr'>moutam</span> <span class='ocrx_word' id='word_1_587' title='bbox 349 4619 423 4681; x_wconf 88' lang='lat' dir='ltr'>petit,</span> <span class='ocrx_word' id='word_1_588' title='bbox 439 4623 561 4671; x_wconf 86' lang='lat' dir='ltr'>remanet</span> <span class='ocrx_word' id='word_1_589' title='bbox 570 4635 633 4684; x_wconf 87' lang='lat' dir='ltr'>pars</span> <span class='ocrx_word' id='word_1_590' title='bbox 647 4625 754 4672; x_wconf 88' lang='lat' dir='ltr'>mortua</span> <span class='ocrx_word' id='word_1_591' title='bbox 767 4624 877 4687; x_wconf 88' lang='lat' dir='ltr'>eampis</span> 
     </span>
    </p>
   </div>
   <div class='ocr_carea' id='block_1_12' title="bbox 168 4717 958 4973">
    <p class='ocr_par' dir='ltr' id='par_1_18' title="bbox 168 4717 958 4973">
     <span class='ocr_line' id='line_1_59' title="bbox 425 4717 665 4775; baseline 0.004 -2"><span class='ocrx_word' id='word_1_592' title='bbox 425 4717 541 4774; x_wconf 79' lang='lat' dir='ltr'>CAPUT</span> <span class='ocrx_word' id='word_1_593' title='bbox 559 4718 665 4775; x_wconf 85' lang='lat' dir='ltr'>xxxlt.</span> 
     </span>
     <span class='ocr_line' id='line_1_60' title="bbox 432 4811 654 4871; baseline 0.014 -10"><span class='ocrx_word' id='word_1_594' title='bbox 432 4811 475 4863; x_wconf 86' lang='lat' dir='ltr'><strong>De</strong></span> <span class='ocrx_word' id='word_1_595' title='bbox 489 4815 654 4871; x_wconf 77' lang='grc'><strong>1888888818.</strong></span> 
     </span>
     <span class='ocr_line' id='line_1_61' title="bbox 168 4893 958 4973; baseline 0.009 -24"><span class='ocrx_word' id='word_1_596' title='bbox 168 4893 310 4959; x_wconf 89' lang='lat' dir='ltr'>Quoniam</span> <span class='ocrx_word' id='word_1_597' title='bbox 326 4895 445 4967; x_wconf 92' lang='lat' dir='ltr'>quidem</span> <span class='ocrx_word' id='word_1_598' title='bbox 462 4912 498 4951; x_wconf 92' lang='lat' dir='ltr'><strong>na</strong></span> <span class='ocrx_word' id='word_1_599' title='bbox 512 4895 556 4951; x_wconf 91' lang='lat' dir='ltr'><strong>vel</strong></span> <span class='ocrx_word' id='word_1_600' title='bbox 579 4897 755 4969; x_wconf 88' lang='lat' dir='ltr'>scriptorum</span> <span class='ocrx_word' id='word_1_601' title='bbox 781 4898 958 4973; x_wconf 84' lang='lat' dir='ltr'>negligentia</span> 
     </span>
    </p>
   </div>
   <div class='ocr_carea' id='block_1_13' title="bbox 49 4981 957 5056">
    <p class='ocr_par' dir='ltr' id='par_1_19' title="bbox 49 4981 957 5056">
     <span class='ocr_line' id='line_1_62' title="bbox 49 4981 957 5056; baseline 0.011 -20"><span class='ocrx_word' id='word_1_602' title='bbox 49 5006 52 5012; x_wconf 95' lang='lat'>·</span> <span class='ocrx_word' id='word_1_603' title='bbox 131 4981 957 5056; x_wconf 78' lang='grc'><strong>8818888888881888888888888188811188,8818888</strong></span> 
     </span>
    </p>
   </div>
   <div class='ocr_carea' id='block_1_14' title="bbox 1011 3849 1863 4287">
    <p class='ocr_par' dir='ltr' id='par_1_20' title="bbox 1011 3849 1863 4287">
     <span class='ocr_line' id='line_1_63' title="bbox 1301 3849 1550 3909; baseline -0.013 -3"><span class='ocrx_word' id='word_1_604' title='bbox 1301 3851 1414 3909; x_wconf 66' lang='lat' dir='ltr'>FAPUT</span> <span class='ocrx_word' id='word_1_605' title='bbox 1432 3849 1550 3906; x_wconf 89' lang='lat' dir='ltr'>XlilltV.</span> 
     </span>
     <span class='ocr_line' id='line_1_64' title="bbox 1074 3935 1777 4015; baseline -0.006 -18"><span class='ocrx_word' id='word_1_606' title='bbox 1074 3945 1113 3997; x_wconf 85' lang='lat' dir='ltr'><strong>De</strong></span> <span class='ocrx_word' id='word_1_607' title='bbox 1109 3940 1225 4015; x_wconf 68' lang='lat' dir='ltr'>pretio</span> <span class='ocrx_word' id='word_1_608' title='bbox 1240 3940 1330 3996; x_wconf 68' lang='lat' dir='ltr'>aare</span> <span class='ocrx_word' id='word_1_609' title='bbox 1296 3949 1330 3996; x_wconf 81' lang='grc'><strong>881</strong></span> <span class='ocrx_word' id='word_1_610' title='bbox 1333 3940 1412 3995; x_wconf 84' lang='lat' dir='ltr'>tonor</span> <span class='ocrx_word' id='word_1_611' title='bbox 1415 3957 1460 3994; x_wconf 82' lang='lat' dir='ltr'><strong>arn</strong></span> <span class='ocrx_word' id='word_1_612' title='bbox 1473 3935 1568 3995; x_wconf 85' lang='lat' dir='ltr'>eontra</span> <span class='ocrx_word' id='word_1_613' title='bbox 1585 3942 1777 4011; x_wconf 77' lang='grc'><strong>0888888888</strong></span> 
     </span>
     <span class='ocr_line' id='line_1_65' title="bbox 1048 4001 1863 4109; baseline -0.002 -25"><span class='ocrx_word' id='word_1_614' title='bbox 1048 4011 1236 4086; x_wconf 89' lang='lat' dir='ltr'>Postmodum</span> <span class='ocrx_word' id='word_1_615' title='bbox 1257 4045 1323 4085; x_wconf 91' lang='lat' dir='ltr'>vero</span> <span class='ocrx_word' id='word_1_616' title='bbox 1349 4029 1441 4101; x_wconf 86' lang='grc'><strong>11838,</strong></span> <span class='ocrx_word' id='word_1_617' title='bbox 1459 4027 1509 4099; x_wconf 93' lang='lat' dir='ltr'><strong>qui</strong></span> <span class='ocrx_word' id='word_1_618' title='bbox 1533 4011 1724 4083; x_wconf 80' lang='lat' dir='ltr'>Tiberiadem</span> <span class='ocrx_word' id='word_1_619' title='bbox 1731 4001 1863 4109; x_wconf 48' lang='grc' dir='ltr'><strong>1188188188,ΙἸ</strong></span> 
     </span>
     <span class='ocr_line' id='line_1_66' title="bbox 1011 4113 1861 4195; baseline -0.006 -20"><span class='ocrx_word' id='word_1_620' title='bbox 1011 4122 1082 4175; x_wconf 87' lang='grc'><strong>1888</strong></span> <span class='ocrx_word' id='word_1_621' title='bbox 1097 4117 1276 4191; x_wconf 88' lang='lat' dir='ltr'>possidebat,</span> <span class='ocrx_word' id='word_1_622' title='bbox 1291 4116 1389 4174; x_wconf 79' lang='lat' dir='ltr'>estivo</span> <span class='ocrx_word' id='word_1_623' title='bbox 1403 4120 1533 4189; x_wconf 89' lang='lat' dir='ltr'>tempore</span> <span class='ocrx_word' id='word_1_624' title='bbox 1549 4116 1688 4173; x_wconf 87' lang='lat' dir='ltr'>adversus</span> <span class='ocrx_word' id='word_1_625' title='bbox 1703 4113 1861 4195; x_wconf 82' lang='grc'><strong>8811181888,</strong></span> 
     </span>
     <span class='ocr_line' id='line_1_67' title="bbox 1011 4188 1860 4287; baseline -0.005 -23"><span class='ocrx_word' id='word_1_626' title='bbox 1011 4207 1222 4264; x_wconf 87' lang='lat' dir='ltr'>Damaseeuam</span> <span class='ocrx_word' id='word_1_627' title='bbox 1246 4205 1373 4263; x_wconf 87' lang='lat' dir='ltr'>bellavit.</span> <span class='ocrx_word' id='word_1_628' title='bbox 1390 4204 1443 4272; x_wconf 88' lang='lat' dir='ltr'><strong>Qui</strong></span> <span class='ocrx_word' id='word_1_629' title='bbox 1459 4222 1527 4261; x_wconf 90' lang='lat' dir='ltr'><strong>cum</strong></span> <span class='ocrx_word' id='word_1_630' title='bbox 1543 4203 1616 4262; x_wconf 90' lang='lat' dir='ltr'><strong>bis</strong></span> <span class='ocrx_word' id='word_1_631' title='bbox 1609 4203 1718 4287; x_wconf 78' lang='lat' dir='ltr'>inipso</span> <span class='ocrx_word' id='word_1_632' title='bbox 1736 4188 1860 4287; x_wconf 60' lang='grc' dir='ltr'><strong>11888118Η</strong></span> 
     </span>
    </p>
   </div>
   <div class='ocr_carea' id='block_1_15' title="bbox 1006 4287 1864 4380">
    <p class='ocr_par' dir='ltr' id='par_1_21' title="bbox 1006 4287 1864 4380">
     <span class='ocr_line' id='line_1_68' title="bbox 1006 4287 1864 4380; baseline 0.003 -29"><span class='ocrx_word' id='word_1_633' title='bbox 1006 4296 1069 4368; x_wconf 90' lang='lat' dir='ltr'><strong>jam</strong></span> <span class='ocrx_word' id='word_1_634' title='bbox 1086 4296 1122 4352; x_wconf 90' lang='lat' dir='ltr'><strong>ab</strong></span> <span class='ocrx_word' id='word_1_635' title='bbox 1137 4298 1179 4352; x_wconf 91' lang='lat' dir='ltr'><strong>eis</strong></span> <span class='ocrx_word' id='word_1_636' title='bbox 1195 4294 1360 4368; x_wconf 87' lang='lat' dir='ltr'>repulsatus</span> <span class='ocrx_word' id='word_1_637' title='bbox 1370 4297 1456 4364; x_wconf 90' lang='lat' dir='ltr'>esset,</span> <span class='ocrx_word' id='word_1_638' title='bbox 1465 4292 1550 4351; x_wconf 90' lang='lat' dir='ltr'>tertio</span> <span class='ocrx_word' id='word_1_639' title='bbox 1565 4287 1633 4380; x_wconf 88' lang='lat' dir='ltr'>belli</span> <span class='ocrx_word' id='word_1_640' title='bbox 1649 4308 1772 4359; x_wconf 87' lang='lat' dir='ltr'>recursu</span> <span class='ocrx_word' id='word_1_641' title='bbox 1786 4294 1840 4373; x_wconf 79' lang='lat' dir='ltr'>Da·</span> <span class='ocrx_word' id='word_1_642' title='bbox 1838 4363 1864 4374; x_wconf 33' lang='grc' dir='ltr'><strong>,ι</strong></span> 
     </span>
    </p>
   </div>
   <div class='ocr_carea' id='block_1_16' title="bbox 1010 4364 1841 4480">
    <p class='ocr_par' dir='ltr' id='par_1_22' title="bbox 1010 4364 1841 4480">
     <span class='ocr_line' id='line_1_69' title="bbox 1010 4364 1841 4480; baseline 0 -39"><span class='ocrx_word' id='word_1_643' title='bbox 1010 4385 1091 4441; x_wconf 90' lang='lat' dir='ltr'>mino</span> <span class='ocrx_word' id='word_1_644' title='bbox 1106 4385 1284 4458; x_wconf 87' lang='lat' dir='ltr'>suflragante</span> <span class='ocrx_word' id='word_1_645' title='bbox 1307 4383 1399 4480; x_wconf 77' lang='grc'><strong>8188118</strong></span> <span class='ocrx_word' id='word_1_646' title='bbox 1422 4383 1513 4444; x_wconf 88' lang='lat' dir='ltr'>victos</span> <span class='ocrx_word' id='word_1_647' title='bbox 1538 4399 1587 4441; x_wconf 88' lang='grc'><strong>888</strong></span> <span class='ocrx_word' id='word_1_648' title='bbox 1603 4381 1761 4455; x_wconf 81' lang='lat' dir='ltr'>superavit.</span> <span class='ocrx_word' id='word_1_649' title='bbox 1779 4364 1841 4455; x_wconf 88' lang='lat' dir='ltr'><strong>Du·</strong></span> 
     </span>
    </p>
   </div>
   <div class='ocr_carea' id='block_1_17' title="bbox 972 4439 1862 4556">
    <p class='ocr_par' dir='ltr' id='par_1_23' title="bbox 972 4439 1862 4556">
     <span class='ocr_line' id='line_1_70' title="bbox 972 4439 1862 4556; baseline -0.001 -27"><span class='ocrx_word' id='word_1_650' title='bbox 972 4481 996 4546; x_wconf 78' lang='grc'><strong>1)</strong></span> <span class='ocrx_word' id='word_1_651' title='bbox 1012 4479 1111 4531; x_wconf 87' lang='grc'><strong>888888</strong></span> <span class='ocrx_word' id='word_1_652' title='bbox 1127 4473 1273 4547; x_wconf 86' lang='lat' dir='ltr'>siquidem</span> <span class='ocrx_word' id='word_1_653' title='bbox 1288 4490 1324 4529; x_wconf 85' lang='grc'><strong>88</strong></span> <span class='ocrx_word' id='word_1_654' title='bbox 1338 4461 1529 4542; x_wconf 81' lang='grc'><strong>818188818188</strong></span> <span class='ocrx_word' id='word_1_655' title='bbox 1518 4471 1699 4556; x_wconf 87' lang='lat' dir='ltr'>totidemque</span> <span class='ocrx_word' id='word_1_656' title='bbox 1709 4471 1745 4528; x_wconf 87' lang='lat' dir='ltr'><strong>de</strong></span> <span class='ocrx_word' id='word_1_657' title='bbox 1755 4439 1862 4547; x_wconf 41' lang='lat' dir='ltr'><strong>equit,¹</strong></span> 
     </span>
    </p>
   </div>
   <div class='ocr_carea' id='block_1_18' title="bbox 1010 4558 1861 4927">
    <p class='ocr_par' dir='ltr' id='par_1_24' title="bbox 1010 4558 1861 4906">
     <span class='ocr_line' id='line_1_71' title="bbox 1011 4558 1844 4661; baseline -0.006 -41"><span class='ocrx_word' id='word_1_658' title='bbox 1011 4580 1112 4620; x_wconf 88' lang='lat' dir='ltr'>aarum</span> <span class='ocrx_word' id='word_1_659' title='bbox 1128 4562 1268 4620; x_wconf 88' lang='lat' dir='ltr'>retinuit</span> <span class='ocrx_word' id='word_1_660' title='bbox 1262 4558 1391 4661; x_wconf 82' lang='grc'><strong>,88118811</strong></span> <span class='ocrx_word' id='word_1_661' title='bbox 1407 4579 1472 4619; x_wconf 89' lang='lat' dir='ltr'>vero</span> <span class='ocrx_word' id='word_1_662' title='bbox 1486 4566 1568 4634; x_wconf 86' lang='grc'><strong>88838</strong></span> <span class='ocrx_word' id='word_1_663' title='bbox 1584 4561 1659 4642; x_wconf 73' lang='lat' dir='ltr'>fuga</span> <span class='ocrx_word' id='word_1_664' title='bbox 1685 4559 1844 4641; x_wconf 72' lang='lat' dir='ltr'><strong>dederunt.¹</strong></span> 
     </span>
     <span class='ocr_line' id='line_1_72' title="bbox 1011 4645 1841 4735; baseline -0.005 -28"><span class='ocrx_word' id='word_1_665' title='bbox 1011 4651 1118 4708; x_wconf 86' lang='lat' dir='ltr'>Mirum</span> <span class='ocrx_word' id='word_1_666' title='bbox 1133 4650 1213 4720; x_wconf 87' lang='grc'><strong>81818</strong></span> <span class='ocrx_word' id='word_1_667' title='bbox 1224 4647 1230 4706; x_wconf 94' lang='grc'><strong>1</strong></span> <span class='ocrx_word' id='word_1_668' title='bbox 1243 4648 1336 4706; x_wconf 84' lang='lat' dir='ltr'>sexies</span> <span class='ocrx_word' id='word_1_669' title='bbox 1352 4645 1454 4723; x_wconf 84' lang='lat' dir='ltr'>viginti</span> <span class='ocrx_word' id='word_1_670' title='bbox 1470 4647 1645 4735; x_wconf 75' lang='lat' dir='ltr'>quadragies</span> <span class='ocrx_word' id='word_1_671' title='bbox 1660 4649 1779 4729; x_wconf 85' lang='lat' dir='ltr'>eentum</span> <span class='ocrx_word' id='word_1_672' title='bbox 1795 4645 1841 4703; x_wconf 86' lang='grc'><strong>81·</strong></span> 
     </span>
     <span class='ocr_line' id='line_1_73' title="bbox 1010 4734 1861 4822; baseline -0.004 -25"><span class='ocrx_word' id='word_1_673' title='bbox 1010 4743 1190 4818; x_wconf 85' lang='lat' dir='ltr'>sparserunt.</span> <span class='ocrx_word' id='word_1_674' title='bbox 1207 4734 1317 4797; x_wconf 88' lang='lat' dir='ltr'>Deinde</span> <span class='ocrx_word' id='word_1_675' title='bbox 1332 4755 1415 4794; x_wconf 89' lang='lat' dir='ltr'>mora</span> <span class='ocrx_word' id='word_1_676' title='bbox 1430 4754 1488 4794; x_wconf 92' lang='lat' dir='ltr'><strong>non</strong></span> <span class='ocrx_word' id='word_1_677' title='bbox 1504 4734 1568 4804; x_wconf 89' lang='grc'><strong>1818,</strong></span> <span class='ocrx_word' id='word_1_678' title='bbox 1547 4740 1660 4822; x_wconf 86' lang='lat' dir='ltr'>teum</span> <span class='ocrx_word' id='word_1_679' title='bbox 1675 4734 1747 4816; x_wconf 86' lang='lat' dir='ltr'>ipsa</span> <span class='ocrx_word' id='word_1_680' title='bbox 1770 4750 1861 4813; x_wconf 56' lang='lat' dir='ltr'>oum,</span> 
     </span>
     <span class='ocr_line' id='line_1_74' title="bbox 1010 4808 1861 4927; baseline -0.008 -41"><span class='ocrx_word' id='word_1_681' title='bbox 1010 4845 1078 4905; x_wconf 88' lang='grc'><strong>8838</strong></span> <span class='ocrx_word' id='word_1_682' title='bbox 1093 4827 1259 4888; x_wconf 87' lang='lat' dir='ltr'>Balduino&#39;</span> <span class='ocrx_word' id='word_1_683' title='bbox 1252 4845 1281 4884; x_wconf 86' lang='lat' dir='ltr'><strong>in</strong></span> <span class='ocrx_word' id='word_1_684' title='bbox 1297 4826 1479 4927; x_wconf 77' lang='lat' dir='ltr'>expeditione</span> <span class='ocrx_word' id='word_1_685' title='bbox 1494 4816 1581 4913; x_wconf 82' lang='grc'><strong>88881,</strong></span> <span class='ocrx_word' id='word_1_686' title='bbox 1598 4808 1722 4899; x_wconf 84' lang='lat' dir='ltr'>interra</span> <span class='ocrx_word' id='word_1_687' title='bbox 1736 4824 1861 4906; x_wconf 32' lang='grc' dir='ltr'><strong>88881181,Ι</strong></span> 
     </span>
    </p>
   </div>
   <div class='ocr_carea' id='block_1_19' title="bbox 1010 4915 1546 5062">
    <p class='ocr_par' dir='ltr' id='par_1_25' title="bbox 1010 4915 1537 5062">
     <span class='ocr_line' id='line_1_75' title="bbox 1010 4915 1434 4990; baseline -0.01 -16"><span class='ocrx_word' id='word_1_688' title='bbox 1010 4917 1070 4974; x_wconf 89' lang='grc'><strong>1818</strong></span> <span class='ocrx_word' id='word_1_689' title='bbox 1086 4917 1149 4990; x_wconf 85' lang='grc'><strong>8838</strong></span> <span class='ocrx_word' id='word_1_690' title='bbox 1151 4920 1198 4972; x_wconf 82' lang='lat' dir='ltr'><strong>tle</strong></span> <span class='ocrx_word' id='word_1_691' title='bbox 1213 4915 1320 4990; x_wconf 83' lang='lat' dir='ltr'>lingo</span> <span class='ocrx_word' id='word_1_692' title='bbox 1313 4915 1434 4973; x_wconf 84' lang='lat' dir='ltr'>interiit.</span> 
     </span>
     <span class='ocr_line' id='line_1_76' title="bbox 1303 5002 1546 5062; baseline -0.013 -1"><span class='ocrx_word' id='word_1_693' title='bbox 1303 5003 1422 5062; x_wconf 79' lang='lat' dir='ltr'>CAPUT</span> <span class='ocrx_word' id='word_1_694' title='bbox 1441 5002 1546 5060; x_wconf 85' lang='lat' dir='ltr'>XXXV.</span> 
     </span>
    </p>
   </div>
   <div class='ocr_carea' id='block_1_20' title="bbox 132 5070 1865 5241">
    <p class='ocr_par' dir='ltr' id='par_1_26' title="bbox 132 5070 1865 5239">
     <span class='ocr_line' id='line_1_77' title="bbox 133 5070 1840 5179; baseline 0.006 -54"><span class='ocrx_word' id='word_1_695' title='bbox 133 5070 266 5170; x_wconf 90' lang='lat' dir='ltr'>impediti</span> <span class='ocrx_word' id='word_1_696' title='bbox 281 5071 360 5127; x_wconf 90' lang='lat' dir='ltr'>curis</span> <span class='ocrx_word' id='word_1_697' title='bbox 374 5071 562 5139; x_wconf 86' lang='lat' dir='ltr'>insudabant,</span> <span class='ocrx_word' id='word_1_698' title='bbox 577 5072 637 5129; x_wconf 84' lang='lat' dir='ltr'>haec</span> <span class='ocrx_word' id='word_1_699' title='bbox 652 5078 734 5147; x_wconf 85' lang='lat' dir='ltr'>gesta</span> <span class='ocrx_word' id='word_1_700' title='bbox 748 5076 885 5133; x_wconf 91' lang='lat' dir='ltr'>oblivioni</span> <span class='ocrx_word' id='word_1_701' title='bbox 897 5094 955 5134; x_wconf 93' lang='lat' dir='ltr'>uon</span> <span class='ocrx_word' id='word_1_702' title='bbox 1010 5094 1145 5165; x_wconf 63' lang='grc'><strong>1111111010</strong></span> <span class='ocrx_word' id='word_1_703' title='bbox 1157 5096 1315 5179; x_wconf 59' lang='lat' dir='ltr'><strong>paJrJMJJJJ</strong></span> <span class='ocrx_word' id='word_1_704' title='bbox 1331 5094 1444 5160; x_wconf 65' lang='lat' dir='ltr'>pomam</span> <span class='ocrx_word' id='word_1_705' title='bbox 1454 5095 1545 5168; x_wconf 55' lang='lat' dir='ltr'>pagg</span> <span class='ocrx_word' id='word_1_706' title='bbox 1562 5099 1588 5150; x_wconf 67' lang='lat' dir='ltr'><strong>eJ</strong></span> <span class='ocrx_word' id='word_1_707' title='bbox 1607 5090 1640 5149; x_wconf 59' lang='grc'><strong>1,,</strong></span> <span class='ocrx_word' id='word_1_708' title='bbox 1651 5090 1840 5167; x_wconf 52' lang='grc'><strong>1131181011.</strong></span> 
     </span>
     <span class='ocr_line' id='line_1_78' title="bbox 132 5158 1865 5241; baseline 0.003 -26"><span class='ocrx_word' id='word_1_709' title='bbox 132 5160 208 5232; x_wconf 86' lang='lat' dir='ltr'>scrip</span> <span class='ocrx_word' id='word_1_710' title='bbox 212 5164 241 5215; x_wconf 91' lang='lat' dir='ltr'><strong>ta</strong></span> <span class='ocrx_word' id='word_1_711' title='bbox 212 5160 404 5225; x_wconf 88' lang='lat' dir='ltr'>t,derentur</span> <span class='ocrx_word' id='word_1_712' title='bbox 415 5158 504 5215; x_wconf 89' lang='lat' dir='ltr'>malui</span> <span class='ocrx_word' id='word_1_713' title='bbox 520 5176 573 5234; x_wconf 90' lang='grc'><strong>838</strong></span> <span class='ocrx_word' id='word_1_714' title='bbox 591 5162 759 5220; x_wconf 74' lang='lat' dir='ltr'>fulcherius</span> <span class='ocrx_word' id='word_1_715' title='bbox 775 5164 867 5221; x_wconf 90' lang='grc'><strong>888881</strong></span> <span class='ocrx_word' id='word_1_716' title='bbox 868 5166 896 5223; x_wconf 87' lang='lat' dir='ltr'><strong>ia</strong></span> <span class='ocrx_word' id='word_1_717' title='bbox 911 5185 956 5222; x_wconf 91' lang='lat' dir='ltr'>ru·</span> <span class='ocrx_word' id='word_1_718' title='bbox 1194 5168 1316 5239; x_wconf 85' lang='lat' dir='ltr'>pitaram</span> <span class='ocrx_word' id='word_1_719' title='bbox 1331 5175 1410 5239; x_wconf 80' lang='lat' dir='ltr'>etque</span> <span class='ocrx_word' id='word_1_720' title='bbox 1424 5165 1652 5241; x_wconf 80' lang='grc'><strong>11881881188888.</strong></span> <span class='ocrx_word' id='word_1_721' title='bbox 1861 5164 1865 5172; x_wconf 81' lang='grc'><em>’</em></span> 
     </span>
    </p>
   </div>
   <div class='ocr_carea' id='block_1_21' title="bbox 132 5247 1864 5626">
    <p class='ocr_par' dir='ltr' id='par_1_27' title="bbox 132 5247 1863 5604">
     <span class='ocr_line' id='line_1_79' title="bbox 132 5247 1863 5352; baseline 0.002 -48"><span class='ocrx_word' id='word_1_722' title='bbox 132 5248 187 5315; x_wconf 86' lang='grc'><strong>818,</strong></span> <span class='ocrx_word' id='word_1_723' title='bbox 203 5247 446 5321; x_wconf 84' lang='grc'><strong>883881888181118,</strong></span> <span class='ocrx_word' id='word_1_724' title='bbox 462 5249 634 5307; x_wconf 84' lang='grc'><strong>1888888188</strong></span> <span class='ocrx_word' id='word_1_725' title='bbox 649 5268 728 5308; x_wconf 84' lang='lat' dir='ltr'>naevc</span> <span class='ocrx_word' id='word_1_726' title='bbox 744 5254 848 5320; x_wconf 84' lang='lat' dir='ltr'>notari</span> <span class='ocrx_word' id='word_1_727' title='bbox 866 5271 954 5328; x_wconf 90' lang='lat' dir='ltr'>quam</span> <span class='ocrx_word' id='word_1_728' title='bbox 1044 5257 1128 5311; x_wconf 79' lang='lat' dir='ltr'>Anno</span> <span class='ocrx_word' id='word_1_729' title='bbox 1150 5254 1230 5321; x_wconf 90' lang='grc'><strong>1107</strong></span> <span class='ocrx_word' id='word_1_730' title='bbox 1247 5253 1446 5311; x_wconf 79' lang='lat' dir='ltr'>transfretavit</span> <span class='ocrx_word' id='word_1_731' title='bbox 1469 5251 1645 5330; x_wconf 78' lang='lat' dir='ltr'>petrarcha</span> <span class='ocrx_word' id='word_1_732' title='bbox 1663 5251 1863 5352; x_wconf 61' lang='lat' dir='ltr'><strong>Fibremarus¹</strong></span> 
     </span>
     <span class='ocr_line' id='line_1_80' title="bbox 132 5334 1852 5418; baseline 0.003 -26"><span class='ocrx_word' id='word_1_733' title='bbox 132 5336 296 5407; x_wconf 79' lang='grc'><strong>1888818888</strong></span> <span class='ocrx_word' id='word_1_734' title='bbox 313 5352 371 5392; x_wconf 90' lang='grc'><strong>888</strong></span> <span class='ocrx_word' id='word_1_735' title='bbox 396 5338 551 5410; x_wconf 88' lang='lat' dir='ltr'>propalari,</span> <span class='ocrx_word' id='word_1_736' title='bbox 568 5345 655 5412; x_wconf 91' lang='lat' dir='ltr'>prout</span> <span class='ocrx_word' id='word_1_737' title='bbox 644 5341 771 5398; x_wconf 88' lang='lat' dir='ltr'>tecutis</span> <span class='ocrx_word' id='word_1_738' title='bbox 794 5343 865 5413; x_wconf 92' lang='lat' dir='ltr'>vidi,</span> <span class='ocrx_word' id='word_1_739' title='bbox 879 5344 956 5400; x_wconf 88' lang='lat' dir='ltr'>vela</span> <span class='ocrx_word' id='word_1_740' title='bbox 1010 5346 1138 5410; x_wconf 89' lang='lat' dir='ltr'>nomine,</span> <span class='ocrx_word' id='word_1_741' title='bbox 1157 5344 1278 5400; x_wconf 87' lang='lat' dir='ltr'>Romam</span> <span class='ocrx_word' id='word_1_742' title='bbox 1305 5349 1417 5418; x_wconf 89' lang='lat' dir='ltr'>petens</span> <span class='ocrx_word' id='word_1_743' title='bbox 1434 5334 1864 5419; x_wconf 80' lang='grc'><strong>08881888888818888888181</strong></span> 
     </span>
     <span class='ocr_line' id='line_1_81' title="bbox 133 5411 1841 5507; baseline 0.003 -26"><span class='ocrx_word' id='word_1_744' title='bbox 133 5425 205 5481; x_wconf 91' lang='lat' dir='ltr'>relat</span> <span class='ocrx_word' id='word_1_745' title='bbox 194 5425 306 5482; x_wconf 90' lang='lat' dir='ltr'>otribus</span> <span class='ocrx_word' id='word_1_746' title='bbox 320 5426 456 5484; x_wconf 90' lang='lat' dir='ltr'>veridicis</span> <span class='ocrx_word' id='word_1_747' title='bbox 471 5433 604 5501; x_wconf 86' lang='lat' dir='ltr'>perscrtu</span> <span class='ocrx_word' id='word_1_748' title='bbox 605 5446 658 5485; x_wconf 92' lang='lat' dir='ltr'><strong>ans</strong></span> <span class='ocrx_word' id='word_1_749' title='bbox 679 5429 834 5505; x_wconf 86' lang='lat' dir='ltr'>diligenter</span> <span class='ocrx_word' id='word_1_750' title='bbox 856 5433 955 5491; x_wconf 89' lang='lat' dir='ltr'>didici.</span> <span class='ocrx_word' id='word_1_751' title='bbox 1010 5436 1094 5507; x_wconf 88' lang='lat' dir='ltr'>apost</span> <span class='ocrx_word' id='word_1_752' title='bbox 1082 5431 1169 5490; x_wconf 88' lang='grc'><strong>881888</strong></span> <span class='ocrx_word' id='word_1_753' title='bbox 1184 5437 1284 5489; x_wconf 86' lang='lat' dir='ltr'>utrum</span> <span class='ocrx_word' id='word_1_754' title='bbox 1284 5432 1467 5505; x_wconf 90' lang='lat' dir='ltr'>patriarcba</span> <span class='ocrx_word' id='word_1_755' title='bbox 1488 5434 1662 5506; x_wconf 89' lang='lat' dir='ltr'>remaneret.</span> <span class='ocrx_word' id='word_1_756' title='bbox 1677 5426 1750 5487; x_wconf 86' lang='lat' dir='ltr'><strong>Nam</strong></span> <span class='ocrx_word' id='word_1_757' title='bbox 1764 5411 1841 5501; x_wconf 87' lang='lat' dir='ltr'>Dai-</span> 
     </span>
     <span class='ocr_line' id='line_1_82' title="bbox 132 5515 1864 5626; baseline 0.004 -57"><span class='ocrx_word' id='word_1_758' title='bbox 132 5518 302 5571; x_wconf 84' lang='lat' dir='ltr'>Preoort</span> <span class='ocrx_word' id='word_1_759' title='bbox 251 5519 302 5572; x_wconf 86' lang='lat' dir='ltr'><strong>eut</strong></span> <span class='ocrx_word' id='word_1_760' title='bbox 302 5532 348 5572; x_wconf 92' lang='lat' dir='ltr'><strong>em</strong></span> <span class='ocrx_word' id='word_1_761' title='bbox 359 5515 419 5574; x_wconf 82' lang='lat' dir='ltr'><strong>bec</strong></span> <span class='ocrx_word' id='word_1_762' title='bbox 430 5516 584 5591; x_wconf 83' lang='lat' dir='ltr'>legentem,</span> <span class='ocrx_word' id='word_1_763' title='bbox 588 5523 619 5575; x_wconf 92' lang='grc'><strong>81</strong></span> <span class='ocrx_word' id='word_1_764' title='bbox 629 5519 795 5578; x_wconf 81' lang='lat' dir='ltr'>nescientia</span> <span class='ocrx_word' id='word_1_765' title='bbox 806 5538 875 5578; x_wconf 84' lang='lat' dir='ltr'><strong>mee</strong></span> <span class='ocrx_word' id='word_1_766' title='bbox 888 5524 956 5580; x_wconf 87' lang='lat' dir='ltr'><strong>cha</strong></span> <span class='ocrx_word' id='word_1_767' title='bbox 1010 5522 1111 5579; x_wconf 87' lang='lat' dir='ltr'>bertus</span> <span class='ocrx_word' id='word_1_768' title='bbox 1126 5522 1261 5594; x_wconf 88' lang='lat' dir='ltr'>superius</span> <span class='ocrx_word' id='word_1_769' title='bbox 1276 5525 1455 5602; x_wconf 85' lang='lat' dir='ltr'>memoratus</span> <span class='ocrx_word' id='word_1_770' title='bbox 1451 5519 1713 5626; x_wconf 85' lang='lat' dir='ltr'>patriarchatum</span> <span class='ocrx_word' id='word_1_771' title='bbox 1717 5534 1864 5620; x_wconf 84' lang='lat' dir='ltr'>recupe</span> 
     </span>
    </p>
   </div>
   <div class='ocr_carea' id='block_1_22' title="bbox 0 0 1920 6006">
    <p class='ocr_par' dir='ltr' id='par_1_28' title="bbox 0 0 1920 6006">
     <span class='ocr_line' id='line_1_83' title="bbox 0 0 1920 6006; baseline 0 0"><span class='ocrx_word' id='word_1_772' title='bbox 0 0 1920 6006; x_wconf 95' lang='lat' dir='ltr'><strong> </strong></span> 
     </span>
    </p>
   </div>
  </div>
 </body>
</html>
