3816 6006
550 256 835 326 naulum-1.
855 255 908 321 ott
928 254 1130 321 nnuman.
1612 259 1695 331 {m

79 391 175 468 sulam
187 394 247 451 enit
258 394 292 450 ab
315 394 421 457 oriente
442 400 470 451 et
489 400 568 466 paret
590 409 675 465 usquc
696 395 726 448 in
747 394 817 448 occi·
831 392 858 459 Α
872 389 907 445 le
921 390 956 446 ad
973 394 1089 462 tempus
1104 406 1157 446 suo
1172 387 1285 447 lumina
1302 387 1505 464 privabuntur,
1520 395 1555 453 ιιι
1579 393 1694 454 iustan·
1764 374 1768 378 ¹

79 501 107 553 n,
133 485 173 540 ita
195 485 250 540 erit
270 491 297 540 et
317 483 447 539 adventus
471 483 542 540 Filii
573 483 702 539 noniano.
727 482 814 538 Porro
868 484 928 535 tem
945 479 1102 535 adventum
1113 478 1229 536 Domini
1242 479 1484 553 signillceut3sed
1499 487 1599 556 postea
1610 500 1696 542 mun·

78 577 167 635 rocio
181 572 374 645 proprietates
388 572 486 628 habet.
500 572 586 628 Venit
600 571 707 639 subito,
724 570 816 626 mani·
870 569 907 625 do
925 571 1072 637 renovato,
1090 570 1186 640 majus
1210 567 1309 626 lumen
1333 569 1484 644 recipient.
1501 572 1598 630 Sedet
1612 577 1695 631 tanta

89 677 158 720 cum
173 665 357 734 tempestate,
368 678 436 717 cum
447 661 523 735 igne,
536 678 602 717 cum
614 661 735 734 tulgane,
747 676 815 716 cum
870 655 988 714 claritas
1002 656 1057 712 erit
1070 658 1128 714 vari
1145 655 1220 715 Solis
1244 661 1470 733 sanctorumque
1493 661 1529 717 ad
1546 660 1694 734 judicium

78 754 448 824 a,oumtampestate,cum
458 750 534 824 igne,
545 768 612 806 cum
622 750 816 824 fulgore,cu·n
869 746 1060 815 venientium,
1078 747 1156 819 quod
1171 747 1207 803 ad
1223 748 1470 822 comparationem
1483 767 1595 820 eorum,
1607 751 1651 810 sol
1666 756 1696 810 st

78 857 110 913 e,
126 840 186 899 alta
200 840 324 914 percutit
335 846 367 906 ,et
382 840 623 909 urit,humilibus
641 839 742 914 parcit.
760 840 816 896 lte·
871 834 942 891 luna
956 835 1201 904 obscurabuntur,
1225 840 1254 892 et
1269 835 1359 893 stella
1373 839 1479 896 cadent
1501 857 1519 896 a
1541 857 1596 898 sua
1611 841 1696 899 clari·

80 933 124 988 tar
138 945 254 1003 quoque
265 933 364 986 noster
374 929 565 1001 adjudicium
577 929 675 985 subito
685 928 817 986 venietet
870 928 938 991 tate,
954 929 1093 997 tantaque
1111 925 1249 982 severitas
1264 925 1319 983 erit
1334 926 1458 984 districti
1469 929 1580 1001 judicis
1595 935 1698 990 contra

80 1018 208 1077 le.Unde
218 1018 281 1092 ipse
291 1018 361 1075 dicit
373 1035 379 1073 :
391 1040 405 1069 u
416 1019 497 1075 Sicut
507 1019 536 1074 in
548 1018 652 1074 diebus
662 1019 721 1075 Noe
732 1022 816 1074 erant
871 1014 1020 1084 reprobos,
1032 1015 1110 1086 quod
1126 1014 1249 1072 virtutes
1264 1019 1292 1073 et
1307 1020 1465 1088 potestates
1481 1017 1621 1078 coelorum
1637 1039 1697 1081 mo

78 1108 176 1166 dantes
186 1111 214 1164 et
224 1108 367 1176 bibentes,
377 1108 531 1175 nubentes,
543 1109 685 1181 etnuptui
701 1108 817 1164 tra—den-
871 1103 1026 1170 vehuntur,
1049 1121 1107 1159 non
1122 1104 1199 1176 quod
1218 1104 1255 1161 de
1269 1121 1302 1161 se
1316 1104 1448 1174 timeant,
1472 1109 1523 1165 sed
1539 1110 1617 1183 quod
1631 1115 1696 1170 tan·

78 1196 170 1255 mouit
179 1195 276 1254 subito
287 1196 472 1265 diluvium,et
481 1195 548 1253 tulit
558 1197 778 1264 omnes,itaerit
788 1203 817 1253 ot
871 1196 932 1248 tam
945 1192 1128 1248 severitatem
1143 1192 1270 1250 exerceri
1285 1192 1412 1253 videant.
1424 1194 1506 1254 Unde
1519 1196 1574 1257 Job
1586 1215 1593 1256 ι
1611 1222 1626 1252 a
1640 1199 1696 1258 Co·

78 1289 134 1344 itus
149 1284 561 1356 l'iliihominis(tuc.xv1u).»
578 1285 611 1342 lit
626 1285 710 1344 alibi:
724 1310 738 1337 c
750 1286 817 1345 Dies
871 1279 991 1347 lumnaes
1006 1280 1113 1353 inquii,
1125 1280 1188 1337 toeli
1199 1281 1698 1359 contrsmiscnntetpaveutaovan·

84 1373 200 1433 Domini
211 1374 288 1432 sicut
303 1375 360 1442 sur,
376 1374 417 1431 ita
430 1375 461 1431 iu
476 1379 560 1432 nocte
576 1375 672 1432 veniet
689 1379 713 1444 (l
728 1377 815 1434 Thess.
871 1374 935 1426 tum
949 1370 1014 1443 ejus
1025 1371 1082 1444 (lab
1102 1370 1187 1443 xxvi).
1204 1393 1218 1423 n
1243 1371 1277 1428 ut
1290 1370 1316 1428 si
1334 1373 1501 1431 tremebunt
1516 1376 1623 1451 angeli,
1639 1378 1698 1438 ira·

78 1463 639 1537 Patr.111).,Vanietquoquemanifeste,
657 1466 733 1522 sicut
744 1470 773 1522 et
787 1466 817 1522 in
871 1464 931 1516 tres
946 1458 1014 1528 mei,
1026 1464 1136 1532 quflssttt
1152 1459 1247 1533 magii!
1267 1459 1468 1520 h⁰fflissbflil⁴3i
1478 1464 1514 1532 ti,
1529 1469 1562 1521 ub
1573 1464 1615 1523 tit
1628 1484 1698 1542 ⁸1³⁰·

78 1552 212 1626 vangelic
227 1551 462 1622 demonstratum
478 1557 507 1609 et
525 1553 554 1609 in
573 1553 700 1611 Psalmo:
714 1579 728 1605 u
740 1555 818 1612 Deus
872 1548 976 1616 stolus,
991 1547 1039 1604 vix
1058 1548 1159 1621 justus
1175 1548 1337 1607 salvabitur
1345 1549 1370 1624 (1
1381 1553 1455 1624 Patr,
1471 1557 1521 1623 ru),
1543 1553 1655 1629 impius
1669 1562 1700 1615 et

78 1640 256 1700 amaniteste
266 1642 572 1715 veniet(Pant.xux).»
586 1642 689 1700 veniet
701 1659 818 1717 quoque
873 1641 1007 1710 peccator
1021 1636 1072 1694 ubi
1086 1638 1252 1711 parebunt?
1268 1639 1388 1713 Mystico
1408 1657 1476 1698 vcro
1491 1641 1576 1701 multi
1589 1644 1639 1718 qui
1653 1646 1699 1704 vi·

78 1729 819 1806 smpeststeelementaconeutiento.Venietquoque
833 1763 857 1829 B
872 1727 1019 1784 dabantur
1032 1727 1080 1783 hic
1094 1726 1186 1784 radiis
1200 1727 1345 1785 bonarum
1360 1745 1481 1803 operum
1505 1733 1590 1806 qussi
1611 1733 1655 1793 sol
1669 1739 1700 1795 et

78 1818 817 1894 gnequstuorelementaconcremante.Undeetibi
872 1815 943 1872 luna
966 1816 1112 1872 mundum
1135 1814 1285 1887 irradiare,
1310 1816 1432 1876 Domino
1455 1820 1599 1894 veniente,
1616 1846 1631 1877 a
1647 1824 1699 1898 qui

78 1923 121 1966 irs
137 1932 151 1960 s
167 1906 247 1982 Ignis
270 1907 301 1963 in
325 1913 482 1981 conspectu
505 1909 570 1981 ejus
592 1911 769 1978 exardescet,
790 1915 819 1968 et
872 1903 1051 1961 illuminabit
1065 1904 1236 1962 abscondita
1250 1905 1446 1974 tenebrarum,
1455 1913 1485 1967 et
1499 1911 1701 1971 manifestabit

78 1996 162 2054 cuitu
175 1998 241 2069 ejus
265 2002 426 2070 tempestas
448 1997 545 2054 ualida
569 1998 668 2071 (itm).
687 2021 701 2049 c
716 1999 819 2056 Veniet
873 1993 997 2050 consilia
1010 1992 1143 2050 cordium
1167 1995 1193 2062 (l
1213 1993 1275 2050 Cor.
1301 2000 1349 2064 iv),
1366 2017 1381 2048 n
1407 1997 1653 2073 obscurabuntur,
1671 2008 1701 2064 st

77 2101 111 2144 aa
124 2101 192 2142 cum
208 2085 329 2160 fulgore,
340 2086 479 2159 quoniam
490 2086 567 2143 sicut
581 2087 645 2160 ipse
659 2088 818 2155 dixit,cum
873 2081 961 2139 multi
973 2083 1024 2155 qui
1040 2081 1151 2156 fulgere
1174 2082 1348 2141 videbuntur
1372 2088 1405 2142 ιιι
1418 2085 1518 2156 stella,
1540 2089 1655 2161 cadent,
1670 2096 1701 2150 et

77 2174 196 2233 eveniet
211 2180 240 2231 et
263 2177 417 2247 majestate
431 2180 526 2245 (tlara.
543 2180 614 2246 xtu).
630 2176 732 2234 Veniet
746 2195 818 2251 quo.
874 2171 923 2245 qui
938 2171 987 2228 hic
1001 2171 1078 2226 firmi
1103 2171 1277 2228 videbantur
1298 2175 1382 2246 quasi
1405 2173 1529 2234 uirtutes
1547 2176 1698 2250 emiorum,

77 2279 134 2322 tom
149 2267 268 2331 terrore,
284 2264 424 2336 quoniam
447 2264 587 2321 terribilis
606 2266 661 2321 erit
675 2268 818 2340 reprobis,
873 2264 969 2318 ruent.
987 2262 1095 2328 Quarto
1110 2276 1230 2334 quoque
1244 2261 1374 2319 ostendit
1392 2264 1536 2322 Dominus
1550 2283 1617 2325 cum
1632 2270 1700 2343 qui·

77 2351 129 2410 uia
145 2352 185 2409 sit
199 2351 326 2410 blandus
336 2353 437 2425 justis.
454 2355 534 2420 Quod
556 2354 629 2411 bone
645 2355 820 2428 significavit
873 2351 929 2406 bus
945 2348 1111 2422 insignibus
1126 2350 1316 2421 adjudicium
1332 2350 1371 2408 sit
1384 2357 1535 2423 venturus,
1546 2371 1614 2414 oum
1629 2359 1702 2416 sub·

80 2441 183 2515 nequi
198 2441 228 2497 in
245 2442 456 2500 resurrectione
478 2444 543 2514 ejus
562 2445 717 2517 apparuit;
735 2446 820 2516 qu'us
873 2440 936 2496 dit:
963 2439 998 2494 b't
1025 2448 1090 2495 tnnc
1117 2439 1259 2511 apparebit
1286 2441 1399 2513 sianum
1429 2444 1498 2501 Filii
1519 2444 1642 2505 annua
1668 2448 1701 2506 in

77 2532 162 2587 ectus
176 2532 240 2586 erat
254 2529 329 2586 sicut
341 2531 449 2604 fulgur,
462 2533 673 2590 etvestimenta
684 2535 761 2591 sicut
771 2534 820 2591 nix
873 2529 948 2585 culo.
964 2528 1045 2585 Sicut
1060 2544 1127 2601 rege
1141 2526 1273 2584 seculari
1289 2545 1358 2587 oum
1372 2530 1504 2603 equitatu
1514 2550 1568 2591 suo
1581 2535 1701 2594 venian·

77 2617 108 2675 b.
123 2635 221 2675 xxvm.
246 2641 260 2670 n
285 2619 378 2676 Ferist
403 2636 518 2695 quoquo
536 2622 675 2680 Dominus
696 2623 765 2694 alta,
783 2626 819 2682 nd
874 2623 903 2676 te
927 2616 1022 2675 solent
1039 2617 1143 2674 vexilla
1161 2618 1226 2690 ejus
1248 2618 1420 2692 praeoedere,
1437 2620 1489 2688 sic,
1510 2623 1616 2682 fratres
1629 2625 1699 2695 mei,

77 2704 241 2781 rlulguris,
255 2707 322 2781 igne
336 2707 474 2781 gehenne
489 2708 581 2766 elatos
596 2715 625 2767 et
635 2715 775 2784 superbos
790 2714 820 2770 in
874 2709 925 2765 fiet
939 2707 1061 2764 Domino
1075 2706 1272 2778 adjudicium
1287 2708 1428 2767 veniente.
1453 2710 1598 2771 Prncsdst
1620 2715 1700 2775 enim

77 2811 140 2853 rum
155 2813 347 2853 concremans
359 2801 388 2853 et
402 2797 565 2855 humilibus
576 2817 708 2873 parcens,
722 2825 736 2852 «ι
748 2821 821 2876 quo·
875 2795 1012 2853 vexillum
1028 2799 1134 2852 sancta
1150 2795 1256 2853 crucis.
1267 2797 1302 2853 lit
1313 2796 1369 2855 boc
1382 2797 1419 2855 ob
1430 2803 1490 2857 tres
1504 2816 1619 2861 causas.
1636 2803 1699 2862 Pri·

92 2883 228 2943 uxoclsua
243 2883 395 2954 Dominus,
412 2890 440 2943 et
454 2886 579 2944 humilia
589 2890 707 2963 respicit
720 2895 749 2947 et
764 2891 823 2950 alta
876 2902 925 2943 ma
939 2889 994 2954 etl,
1010 2888 1043 2940 ut
1058 2883 1193 2941 ostendat
1207 2883 1294 2957 quale
1309 2884 1347 2943 tit
1360 2886 1479 2960 tignum
1488 2889 1615 2948 victorio
1628 2910 1700 2965 suo,

77 2976 117 3046 gs
129 2973 279 3047 sognosoit
292 2974 378 3043 (psat,
398 2979 483 3045 nm).
504 2999 515 3026 »
542 2977 685 3045 Secundo,
699 2979 821 3037 demon.
876 2974 955 3048 quod
971 2972 1053 3047 prius
1062 2972 1216 3030 videbatur
1229 2972 1377 3046 opprobrii
1390 2991 1455 3033 esse
1469 2981 1498 3033 et
1511 2977 1699 3052 dejectionis;

83 3060 227 3120 Dominus
243 3080 317 3136 quos
332 3064 368 3119 ad
379 3063 574 3134 judicandum
591 3083 690 3123 secum
705 3069 744 3124 sit
758 3085 824 3127 con·
877 3064 1007 3121 secunda
1020 3067 1075 3130 est,
1092 3065 1125 3118 ιιι
1148 3061 1337 3119 dilectoribus
1348 3062 1410 3120 suia
1429 3080 1489 3121 sua
1504 3067 1601 3124 crucia
1615 3067 1700 3143 balu-

77 3153 183 3220 tturus,
199 3168 267 3209 cum
281 3151 400 3208 subdit:
419 3155 582 3226 Ubicumque
604 3159 690 3229 suerit
712 3174 818 3231 corpus,
837 3132 858 3200 C
876 3151 1019 3210 latoribus
1033 3150 1155 3223 inspiret
1163 3149 1399 3224 jucunditatem
1416 3153 1503 3211 tertia
1519 3160 1573 3225 est,
1586 3160 1619 3213 ιιι
1632 3174 1700 3216 oru-

77 3241 303 3312 unprepabnntnr
317 3249 343 3298 et
356 3243 469 3315 aquila.
485 3245 525 3298 Aa
540 3242 563 3299 si
580 3245 710 3317 apertius
722 3247 818 3304 dieat:
873 3240 1041 3298 citlxoribus
1052 3256 1170 3313 susque
1194 3239 1289 3297 crucis
1305 3242 1565 3316 comtemptoribus
1578 3244 1702 3308 incutiat

91 3326 196 3401 aquila
211 3329 352 3386 cadavera
365 3329 453 3386 etiam
468 3331 665 3389 transmarina
678 3335 818 3404 sentiunt,
874 3329 1075 3388 contusionem
1090 3333 1118 3385 et
1133 3329 1369 3389 timorem.Unde
1383 3331 1525 3406 scriptum
1546 3339 1610 3392 est:
1635 3359 1650 3388 «ι
1666 3339 1701 3396 nt

77 3418 404 3492 .songragabunturubi
419 3419 547 3478 eritoaro
561 3420 625 3477 Filii
638 3422 776 3492 hominis,
786 3429 820 3483 ut
873 3418 984 3476 videbit
997 3435 1064 3475 aum
1080 3417 1177 3475 omnis
1191 3417 1303 3488 oculus,
1320 3421 1409 3477 etiam
1423 3420 1475 3495 qui
1489 3438 1558 3479 eum
1570 3440 1700 3501 pupuge-

76 3509 126 3563 ant
139 3508 285 3563 mundum
306 3525 374 3564 cum
390 3525 433 3577 eo,
445 3510 532 3581 juxta
550 3510 642 3567 illud:
664 3534 678 3562 «
691 3512 724 3567 llt
735 3529 819 3569 voca·
874 3514 944 3566 runt
957 3509 1048 3582 (Apoc.
1065 3511 1098 3577 1.)
1114 3530 1128 3557 s
1153 3508 1287 3564 Tradunt
1301 3508 1390 3566 etiam
1405 3511 1483 3584 quod
1499 3511 1621 3588 vestigia
1635 3515 1699 3572 vul·

76 3592 154 3652 dum
164 3596 332 3665 desursum,
343 3602 372 3654 et
383 3601 490 3654 terram
503 3599 668 3656 discernere
679 3601 819 3673 populum
874 3615 979 3656 nerum
994 3615 1057 3671 quo
1074 3613 1126 3669 pro
1150 3596 1234 3654 nobis
1253 3597 1374 3670 pertulit
1387 3603 1458 3657 tunc
1473 3600 1698 3674 demonstrabit,

76 3703 81 3740 ι
107 3684 196 3754 (Psoi.
221 3702 296 3741 xnus.
323 3707 337 3734 u
367 3688 577 3744 convenienter
599 3693 698 3745 autem
721 3691 821 3763 posuit
874 3692 903 3745 et
917 3687 1049 3761 reprobis
1075 3685 1294 3760 improperabit.
1322 3687 1486 3761 Propterea,
1510 3690 1699 3761 iratresmei,

76 3786 110 3839 ts,
125 3773 203 3845 quod
231 3772 446 3846 significantius
469 3776 593 3832 cadaver
614 3775 730 3846 dicitur,
747 3779 819 3836 insi·
874 3781 993 3851 propter
1007 3793 1061 3832 nos
1075 3774 1245 3832 crucifixum
1262 3774 1432 3849 diligamus,
1447 3779 1552 3851 atejus
1571 3797 1698 3851 crucem,

76 3861 244 3934 sqnoniam
259 3863 394 3935 quamvis
411 3863 543 3921 Christus
554 3865 584 3920 in
600 3882 685 3922 cruce
696 3866 734 3923 sit
745 3885 820 3925 mor·
874 3870 1018 3939 quantum
1030 3862 1557 3940 possumus,bajulemuacupiditates
1567 3869 1701 3928 carniaet

86 3951 222 4023 quamvis
238 3955 379 4024 tauquam
391 3952 420 4008 in
433 3952 567 4026 sepulcro
583 3955 708 4026 positus,
721 3962 819 4014 tamen
874 3970 1004 4012 amorem
1011 3951 1113 4010 mundi
1123 3952 1153 4008 in
1165 3951 1474 4028 nobiscrucillgamus,
1485 3961 1698 4031 paupertatem,

76 4037 117 4112 pai
139 4038 196 4095 tuit
214 4040 377 4112 judicatus,
403 4041 500 4097 veniet
518 4043 715 4114 Judicaturus‚
731 4051 761 4102 et
782 4048 818 4104 ad
874 4041 1083 4109 humilitatem,
1099 4040 1302 4110 contumelias,
1318 4040 1453 4115 injurias,
1469 4042 1657 4105 infirmitates
1670 4049 1701 4105 et

76 4141 87 4182 ι
102 4129 243 4201 tanquam
261 4129 297 4185 ad
314 4147 420 4203 panem
434 4130 509 4198 vite,
525 4148 627 4188 omnes
643 4135 736 4190 sancti
753 4151 819 4193 con·
873 4132 988 4190 dolores
1001 4148 1068 4188 cum
1085 4129 1224 4203 patientia
1234 4129 1444 4200 sustineamus,
1460 4148 1530 4208 erga
1544 4134 1700 4195 miserabi-

76 4213 200 4274 bnntur.
230 4218 329 4275 Sancti
358 4223 455 4276 autem
480 4227 689 4293 comparantur
710 4223 818 4296 aquilis
873 4220 915 4278 les
931 4237 1070 4294 personas
1094 4220 1325 4291 compassionem
1342 4223 1371 4276 at
1395 4220 1629 4283 misericordiam
1643 4224 1697 4282 ha·

76 4317 107 4361 ar
119 4308 180 4363 tras
194 4323 295 4364 eorum
322 4307 522 4381 proprietates,
548 4309 688 4382 quoniam
713 4313 818 4385 pennis
873 4312 1008 4377 beamus,
1024 4325 1075 4381 spe
1091 4306 1328 4382 regnicolarum
1352 4309 1452 4367 omnia
1476 4311 1550 4369 dura
1563 4313 1624 4387 pati
1640 4330 1699 4372 non

76 4408 130 4450 ,um
146 4393 236 4452 altius
252 4397 288 4453 ad
310 4395 438 4453 coelestia
459 4397 659 4467 sublevantur,
677 4401 816 4472 quoniam
873 4400 1040 4467 timeamus,
1057 4414 1109 4471 pro
1124 4396 1238 4454 Christo
1254 4412 1348 4470 usque
1366 4398 1404 4456 ad
1427 4404 1552 4459 mortam
1574 4401 1700 4462 decerta·

76 4498 81 4538 ι
96 4484 352 4558 contemplationis
360 4484 454 4543 Solem
460 4485 583 4557 justitie
599 4489 738 4547 subtilius
751 4506 855 4572 con-D
873 4506 951 4555 mus,
967 4491 1112 4562 quatenus
1127 4485 1276 4542 Christum
1301 4484 1472 4544 crucifixum
1489 4487 1640 4561 injudicio
1651 4507 1700 4549 se-

76 4572 175 4639 cutur,
192 4575 221 4627 et
236 4571 376 4644 quoniam
389 4576 533 4629 vetustate
547 4592 604 4631 non
620 4592 812 4651 corrumpun·
869 4577 931 4635 curi
945 4577 1042 4634 vidam
1059 4590 1232 4632 mereamur.
1245 4572 1351 4640 Quinto
1362 4574 1545 4633 demonstrat
1554 4576 1698 4637 Dominus

76 4655 113 4714 ad
127 4665 304 4717 renovantur
319 4665 351 4716 ut
361 4660 614 4734 aquilajuventus
625 4681 688 4721 sua.
702 4666 813 4733 Quibus
867 4667 939 4740 quid
955 4664 1024 4724 mali
1040 4662 1235 4722 sinthabituri
1245 4660 1314 4718 mali
1324 4662 1354 4718 in
1364 4662 1489 4735 judicio,
1500 4680 1568 4722 cum
1578 4667 1697 4726 subdit:

76 4745 172 4804 tociaci
187 4765 362 4819 mereamur,
374 4755 552 4808 vetustatem
568 4759 753 4826 peccatorum
764 4773 814 4813 no.
867 4757 898 4813 at
913 4764 980 4812 tnnc
990 4755 1124 4828 plangent
1147 4767 1239 4809 omnes
1261 4751 1350 4809 tribus
1364 4759 1456 4823 terrm
1482 4752 1511 4809 id
1535 4757 1580 4813 est
1602 4753 1696 4831 aliqui

76 4847 126 4902 mn,
141 4835 246 4894 fratres
261 4838 384 4911 mei,per
399 4839 600 4912 paenitentiam
616 4859 768 4915 exuamus,
784 4850 813 4901 et
866 4844 902 4901 de
917 4843 1055 4902 omnibus
1069 4841 1206 4898 tribubus
1221 4839 1271 4914 qui
1287 4839 1436 4898 Christum
1451 4843 1597 4915 parsecuti
1612 4849 1693 4916 sunt,

76 4919 215 4981 tiodiem
231 4942 283 4998 per
297 4928 455 4984 novitatem
469 4929 611 4986 virtutum
628 4948 811 5001 renovemur,
865 4933 909 4990 vel
925 4935 1174 5004 comtempserunt
1192 4929 1222 4985 in
1237 4928 1293 4985 hoc
1308 4929 1430 4987 mundo.
1455 4929 1537 4989 Unda
1550 4936 1581 4989 et
1594 4933 1696 4992 subdit

76 5014 210 5071 amentis
231 5014 376 5073 desiderio
400 5017 435 5073 ad
448 5017 606 5075 videndum
631 5020 723 5077 Deum
740 5023 811 5078 deo·
866 5038 984 5080 censam
998 5037 1088 5094 quare
1109 5018 1329 5094 plangant,quia
1350 5018 1485 5079 videlicet
1505 5021 1634 5080 uidebant
1647 5024 1693 5081 at-

75 5098 174 5158 nSion
188 5105 382 5177 suspiremus.
399 5106 495 5163 Tertio
511 5107 693 5166 demonstrat
709 5111 810 5168 Domi·
864 5112 935 5168 lium
948 5110 1068 5169 bominis
1084 5111 1235 5191 venientem
1250 5110 1280 5164 in
1293 5108 1412 5166 nubtias
1423 5110 1496 5172 anti.
1505 5112 1578 5169 sicut
1592 5113 1622 5169 in
1636 5130 1693 5169 nn·

75 5203 127 5248 nas
141 5207 189 5248 res
200 5192 231 5248 iu
246 5195 375 5251 secundo
398 5195 523 5251 adventu
540 5214 593 5253 suo
610 5198 649 5255 sit
667 5199 808 5267 facturus,
838 5252 841 5259 ,
864 5201 943 5256 bibus
956 5200 1020 5257 aeli
1033 5197 1165 5256 moendit.
1177 5199 1344 5254 Venientem
1356 5197 1422 5256 dico
1436 5216 1499 5257 mna
1516 5202 1617 5259 virtute
1629 5219 1691 5259 mc·

75 5277 165 5336 subdit
178 5295 185 5336 ι
200 5279 300 5338 Statim
311 5291 403 5339 autem
410 5292 470 5355 past
485 5286 690 5343 tribulationem
702 5288 810 5345 dierum
861 5306 917 5361 qna
937 5297 963 5346 at
985 5288 1136 5361 majestate,
1159 5289 1192 5343 ut
1217 5285 1319 5343 reddat
1342 5286 1502 5362 unicuique
1524 5290 1689 5350 secundum

75 5382 97 5425 ιι
120 5368 163 5426 sal
185 5371 385 5438 obscurabitur,
405 5380 431 5428 et
452 5374 519 5429 luna
541 5391 596 5430 non
617 5375 693 5432 dabit
716 5377 809 5435 tumen
862 5395 950 5452 opera
964 5395 1027 5436 sua.
1044 5376 1185 5450 Plangent
1210 5374 1329 5448 quidem
1344 5378 1374 5432 et
1392 5377 1576 5450 pmnitchunt
1589 5376 1689 5454 repro·

86 5459 213 5518 usuum
226 5460 323 5519 cadent
341 5460 374 5517 de
387 5462 465 5529 caela,
494 5469 521 5518 et
542 5465 656 5520 virtutos
677 5466 807 5524 caelamm
862 5467 901 5536 bi,
930 5483 985 5524 sua
1011 5464 1135 5522 interius
1162 5462 1342 5521 conscientia
1369 5480 1420 5522 eos
1443 5470 1611 5537 aocusmta,
1634 5469 1688 5526 aad

75 5551 168 5605 amr.
185 5548 272 5609 Porro
283 5550 369 5622 juxta
380 5549 520 5623 litteram,
532 5551 587 5620 sol,
602 5551 674 5611 luna
687 5558 716 5611 et
736 5554 807 5612 stel-
860 5573 936 5629 sero,
960 5554 1100 5630 quoniam
1122 5551 1260 5628 planctus
1276 5551 1549 5626 atpaanitantiailla
1559 5571 1619 5615 non
1630 5556 1689 5617 erit
