3816 6006
157 206 235 278 lbfli
791 205 990 272 RADULPHI
1011 205 1219 273 AltDDN'PIS.

1795 202 1868 271 {w

152 345 338 425 proterimus,
355 341 405 402 sed
421 337 554 402 Christus
570 343 728 400 consecrat.
745 341 801 399 Sed
817 346 846 399 et
862 358 972 416 «neque
986 343 1013 411 Α
1028 343 1105 399 Patri
1121 359 1209 417 quam
1225 340 1275 399 ille
1290 340 1341 417 qui
1351 341 1377 402 ei
1391 344 1436 400 est
1450 336 1741 401 consubstantialis?
1755 339 1791 398 lli
1817 358 1865 400 an·

151 438 202 514 qui
218 437 338 510 plantat,
350 451 444 508 neque
460 433 508 507 qui
520 434 604 507 rigat,
616 432 853 505 estaliquid‚sed
864 432 973 505 quidet
1028 437 1087 489 tem
1103 450 1120 488 a
1135 449 1192 505 quo
1207 449 1358 506 nunquam
1375 433 1509 500 discedit,
1525 432 1635 489 dicitur
1650 431 1704 488 hic
1720 448 1862 500 accesere,

151 528 366 584 incrementum
381 529 425 581 est
439 524 516 580 Dens
531 524 555 596 (l
570 521 972 595 Cor.111).»-«Sicergonos
1027 521 1166 595 quoniam
1183 523 1260 595 apud
1277 538 1344 578 curn
1360 540 1412 595 pro
1429 522 1513 578 nobis
1527 520 1715 595 interpellat,
1730 520 1864 577 humani-

153 618 319 675 sacerdotes
334 613 479 671 existimet
494 612 592 680 homo,
608 616 641 667 ut
656 611 807 668 ministros
817 611 934 676 Christi,
948 615 976 667 ot
1028 613 1098 669 tatis
1113 629 1172 667 suar
1189 612 1464 685 representationis.
1477 612 1618 668 Ceterum
1629 628 1688 668 nee
1705 610 1781 667 olim
1793 610 1861 686 lega·

152 705 369 779 dispensatores
384 702 589 775 mysteriorum
607 702 665 757 Dei.
683 701 735 756 Hic
746 702 810 773 jam
833 701 974 773 queritur
1028 700 1081 772 les,
1099 718 1152 758 neo
1168 702 1253 758 modo
1269 700 1427 775 evangelici
1444 700 1611 757 sacerdotes
1626 701 1666 756 ad
1682 700 1784 757 Deum
1801 718 1860 775 pos·

153 795 230 851 inter
261 793 487 864 dispensatores,
513 795 546 845 ut
579 790 675 846 fidelis
708 791 774 862 quis
807 789 974 846 inveniatur
1029 792 1099 845 sunt
1113 790 1260 857 accedere,
1278 789 1341 845 sine
1357 805 1473 846 summo
1487 789 1639 845 sacerdote
1657 789 1793 845 Domino
1817 807 1857 846 nc·

155 885 182 958 (1
194 884 254 940 Cor.
271 883 319 953 ιν).
336 903 350 932 n
368 881 396 937 Si
413 884 510 935 autem
521 897 574 935 nos
590 880 754 935 sacerdotes
767 879 842 934 inter
857 883 975 935 caterae
1030 882 1089 933 stro
1102 878 1171 934 Jesu
1188 877 1313 947 Christo,
1330 878 1380 933 Dei
1397 883 1426 934 et
1442 877 1597 933 hominum
1615 878 1798 935 mediatore.
1811 878 1856 936 Sed

156 973 371 1044 dispensatores
387 969 487 1026 fideles
497 968 689 1034 inveniamur,
698 970 769 1025 bene
780 986 786 1036 ;
799 968 976 1024 siautemin-
1029 967 1116 1023 ctiam
1133 967 1240 1023 nostris
1257 967 1463 1040 iniquitatibus
1478 966 1855 1039 exigentibus,necjamad

155 1061 257 1118 fideles
265 1060 353 1132 (quod
363 1059 567 1129 Deusavertat)
576 1059 631 1113 val
645 1076 685 1113 vie
696 1057 792 1113 nobis!
806 1058 975 1112 Secundum
1030 1055 1129 1130 ipsum
1146 1057 1334 1113 mediatorem
1350 1074 1401 1129 per
1417 1073 1470 1112 nos
1486 1055 1618 1113 valemus
1635 1056 1856 1114 accederelixo·

155 1149 338 1225 privilegium
355 1153 400 1205 est
412 1148 559 1204 eternitas
576 1147 740 1203 sacerdotii.
754 1147 830 1203 Dum
844 1147 923 1202 enim
938 1147 976 1201 le·
1030 1146 1123 1201 randa
1134 1145 1274 1202 nimirum
1285 1150 1365 1202 estet
1374 1145 1509 1219 lucrymis
1519 1145 1683 1219 flagitanda
1694 1147 1854 1205 beatissima

156 1239 235 1315 gates
251 1239 415 1295 sacerdotes
428 1241 613 1293 transeuntes
623 1241 729 1304 essent,
737 1240 765 1291 et
776 1236 840 1292 aliis
853 1236 978 1292 morien·
1030 1233 1081 1291 Dei
1098 1234 1223 1308 genitrix
1237 1251 1352 1308 semper
1364 1235 1453 1292 Maria
1464 1254 1470 1304 ;
1482 1235 1621 1291 exorandi
1631 1235 1716 1292 cives
1729 1237 1853 1309 superni;

154 1329 234 1386 tibus
246 1328 296 1385 alii
311 1327 510 1394 succederent,
527 1325 710 1399 evangelicus
734 1326 869 1382 sacerdos
890 1326 976 1382 Jesus
1031 1324 1168 1380 exorandi
1192 1324 1351 1397 propheta,
1368 1323 1503 1398 apostoli,
1521 1328 1667 1398 martyres
1697 1329 1729 1381 ct
1743 1325 1853 1399 gloriosi

154 1418 290 1476 Christus
303 1416 515 1490 sempiternum
532 1415 620 1471 habet
642 1414 839 1471 sacerdotium
865 1419 975 1488 utpote,
1032 1414 1223 1476 confessores,
1240 1413 1348 1487 quibus
1363 1413 1450 1471 bodie
1466 1413 1702 1470 solemnizamus
1720 1431 1790 1471 oum
1812 1431 1854 1470 oe·

155 1508 202 1564 oui
211 1506 345 1579 «juravit
359 1506 502 1562 Dominus
517 1509 546 1560 et
562 1521 619 1560 non
635 1504 787 1576 poenitebit
802 1505 935 1560 euszu
946 1521 977 1559 es
1031 1504 1103 1560 teris
1117 1504 1238 1575 sanctie,
1254 1508 1400 1576 quatenus
1414 1503 1505 1560 nostri
1521 1503 1740 1560 intercessores
1765 1509 1794 1561 et
1806 1521 1855 1560 me·

156 1597 291 1654 sacerdos
306 1594 335 1650 in
349 1599 489 1651 aternum
503 1594 665 1650 secundum
681 1593 812 1649 ordinem
825 1593 977 1649 Melchise-
1032 1594 1159 1649 diatones
1174 1593 1252 1665 apud
1268 1593 1360 1649 Deum
1375 1593 1511 1649 existant.
1523 1592 1640 1657 Quanto
1655 1592 1856 1667 quippeplun'·

156 1685 413 1759 demittentem).
432 1683 625 1740 »Sacerdotis
646 1682 792 1756 siquidem
817 1687 870 1750 est,
896 1688 977 1738 etto·
1032 1681 1087 1738 bus
1112 1685 1140 1738 et
1166 1682 1329 1752 majoribus
1353 1681 1528 1738 criminibus
1552 1679 1737 1754 elongamur
1759 1700 1777 1739 a
1799 1684 1854 1749 Deo,

157 1779 336 1833 stamentum
354 1774 560 1830 mandatorum
575 1779 603 1829 et
619 1773 830 1846 promissorum
853 1772 904 1828 Dei
927 1790 978 1845 po·
1032 1769 1855 1845 tantopluribusetmajoribusmediatoribusindigemus.
1896 1784 1898 1793 ¹

158 1865 363 1941 pulotraderc,
379 1869 407 1919 et
422 1881 474 1937 pro
490 1863 774 1936 transgressionibus
790 1863 854 1934 ejus
878 1862 980 1918 otierre
1033 1859 1069 1914 Et
1086 1858 1154 1931 quia
1168 1857 1292 1914 aliorum
1308 1859 1484 1915 mediatores
1501 1861 1536 1915 ad
1551 1863 1644 1916 Deum
1663 1876 1734 1917 esse
1750 1861 1857 1918 debere·

158 1959 187 2012 et
200 1952 530 2027 interpellare.ldeoque
545 1951 681 2008 Christus
695 1956 776 2007 tanto
792 1950 979 2007 excellentius

160 2044 277 2110 dicitur,
294 2046 404 2115 quanto
421 2041 531 2097 caeteris
546 2039 754 2096 excellentibus
770 2044 979 2096 testamentum

158 2132 266 2206 populo
277 2130 407 2197 tradidit,
424 2148 476 2204 pro
491 2130 555 2202 ipso
571 2129 672 2196 oravit,
687 2134 715 2185 et
730 2130 860 2201 seipsum
882 2129 910 2184 in
935 2146 980 2185 sa-

160 2221 303 2278 crificinm
319 2219 434 2276 obtulit.
451 2219 504 2283 Oui
521 2219 654 2291 quamvis
674 2219 836 2274 secundum
862 2235 981 2273 curnem

159 2313 295 2366 mortuus
310 2309 357 2376 sit,
373 2313 471 2364 tamen
484 2307 614 2380 quotidie
625 2307 755 2365 osticium
768 2307 927 2364 sacerdotis
940 2308 953 2362 s
971 2341 982 2349 -

162 2399 211 2467 cit,
225 2399 296 2454 dum
320 2401 349 2453 et
367 2398 455 2454 corda
469 2395 570 2470 populi
590 2396 636 2452 sui
651 2396 835 2453 invisibiliter
850 2397 983 2469 quotidie

161 2489 291 2556 dorstet
305 2485 389 2559 signa
404 2486 549 2560 passionis
566 2503 624 2541 suae
638 2486 767 2559 quotidie
784 2486 858 2542 Patri
871 2504 923 2559 pro
936 2503 985 2542 no-

162 2577 208 2633 bis
224 2579 389 2650 praesentat.
403 2573 565 2647 etquotidie
581 2575 658 2647 apud
670 2575 761 2630 Deum
777 2592 829 2648 pro
845 2573 984 2630 nobisin-

161 2665 307 2740 terpellat:
321 2669 349 2721 et
363 2666 434 2719 dnm
451 2664 580 2737 quotidie
596 2664 780 2720 invisibiliter
795 2663 927 2720 hominos
939 2665 986 2720 ba·

163 2753 394 2829 plizet,absolvit
408 2758 436 2809 et
450 2752 531 2826 ligat.
541 2752 598 2809 Nos
615 2758 711 2809 autem
728 2754 840 2826 indigni
852 2755 986 2809 sacordo-

163 2848 208 2900 tes
225 2861 277 2900 neo
293 2860 408 2916 semper
428 2843 594 2899 sacerdotes
615 2859 730 2910 sumus,
747 2843 818 2915 quia
841 2842 870 2898 in
895 2846 988 2899 morte

1035 1965 1112 2015 mus,
1124 1947 1335 2004 mediatoribus
1350 1952 1379 2003 et
1393 1947 1667 2005 reconciliatoribus
1684 1951 1768 2023 apud
1777 1950 1857 2007 Deum

1036 2037 1217 2110 indigemus:
1227 2054 1284 2093 non
1295 2039 1477 2094 attendentes
1490 2037 1644 2110 quoniam,
1653 2038 1678 2094 si
1691 2038 1857 2113 quisperan-

1036 2127 1117 2192 verit,
1130 2126 1225 2183 orabit
1240 2144 1292 2199 pro
1308 2144 1341 2183 eo
1357 2128 1503 2195 sacerdos,
1516 2128 1566 2184 sed
1580 2127 1604 2182 si
1617 2129 1763 2185 sacerdos
1774 2144 1858 2202 pecca

1036 2217 1119 2288 verit,
1136 2216 1203 2289 quis
1219 2216 1313 2272 orabit
1339 2233 1390 2289 pro
1406 2215 1478 2272 itlo‘?
1494 2217 1518 2290 (l
1529 2219 1593 2288 ltcg.
1609 2219 1654 2286 u).
1671 2217 1708 2273 Et
1723 2219 1749 2274 si
1771 2218 1856 2274 incan-

1038 2309 1113 2361 tator
1126 2322 1284 2378 pereussus
1300 2305 1385 2361 tuerit
1395 2323 1412 2361 a
1422 2310 1556 2379 serpente
1568 2305 1636 2378 quis
1646 2308 1816 2363 medebitur
1826 2306 1857 2362 ei?

1039 2395 1132 2463 (Eucti.
1150 2396 1213 2462 xu,)

1075 2482 1215 2546 Quintum
1232 2482 1417 2557 privilegium
1434 2486 1478 2540 est
1493 2482 1670 2541 immunitas
1693 2486 1817 2559 peccati,
1830 2484 1858 2539 de

1040 2590 1098 2646 qua
1115 2571 1248 2629 Christus
1263 2574 1488 2629 commendatur
1506 2589 1573 2629 oum
1599 2573 1770 2630 subditur:
1790 2571 1858 2630 ratu

1041 2663 1115 2719 enim
1128 2663 1245 2719 decebat
1260 2664 1343 2719 notis
1358 2669 1390 2718 at
1403 2664 1483 2719 nobis
1498 2668 1569 2720 esset
1581 2664 1723 2736 pontifex
1738 2669 1857 2729 canelus

1040 2756 1185 2824 itinerans,
1193 2751 1556 2827 irnpottutus,seprepatur
1569 2771 1588 2808 a
1597 2754 1819 2826 peccatoribus.
1828 2757 1858 2807 lc

1043 2843 1181 2899 sidicat:
1199 2842 1315 2898 Dicebat
1337 2841 1415 2898 enim
1444 2841 1528 2898 nobis
1550 2845 1582 2897 ut
1605 2841 1676 2898 talis
1690 2843 1782 2900 nobis
1795 2844 1860 2898 esset

165 2933 295 2990 officinm
311 2936 416 2989 nostrae
427 2931 613 2989 villicationis
623 2932 798 2999 amittimus,
811 2935 840 2988 et
853 2932 989 2987 etiamvi-
1043 2931 1351 3006 pontitexsunctus,qui
1359 2931 1608 3004 persemetipsum
1617 2936 1722 3005 possst
1735 2933 1859 2989 adDeun

164 3027 266 3080 ventes
282 3023 426 3095 peccando
442 3020 603 3078 sacerdotio
619 3026 718 3078 nostro
737 3022 897 3094 privamur,
918 3022 988 3076 dum
1044 3022 1190 3089 accedere,
1208 3020 1319 3078 seilicet
1332 3026 1365 3077 ut
1380 3024 1456 3077 esset
1470 3024 1600 3078 sanctus.
1618 3021 1654 3077 nt
1668 3020 1800 3094 qualiter
1808 3038 1861 3078 san·

168 3129 221 3169 nec
245 3112 411 3184 praedicare,
437 3128 489 3167 nee
514 3110 687 3177 sacrificare,
713 3128 764 3167 nec
796 3128 878 3167 orare
913 3094 1025 3167 sioutC
1045 3115 1109 3168 ctus
1123 3115 1200 3167 esset
1216 3128 1266 3183 per
1280 3114 1377 3182 partes
1392 3111 1485 3183 aperit
1500 3112 1641 3178 innocens,
1652 3112 1755 3183 quoad
1776 3108 1860 3184 proxi·

171 3205 284 3275 oportet
298 3201 394 3257 idonei
411 3200 581 3272 reperimur.

206 3289 337 3347 Tertium
347 3288 532 3363 prIvilegium
543 3293 588 3345 est
598 3293 725 3362 potestas
737 3287 878 3358 salvandi,
887 3290 922 3346 de
933 3305 991 3362 qua

170 3378 303 3436 Christus
318 3379 541 3434 commendatur
554 3394 621 3433 oum
638 3378 793 3434 subditur:
812 3378 886 3435 Vade
899 3381 990 3434 elsat-

169 3482 238 3524 vare
252 3468 281 3524 tn
292 3476 463 3541 perpetuum
471 3468 841 3540 potest,rernperuivensad
850 3467 990 3538 interpet-

170 3556 291 3613 landum
303 3572 358 3628 pro
372 3557 462 3611 nobis.
480 3555 552 3619 Onia
566 3555 653 3611 habet
669 3573 734 3611 eum
747 3557 990 3613 Patrocoretorni·

169 3648 270 3714 tatem,
286 3644 351 3700 ideo
365 3648 394 3701 et
408 3644 651 3717 omnipotentiam
667 3644 798 3701 salvandi
813 3645 901 3702 habet
922 3663 989 3702 curn

170 3735 262 3790 Patre.
279 3733 336 3790 Nec
350 3733 446 3789 solum
462 3732 665 3789 auctoritatem
681 3733 810 3789 salvandi
828 3734 925 3803 babet,
939 3737 989 3792 sed

170 3821 257 3878 etiam
273 3821 481 3890 ministerium,
497 3838 528 3878 so
543 3839 594 3894 pro
622 3821 820 3895 redemptione
845 3825 947 3880 mundi
959 3825 989 3882 in

170 3911 297 3985 pretium
314 3911 410 3967 dando
424 3928 430 3978 ;
446 3927 516 3967 suos
536 3911 571 3966 de
595 3911 728 3967 faucibus
752 3910 912 3968 interorum
934 3914 989 3970 eri-

170 4000 416 4074 piendo,regnum
428 3999 564 4055 carlorum
579 3999 622 4056 eis
636 4000 802 4072 aperiendo,
812 4018 928 4075 semper
938 4021 989 4076 pro

171 4088 213 4145 eis
236 4090 272 4145 ad
293 4089 406 4146 Patrem
430 4087 652 4162 interpellando.
670 4089 749 4146 Unde
774 4093 989 4149 antonomatice

170 4178 264 4247 lesus,
282 4177 310 4233 id
327 4182 371 4234 est
381 4177 512 4234 Salvator
527 4182 555 4233 et
569 4178 671 4233 mundi
687 4179 863 4252 Redemptor
877 4198 989 4238 nuncu-

171 4271 266 4339 patur.
284 4264 403 4340 Legales
417 4282 484 4322 vero
509 4267 685 4333 sacerdotes,
702 4284 754 4323 noc
778 4285 819 4336 se,
837 4285 890 4324 nec
915 4268 988 4326 otios

171 4354 380 4428 persacriiicia,
389 4355 633 4427 ceremoniasque
641 4372 710 4412 suas
722 4360 855 4429 poterant
866 4358 987 4414 salvare.

1046 3218 1137 3267 mum,
1155 3199 1316 3272 impollutos
1340 3200 1425 3256 inse.
1446 3199 1480 3254 et
1501 3203 1533 3255 ut
1556 3197 1736 3272 generaliter
1758 3201 1861 3256 dicatur

1045 3290 1163 3346 omnino
1176 3297 1331 3359 segregatus
1347 3306 1363 3343 o
1375 3289 1571 3360 peccatoribus,
1584 3287 1697 3360 peccati
1715 3287 1808 3344 totius
1818 3286 1861 3341 im·

1045 3380 1292 3437 munitateDeeet
1307 3379 1414 3451 quippo
1430 3386 1461 3436 ut
1476 3383 1596 3434 sanctus
1610 3377 1651 3434 sit
1665 3378 1717 3450 qni
1730 3395 1796 3435 reos
1807 3394 1861 3433 san-

1045 3469 1162 3536 ctificat,
1179 3468 1319 3524 innocens
1335 3468 1373 3523 sit
1388 3467 1437 3540 qui
1454 3468 1589 3524 docentes
1601 3463 1862 3541 judicat,impoltu·

1044 3564 1092 3615 lus
1106 3559 1144 3613 sit
1159 3559 1208 3629 qui
1226 3563 1392 3630 peccatores
1417 3556 1502 3624 lavat,
1521 3561 1553 3612 ut
1567 3573 1584 3612 a
1600 3557 1809 3629 peccatoribus
1830 3554 1862 3610 sit

1044 3650 1216 3721 segregatus
1231 3646 1280 3719 qui
1297 3648 1355 3702 Deo
1370 3650 1536 3718 peccatores
1555 3644 1737 3702 reconciliat.
1756 3648 1788 3702 ln
1813 3660 1861 3717 quc

1045 3737 1141 3793 omnis
1163 3740 1223 3792 tam
1239 3735 1309 3791 Novi
1326 3743 1413 3808 quam
1431 3734 1545 3790 Veteris
1560 3735 1757 3805 Testamenti,
1774 3749 1860 3791 sacer·

1045 3827 1126 3882 dotes
1143 3823 1302 3897 imperfecti
1320 3824 1514 3897 reperiuntur,
1531 3823 1672 3896 quoniam
1688 3840 1779 3880 nemo
1790 3840 1863 3879 man·

1044 3916 1099 3971 dus
1114 3932 1131 3970 a
1146 3915 1240 3970 sorde.
1259 3938 1272 3963 «
1290 3915 1375 3979 aaut
1389 3913 1430 3970 ait
1442 3913 1580 3981 loannes,
1588 3912 1613 3968 si
1629 3911 1863 3986 dixerimusquia

1045 4007 1195 4076 peccatum
1212 4017 1270 4057 non
1286 4000 1429 4056 babemus
1445 4000 1587 4073 nosipsos
1603 3999 1815 4058 seducimuset
1827 4017 1864 4055 ve·

1045 4091 1116 4147 ritus
1131 4091 1160 4145 in
1176 4089 1260 4145 nobis
1276 4106 1333 4145 non
1349 4095 1393 4145 cst
1408 4089 1431 4161 (l
1439 4090 1518 4146 loen.
1534 4092 1565 4158 ι).
1581 4112 1595 4139 n
1612 4089 1669 4145 Sed
1691 4090 1786 4162 (quod
1810 4089 1865 4146 sine

1044 4180 1155 4253 gemitu
1171 4179 1266 4235 dicere
1281 4196 1337 4235 non
1352 4179 1485 4251 possum)
1502 4193 1554 4234 nos
1570 4176 1709 4234 hodierni
1734 4179 1864 4236 sacerdo·

1045 4272 1098 4336 tes,
1112 4267 1212 4341 qualos
1227 4267 1354 4323 sumus?
1369 4267 1470 4323 Nonne
1485 4284 1539 4323 nos
1553 4265 1603 4339 qui
1614 4266 1794 4349 deberemus
1808 4282 1865 4323 reos

1045 4357 1238 4423 sanctificare,
1254 4374 1303 4412 cos
1318 4356 1480 4413 econtrario
1494 4354 1571 4412 mala
1586 4350 1727 4428 opinione
1742 4371 1865 4412 carrum·

172 4443 991 4518 «ImpossibileenimestutaitAposlolus,sanguinetau·
1007 4466 1029 4530 ὓ
1045 4447 1164 4519 pimus?
1180 4447 1279 4502 Nonne
1295 4447 1345 4519 qui
1359 4449 1495 4502 nocentes
1517 4444 1694 4501 deberemus
1710 4445 1865 4511 absolvere,

170 4549 270 4589 rorum
283 4538 312 4590 et
324 4533 473 4591 hircorum
489 4532 594 4588 auferri
609 4538 727 4607 peccata
738 4534 827 4605 (lletr.
844 4535 883 4605 x).
901 4559 915 4586 »
933 4537 991 4593 Nos

171 4638 287 4695 quoqne
308 4621 466 4696 evangelici
487 4622 662 4689 sacerdotes,
688 4622 736 4695 qui
762 4627 790 4678 ot
815 4624 840 4680 si
865 4642 921 4680 non
939 4643 989 4682 au-

171 4715 275 4778 otoreS,
290 4715 385 4767 tameo
399 4710 502 4767 salutis
517 4715 628 4766 aterna
645 4711 772 4768 ministri
788 4729 851 4769 esse
873 4715 990 4771 debere-

170 4799 989 4875 musplerumquc‚quodsincgemitudicerrnonpossum

170 4887 609 4959 aliquibus,damnationis,non
619 4889 723 4947 salutis
734 4890 862 4948 ministri
874 4910 988 4961 sumus,

170 4975 242 5030 dum
268 4992 317 5031 eos
341 4995 399 5033 non
424 4978 609 5049 corripimus,
627 4980 675 5033 sed
700 4996 749 5034 cos
766 4979 842 5035 malo
857 4983 989 5054 exemplo

171 5063 397 5134 corrumpimus,
413 5066 484 5120 dum
500 5065 599 5133 etiam,
617 5065 693 5137 quod
709 5067 793 5138 peius
816 5071 870 5132 est,
888 5085 988 5125 eorum

171 5149 242 5205 vitia
268 5149 432 5224 palpamus,
450 5157 478 5208 et
502 5169 550 5208 cos
575 5154 604 5209 in
629 5154 753 5227 peccatis
769 5155 831 5211 suis
848 5157 988 5214 fovemus.

171 5237 313 5303 Quartum
329 5238 512 5313 privilegium
527 5247 572 5298 est
587 5243 777 5316 perseipsum
792 5245 827 5299 ad
842 5246 934 5303 Deum
946 5264 991 5302 ac·

172 5327 987 5400 cessio,dequaChristuscomrncndaturcumsubditur,

172 5416 313 5472 accedens
324 5431 377 5485 per
389 5421 573 5491 cernetipsum
588 5422 626 5477 ad
643 5425 740 5489 Deum,
749 5423 812 5478 sine
823 5425 920 5497 aliquo
932 5442 990 5481 me-

172 5503 354 5573 distareQui
369 5505 448 5562 enim
464 5508 557 5579 magis
572 5513 742 5582 potestesse
752 5515 925 5584 conjunctus
935 5517 989 5571 Deo

1045 4537 1088 4591 eis
1103 4536 1179 4591 malo
1195 4534 1326 4607 exemplo
1341 4535 1501 4590 nocemus?
1513 4534 1613 4592 Nonne
1626 4533 1680 4606 qui
1697 4535 1866 4591 deberemus

1045 4623 1865 4697 pollutoslnvare,vitiorumnostrorumeontagioneclios

1045 4713 1338 4787 polluimustNonne
1353 4713 1403 4785 qui
1424 4715 1589 4785 peccatores
1613 4710 1795 4769 deberemus
1816 4717 1865 4768 Deo

1046 4800 1865 4874 reconciliare,peccatisnostriscontrapeccatoresDeurn

1045 4892 1275 4947 exacerbamus?
1288 4888 1599 4964 Sextumprivilegium
1615 4893 1660 4944 est
1674 4889 1823 4947 celsitudo
1832 4889 1867 4946 di·

1045 4979 1174 5053 gnitatis,
1184 4981 1220 5035 de
1236 4996 1294 5051 qua
1309 4980 1443 5035 Christus
1453 4978 1677 5035 commendatur
1692 4995 1763 5034 cum
1776 4977 1866 5036 subdi-

1044 5074 1093 5125 tur
1110 5085 1116 5122 :
1133 5069 1273 5125 Erretsior
1285 5070 1361 5125 cretis
1375 5072 1474 5141 sectas.
1492 5068 1546 5132 Qui
1561 5068 1641 5123 enim
1656 5066 1784 5139 aqualis
1797 5065 1865 5124 Patri

1045 5157 1307 5226 residet,omnibus
1322 5158 1461 5215 coelorum
1477 5155 1671 5231 potestatibus
1682 5156 1773 5213 altior
1781 5158 1865 5214 sedet.

1045 5249 1152 5303 Omnes
1166 5264 1232 5304 vero
1247 5247 1366 5320 legales,
1384 5247 1443 5303 sive
1467 5245 1632 5322 evangelici⁸
1649 5246 1830 5311 sacerdotes,
1843 5249 1867 5300 et

1045 5337 1069 5393 si
1083 5337 1172 5409 aliqui
1188 5354 1287 5392 eorum
1304 5336 1414 5392 catoris
1428 5335 1598 5392 bominibus
1613 5335 1743 5406 majores
1757 5334 1866 5391 meritis

1044 5442 1107 5482 esse
1121 5424 1283 5494 videantur,
1300 5428 1398 5481 tamon
1415 5424 1514 5482 nullus
1529 5440 1631 5481 eorum
1647 5425 1746 5496 major
1759 5421 1865 5498 angelis

1044 5513 1315 5590 predicatur.Unde
1331 5531 1398 5571 cum
1411 5514 1532 5572 dixisset
1541 5512 1700 5572 Dominus:
1710 5535 1726 5565 a
1736 5513 1864 5570 laterna·
