3816 6006
94 254 179 315 aare
358 251 410 312 ao
433 249 688 317 oooarnrouu
709 250 877 313 arpano.
898 248 989 312 11.-
1003 248 1158 313 norun.
1183 248 1233 311 ou
1255 248 1379 312 annno
1402 248 1539 313 suono.
1725 226 1802 309 raso

101 383 255 440 rutilerios.
272 383 313 439 llx
326 380 394 438 binc
409 381 534 455 planicie
559 382 667 439 relicta·
683 399 740 438 non
763 380 857 438 multa
872 380 964 454 perA
978 379 1070 447 vinee,
1086 379 1172 437 certis
1194 379 1280 436 metis
1309 380 1492 454 designatam
1508 382 1536 435 et
1550 376 1684 449 divisam,
1702 377 1804 436 sibiet

101 473 249 547 duplicem
265 477 293 527 et
309 471 463 543 antiquum
479 470 590 527 invium
605 475 633 527 et
649 488 700 543 per
715 470 829 543 spinam
840 474 868 526 ct
879 485 924 525 ca·
979 469 1136 526 herodibus
1146 467 1208 525 suis
1220 466 1803 542 habendametpossidendam,salvasola

101 560 502 632 rubleriosdensioresusquc
512 560 548 616 ad
560 576 697 633 magnam
708 557 924 625 caveam‚ouius
978 558 1091 615 decima
1103 576 1109 627 ;
1125 575 1181 631 que
1194 557 1282 613 etiam
1298 557 1383 615 vinea
1402 557 1502 613 iuncta
1517 560 1561 614 est
1574 558 1657 615 vinee
1671 555 1803 614 eiusdem

101 668 176 724 aque
193 651 288 706 tluunt
302 649 332 704 in
348 648 588 713 Palmaream,eis
603 649 791 705 concedimus
803 667 809 717 ;
822 648 857 704 ab
869 647 924 703 hac
978 646 1118 715 Guiberti,
1137 648 1173 703 de
1188 664 1247 719 qua
1269 647 1319 703 dat
1340 645 1484 702 decimam
1500 650 1528 702 et
1541 644 1726 702 terraticum.
1747 645 1802 702 lloc

70 745 73 748 ’
100 740 213 812 prefata
236 755 322 794 cavea
346 754 440 809 usquo
466 737 501 792 ad
519 736 639 793 alteram
664 754 791 803 caveam,
809 752 864 809 que
879 740 925 792 est
978 741 1076 793 autem
1102 737 1170 793 tecit
1191 736 1372 809 prescriptos
1394 734 1550 792 Guibertus
1572 733 1695 792 consilio
1715 739 1746 791 et
1759 751 1803 792 es·

101 826 213 881 deserte
227 823 293 880 ville
303 828 330 879 et
342 840 442 880 eorum
453 824 630 880 edificationi
646 826 923 898 propinqua‚usque
978 842 1067 881 sensu
1082 825 1210 894 Hennae,
1228 824 1327 883 uxoris
1342 841 1404 892 sue,
1416 841 1472 898 que
1487 825 1571 881 heres
1584 827 1646 881 erat
1657 827 1801 899 pretaxate

101 914 136 970 ad
152 912 304 987 superiora
319 911 471 968 cacumine
484 913 629 969 montium
645 917 722 969 recta
734 912 811 969 linea
822 930 922 970 eorum
977 915 1069 972 vineo.

100 1003 217 1059 termini
229 1002 495 1058 nostradonationc
506 1001 616 1074 absque
627 1001 923 1058 ullacontradictiono
1014 1003 1108 1061 Simili
1133 1004 1219 1060 modo
1243 1004 1331 1061 aliam
1357 1003 1615 1060 commutationem
1640 1002 1711 1059 iecit
1736 1019 1799 1059 cum

99 1091 324 1148 concluduntur.
340 1091 484 1146 Addimus
499 1091 586 1146 etiam
603 1091 922 1163 predictodonounum
976 1093 1115 1151 Gauterio
1139 1093 1327 1166 Carpentario
1357 1094 1393 1150 de
1422 1093 1550 1167 quadam
1575 1092 1802 1164 vinea,queest

98 1181 216 1237 hortum
229 1180 305 1236 intra
316 1179 507 1249 Pulmoneum,
520 1180 549 1235 in
559 1197 617 1252 quo
629 1180 685 1236 due
697 1181 822 1237 cisterna
834 1180 923 1237 conti·
977 1182 1131 1239 coniuncta
1143 1180 1443 1255 prenominatevinee,
1453 1179 1573 1255 quescit
1586 1179 1734 1238 Guitberti
1749 1179 1799 1236 Pa·

97 1276 213 1328 nentur.
231 1270 288 1325 lice
316 1268 414 1324 omnia
443 1269 587 1325 donamus
615 1270 721 1326 Sancto
741 1270 881 1342 Sepulcro
895 1274 923 1326 et
977 1271 1065 1344 pasii;
1076 1289 1128 1343 pro
1143 1288 1201 1344 qua
1215 1270 1299 1327 vinea
1312 1271 1393 1327 dedit
1407 1269 1433 1327 ei
1446 1271 1476 1326 in
1492 1269 1582 1327 altera
1597 1274 1680 1345 parta
1696 1285 1800 1343 magne

97 1359 160 1419 eius
176 1357 325 1415 canonicis
340 1357 436 1413 soluta
450 1363 477 1414 et
492 1357 600 1430 quieta,
617 1359 718 1414 franca
733 1364 761 1415 et
776 1359 877 1427 libera,
895 1363 923 1415 et
975 1361 1069 1430 vinee,
1077 1363 1192 1432 juxtam
1205 1361 1249 1397 ¹⁰³⁰
1265 1377 1401 1433 magnam
1416 1358 1504 1426 viam,
1521 1359 1672 1431 quandam
1687 1363 1799 1431 partem

97 1450 134 1506 ab
149 1449 229 1506 omni
244 1447 392 1504 exactione
408 1451 435 1503 ct
451 1464 538 1519 pravo
555 1448 666 1504 usatico
683 1447 837 1518 immunia,
850 1453 878 1504 ct
890 1454 922 1505 ut
975 1449 1069 1516 vinee,
1080 1449 1167 1506 metis
1182 1448 1375 1523 designatam,
1387 1449 1476 1506 libere
1486 1452 1514 1505 et
1527 1449 1624 1522 quiete
1634 1447 1692 1504 sibi
1708 1452 1738 1504 et
1751 1446 1799 1502 be·

96 1538 153 1613 ipsi
169 1536 300 1594 canonici
317 1536 446 1593 habeant
460 1553 492 1592 ea
508 1552 575 1592 cum
591 1536 718 1593 exitibus
733 1543 762 1593 et
782 1538 921 1610 regressi·
975 1538 1094 1595 redibas
1111 1539 1173 1595 suis
1189 1537 1353 1595 habendam
1369 1542 1398 1594 et
1413 1536 1630 1610 possidendam,
1642 1535 1726 1593 salva
1741 1533 1802 1592 sola

96 1629 154 1685 bus
165 1627 270 1706 suiset
278 1624 446 1698 possideant
454 1625 515 1681 iure
526 1624 701 1682 hereditario
711 1644 762 1683 evo
769 1626 920 1699 perhenni.
975 1628 1100 1700 decima.

95 1720 137 1775 Ad
154 1717 207 1774 hec
221 1716 310 1772 etiam
326 1714 472 1771 adicimus
485 1719 513 1770 et
528 1715 716 1771 concedimus
732 1717 821 1788 quod,
835 1715 859 1772 si
875 1732 921 1773 res
1012 1718 1119 1773 Eodem
1127 1717 1213 1773 modo
1224 1716 1340 1773 deditin
1351 1717 1452 1772 eadem
1464 1715 1665 1789 magnaviuea
1675 1714 1801 1771 Ainardo

96 1807 221 1864 mobiles
236 1821 331 1862 emere
341 1804 385 1861 vel
394 1804 517 1860 vendere
533 1808 583 1860 aut
597 1803 747 1861 extrahere
763 1823 814 1862 seu
831 1807 920 1861 intro·
976 1805 1121 1863 cavallom
1138 1808 1285 1879 quandam
1297 1809 1409 1878 partem
1420 1803 1512 1874 vinee,
1525 1805 1657 1861 iunctam
1669 1803 1746 1878 parti
1760 1805 1800 1860 n·-

95 1898 212 1956 mittere
231 1894 340 1952 vdomni
370 1893 560 1960 necessarias,
578 1910 763 1966 quecumque
785 1894 845 1950 sint
860 1893 918 1962 ille,
975 1912 1028 1951 nee
1045 1895 1174 1952 (lauterii
1190 1894 1381 1967 carpentarii,
1397 1895 1483 1951 metis
1509 1893 1645 1951 similiter
1659 1893 1800 1951 termina·

94 1986 249 2051 voluerint,
267 1983 370 2040 tamin
385 1982 454 2039 villa
479 1999 567 2054 quam
593 1988 673 2039 extra
687 1980 796 2051 villam,
812 1987 873 2039 tam
887 1982 917 2038 in
974 1989 1044 2053 tam,
1061 1990 1090 2041 et
1108 1984 1187 2041 salva
1215 1983 1338 2050 decima,
1355 2000 1407 2056 pro
1434 1984 1519 2040 vinea
1547 1981 1693 2050 videlicet,
1709 1999 1796 2055 qnam

96 2077 169 2134 mari
185 2091 273 2148 quam
285 2073 314 2128 in
326 2076 413 2141 terra,
426 2071 516 2127 libere
526 2076 553 2127 et
565 2071 627 2127 sine
644 2070 703 2126 ulla
718 2071 835 2128 datione
849 2089 917 2128 con·
972 2073 1066 2130 isdem
1082 2073 1229 2129 ainardus
1245 2072 1372 2128 habebat
1386 2072 1466 2128 iuxta
1480 2072 1605 2141 vineam,
1622 2088 1681 2144 qne
1704 2071 1796 2128 fuerat

95 2164 297 2224 suetudinaria
311 2165 361 2217 ant
376 2160 485 2232 premio
501 2158 637 2233 tutialnlt.
656 2165 760 2216 Demos
776 2165 873 2216 autem
889 2165 918 2216 et
973 2163 1103 2219 Gautcrii
1117 2160 1308 2235 Carpentarii.
1320 2161 1399 2217 Hanc
1417 2161 1505 2217 etiam
1520 2162 1636 2217 vineam
1650 2161 1796 2234 prescrip·

95 2260 188 2313 terras
203 2254 262 2309 sive
276 2249 424 2323 quaslibet
439 2247 616 2305 hereditates
636 2249 699 2305 sine
714 2254 812 2305 nostra
829 2249 916 2306 licen·
971 2256 1020 2308 tus
1030 2249 1183 2316 ainardus,
1198 2249 1290 2305 nimia
1299 2254 1469 2322 paupertate
1485 2248 1667 2323 compulsus,
1679 2265 1732 2306 nec
1747 2250 1796 2305 ha·

94 2346 136 2402 tia
148 2359 253 2408 emere,
269 2339 313 2396 vel
334 2339 457 2395 donatas
472 2336 528 2392 nisi
545 2354 721 2409 perannum
737 2343 766 2395 ct
780 2338 857 2394 diem
873 2356 917 2396 re·
971 2341 1044 2397 bens
1068 2340 1146 2396 unde
1170 2356 1288 2395 uxorem
1317 2356 1407 2395 suam
1418 2343 1446 2394 et
1460 2338 1567 2395 liberos
1585 2342 1753 2395 sustentare
1767 2342 1794 2394 et

95 2435 197 2500 tinore,
214 2447 271 2487 non
287 2427 485 2484 concedimus.
502 2425 595 2482 Huius
610 2427 650 2482 rei
665 2431 754 2484 testes
769 2433 861 2483 suut:
972 2430 1095 2486 educare
1119 2432 1227 2500 posset,
1244 2429 1279 2483 ad
1305 2429 1475 2484 eorumdem
1505 2427 1752 2484 sustentationem
1766 2432 1794 2482 et

167 2519 338 2584 amalricus,
356 2514 530 2588 patriarcba.
547 2514 715 2582 Hernesius,
739 2515 917 2572 Cesariensis
972 2520 1195 2585 nutrimentum,
1208 2534 1241 2572 ac
1251 2534 1351 2573 eorum
1363 2533 1497 2588 assensu,
1509 2520 1537 2572 et
1551 2533 1697 2573 consensu
1707 2516 1792 2572 etiam

201 2606 448 2678 archiepiscopus.
471 2603 653 2673 Bonetacius,
684 2604 770 2678 Cayte
796 2605 928 2677 capellax
972 2607 1083 2664 domini
1108 2607 1244 2678 iustoque
1272 2605 1376 2662 iuditio
1391 2610 1420 2662 et
1434 2605 1542 2662 intuitu
1563 2604 1653 2672 curie,
1670 2605 1794 2661 Martino

202 2716 268 2760 nus.
287 2693 428 2768 Rogerius
443 2694 478 2749 dc
493 2692 590 2765 Gayia,
607 2698 636 2749 et
658 2692 813 2760 lohannes,
831 2695 918 2750 trater
971 2694 1156 2770 carpentario
1181 2696 1287 2752 Montis
1311 2695 1415 2751 Gaudii
1432 2712 1482 2767 pro
1496 2712 1560 2750 xxvi
1576 2693 1715 2751 bisantiis
1729 2709 1794 2750 ren·

202 2777 275 2845 eius.
286 2782 462 2848 willelmus,
475 2781 551 2855 regis
561 2780 917 2839 marescalcus.Giraudus
972 2787 1056 2844 didit.
1341 2845 1343 2849 ,

201 2880 238 2935 de
252 2873 370 2933 Couins.
387 2871 529 2928 Hearicus
539 2871 574 2927 de
584 2870 731 2927 Gilebelet.
747 2871 916 2940 balduinus,
1008 2875 1103 2931 aliam
1114 2890 1230 2947 quoque
1246 2874 1312 2929 lecit
1327 2872 1585 2930 commutationem
1597 2889 1665 2929 cum
1677 2872 1795 2928 filiabus

203 2961 440 3037 consanguineus
456 2960 582 3034 Rogerii.
599 2960 733 3016 Clemens
747 2960 850 3029 Ruina,
867 2962 917 3016 da·
973 2965 1066 3021 Pontii
1080 2962 1188 3020 Faverii
1199 2968 1227 3019 et
1237 2961 1412 3036 coniugibus
1423 2979 1524 3018 earum
1536 2961 1708 3034 dequadam
1720 2967 1796 3017 terra

203 3056 277 3129 piter
291 3051 402 3108 domini
416 3049 511 3122 Cayle.
527 3048 677 3115 Vivianus,
693 3048 863 3106 vicecomes.
973 3054 1051 3110 culta
1075 3053 1233 3108 habentem
1258 3053 1359 3125 iugera
1382 3069 1446 3118 xxx,
1464 3054 1529 3124 que'
1544 3055 1589 3107 est
1603 3051 1632 3106 in
1649 3049 1795 3107 territorio

132 3154 216 3203 Anno
231 3145 267 3201 ab
283 3139 482 3198 incarnatione
512 3138 627 3195 Domini
655 3155 748 3194 Mctxv
776 3139 852 3195 facta
874 3124 954 3195 ‹2le
974 3142 1139 3210 Kalaudrie,
1155 3142 1191 3197 dc
1206 3159 1265 3213 qua
1279 3141 1422 3197 decimam
1439 3145 1467 3196 et
1483 3140 1652 3196 terraticum
1669 3139 1793 3207 dabant;

95 3243 185 3297 carta.
973 3249 1025 3306 pro
1040 3248 1074 3287 ea
1088 3229 1178 3303 igitur
1192 3233 1269 3286 terra
1284 3229 1365 3285 dedit
1385 3228 1426 3285 eis
1450 3229 1524 3285 duas
1548 3228 1642 3300 petias
1669 3227 1753 3284 vinee
1766 3226 1795 3282 in

131 3328 190 3401 Ego
204 3322 355 3386 Vivianus,
372 3318 509 3374 dominus
525 3316 674 3390 predictus
689 3316 724 3372 de
739 3316 834 3390 Cayie,
850 3333 917 3373 cum
971 3320 1046 3378 valle
1056 3321 1161 3376 Sancte
1172 3317 1271 3387 Mane,
1284 3335 1374 3374 unam
1385 3317 1543 3374 habentem
1554 3317 1656 3390 iugera
1666 3334 1694 3374 iv
1709 3320 1739 3373 ct
1753 3314 1795 3372 al-

96 3424 265 3474 uxore'mea
280 3407 407 3465 Beatrice
423 3411 451 3462 et
466 3405 526 3460 tilio
540 3422 604 3461 meo
622 3405 737 3476 Pagone
752 3422 819 3460 cum
831 3422 918 3461 uxore
972 3414 1065 3467 torem
1078 3409 1179 3482 iugera
1193 3425 1212 3464 11
1229 3423 1285 3480 que
1302 3407 1420 3481 quidem
1433 3407 1551 3462 luerunt
1561 3407 1659 3462 fratris
1670 3405 1747 3462 Petri
1762 3405 1796 3461 de

96 3521 151 3563 sua
167 3501 310 3558 llodierna
332 3497 408 3551 banc
424 3499 535 3550 cartam
552 3492 613 3548 fieri
630 3494 772 3560 iussimus
787 3498 815 3549 et
830 3494 918 3567 sigilli
973 3498 1114 3565 Rametis,
1131 3499 1166 3554 de
1182 3497 1290 3569 quibus
1305 3495 1360 3568 ipsi
1374 3499 1403 3551 et
1417 3495 1538 3552 heredes
1563 3511 1664 3551 eorum
1679 3494 1796 3551 tertiam

96 3590 189 3650 nostri
205 3585 396 3659 impressione
411 3581 659 3639 confirmavimus.
972 3592 1085 3661 partem
1097 3591 1125 3643 et
1136 3585 1280 3642 decimam
1297 3585 1418 3640 dabunt.
1430 3583 1514 3639 Dedit
1529 3586 1626 3639 autem
1638 3587 1667 3640 et
1677 3582 1796 3656 Stepha-

434 3688 579 3745 cxxvflt,
973 3693 1010 3732 no
1027 3675 1178 3731 Pastinace
1201 3675 1328 3741 vineam,
1345 3689 1402 3746 que
1418 3672 1473 3728 fuit
1489 3672 1586 3728 fratris
1599 3671 1732 3740 ernaldi,
1747 3671 1796 3728 tali

97 3800 280 3847 entvtcaoruu
300 3798 334 3837 ne
354 3794 558 3836 oanarronraus
574 3795 606 3832 ar
622 3793 776 3834 transnare
791 3795 920 3835 accesere
973 3765 1093 3838 <lumem
1110 3767 1194 3836 pacm
1211 3767 1243 3818 ¹¹2
1257 3761 1399 3818 5⁰⁰¹¹¹i⁸¹¹¹
1418 3765 1526 3817 tellam
1542 3760 1703 3833 Pfflscfil)te
1717 3761 1797 3817 Vim

132 3874 230 3916 sanam
250 3869 385 3910 scrutum
404 3866 531 3905 srusoant
549 3865 678 3905 succesus
692 3866 839 3906 canonicis
854 3868 920 3908 rsa·
974 3854 1167 3927 pertinentem
1185 3850 1338 3925 plantaret,
1351 3851 1425 3906 etde
1435 3854 1559 3923 utraque
1571 3848 1697 3923 singulis
1712 3850 1797 3908 annis

130 3942 310 3989 ‘HNENT'BUS-
973 3943 1157 4000 medietatem
1175 3945 1203 3997 et
1214 3939 1357 3996 decimam
1374 3939 1515 3996 redderet.

234 4013 311 4085 (Vide
327 4015 357 4069 ²³²
372 4011 514 4068 Gallium
529 4009 568 4065 m
581 4007 616 4065 “d
630 4026 676 4065 απ·
694 4010 787 4080 1198)
1010 4032 1081 4088 Item
1107 4030 1195 4087 aliam
1226 4029 1293 4085 tecit
1308 4029 1567 4102 commutationem
1582 4043 1650 4083 cum
1666 4025 1757 4102 Helya
1770 4032 1798 4084 et

421 4117 528 4172 CXXIX
544 4117 598 4172 ¹⁰¹⁹.
973 4121 1087 4187 Amico,
1102 4136 1208 4194 genero
1223 4134 1286 4186 suo,
1303 4119 1339 4174 de
1354 4119 1481 4190 quadarn
1504 4121 1587 4191 parte
1612 4117 1668 4172 orti
1683 4133 1796 4185 eorum,

96 4227 281 4275 cainaeorum
296 4226 331 4265 or
346 4219 618 4287 conaturarronraus
632 4222 777 4264 irruamus
789 4223 848 4263 cuu
860 4223 920 4270 our·
974 4227 1030 4284 que
1045 4215 1089 4266 est
1113 4210 1193 4265 iuxta
1218 4206 1413 4280 berquilium;
1431 4222 1487 4279 que
1502 4221 1571 4279 pars
1585 4206 1622 4261 ab
1635 4204 1693 4261 alia
1704 4209 1796 4279 parta,

192 4300 306 4341 BUSDAM
321 4294 519 4336 BURGENSOEUS
535 4294 702 4334 “AHUMBROE
717 4295 822 4334 mm·
974 4316 1063 4372 quam
1074 4297 1129 4371 ipsi
1142 4297 1195 4354 sibi
1207 4297 1400 4361 retinuerunt,
1409 4295 1493 4351 metis
1504 4293 1597 4349 divisa
1606 4295 1664 4361 est;
1676 4310 1730 4366 pro
1741 4310 1798 4367 qua

131 4394 239 4450 Notum
255 4387 293 4446 sit
307 4385 456 4450 omnibus,
476 4387 535 4440 tam
551 4383 658 4439 suturis
674 4399 761 4455 quam
778 4384 919 4455 presenti·
974 4388 1101 4444 dediteis
1111 4386 1260 4460 quandam
1270 4387 1465 4458 partomterre
1480 4381 1559 4439 illius
1572 4381 1695 4446 inculte.
1708 4399 1797 4455 quam

96 4485 162 4551 bus,
180 4480 257 4554 quod
272 4474 430 4542 Arnaldus,
441 4471 585 4530 Dominici
598 4471 752 4544 Sepulchri
764 4473 853 4545 prior,
861 4491 926 4534 con.
939 4495 963 4561 D
979 4494 1067 4551 super
1080 4476 1236 4533 concordia
1252 4472 1368 4530 lioberti
1381 4472 1416 4528 dc
1427 4472 1526 4528 Retest
1535 4471 1597 4543 ipse
1611 4474 1640 4527 et
1654 4469 1703 4526 alii
1716 4488 1799 4528 cane

97 4567 162 4631 silio
178 4574 207 4627 et
221 4582 344 4625 assensu
369 4560 499 4635 capituli,
517 4559 584 4617 tecit
607 4561 685 4632 apud
709 4561 921 4619 Mabumariam
979 4565 1037 4622 nici
1053 4566 1149 4637 adepti
1163 4565 1290 4631 lucrant3
1303 4578 1359 4634 que
1374 4560 1461 4617 etiam
1478 4558 1650 4618 terrsaflnls
1665 4564 1710 4617 est
1724 4564 1799 4617 terre

97 4660 251 4736 quasdam,
268 4672 324 4729 que
340 4651 576 4720 subscribuntur,
594 4651 839 4707 commutationes
854 4669 921 4709 cum
976 4655 1072 4729 ipsius
1084 4653 1180 4726 Helye.

97 4749 276 4824 quibusdam
292 4743 350 4799 iam
365 4740 442 4796 dicte
457 4738 523 4795 ville
539 4739 746 4812 burgensibus.
1013 4745 1145 4814 Itemque
1159 4739 1247 4798 aliam
1258 4741 1327 4797 tecit
1342 4741 1601 4797 commutationem
1616 4755 1685 4796 cum
1700 4739 1800 4812 Hospi-

134 4837 297 4905 Quamdam
308 4831 416 4888 etenim
429 4828 494 4885 tecit
505 4827 765 4885 commutationem
781 4830 923 4885 cumGui-
976 4831 1038 4898 tali,
1055 4831 1133 4903 quod
1149 4834 1193 4886 est
1207 4829 1399 4896 Mabumarie‚
1412 4830 1447 4885 de
1462 4829 1589 4902 quadam
1603 4833 1684 4900 parte
1699 4828 1798 4885 cuius·

97 4929 179 4986 berto
190 4921 311 4996 Papasio
322 4921 357 4976 dc
369 4919 495 4992 quadam
507 4916 640 4973 videlieet
650 4917 744 4987 vinca,
757 4935 846 4991 quam
857 4935 921 4991 pre·
978 4922 1045 4977 darn
1060 4920 1126 4986 orti,
1140 4937 1196 4992 que
1211 4924 1290 4975 tenet
1304 4937 1321 4976 a
1333 4918 1477 4992 berquilio
1499 4916 1631 4989 Sepulori
1652 4933 1749 4991 usque
1764 4917 1799 4973 ad

99 5018 177 5074 latus
191 5012 348 5069 Guibertus
363 5007 454 5064 libere
474 5006 601 5062 habebat
616 5010 645 5062 et
660 5006 828 5078 possidebat
844 5007 923 5062 iuxta
976 5007 1153 5081 berquilium
1169 5008 1301 5064 eiusdem
1317 5006 1476 5081 Hospitalis
1492 5023 1498 5061 :
1516 5022 1568 5078 pro
1583 5021 1641 5077 qua
1656 5011 1740 5078 parte
1755 5006 1800 5062 de·

98 5102 252 5163 ecclesiam
263 5097 370 5155 Montis
381 5095 641 5167 Gaudii,cimiterio
651 5095 922 5153 videliceteiusdem
976 5098 1019 5154 dit
1030 5099 1089 5153 iam
1115 5098 1193 5155 dicto
1218 5096 1359 5171 Hospitali
1375 5098 1433 5153 duo
1449 5095 1550 5168 iugera
1563 5094 1656 5161 vinee,
1672 5111 1730 5166 que
1746 5095 1800 5151 fuit

99 5190 220 5251 ecclesie
234 5189 419 5245 coniunctam
432 5204 439 5254 3
456 5203 507 5258 pro
523 5186 577 5241 bac
601 5185 693 5260 igitur
706 5184 790 5242 vinea
805 5184 885 5241 dedit
896 5186 922 5241 ei
976 5187 1074 5243 fratris
1088 5186 1228 5260 Stephani
1245 5185 1361 5255 ortulis,
1378 5185 1457 5242 salva
1473 5183 1536 5242 sola
1550 5182 1673 5239 decima.

99 5296 152 5356 pro
167 5275 394 5338 commutatione
408 5273 438 5329 in
454 5278 584 5331 extreme
598 5279 679 5348 parte
699 5290 805 5346 magne
827 5275 920 5344 vinee,
1013 5276 1084 5331 Item
1102 5280 1204 5332 notum
1221 5273 1282 5330 fieri
1297 5272 1433 5329 volumus
1457 5270 1601 5328 universis
1616 5271 1695 5344 quod
1711 5271 1802 5328 irater

99 5385 157 5446 quc
175 5372 221 5424 est
234 5367 315 5422 iuxta
329 5364 405 5419 viam
434 5364 627 5436 superiorem,
644 5363 793 5436 quandam
808 5366 921 5436 partem
978 5364 1120 5422 Robertus
1148 5362 1302 5421 Poroarius
1330 5361 1452 5429 donum,
1469 5361 1546 5435 quod
1566 5359 1637 5419 olim
1653 5359 1689 5419 de
1703 5360 1802 5438 seipso

134 5549 181 5629 ‚²⁰¹⁸
194 5550 230 5631 A,
246 5548 269 5610 h
284 5547 345 5623 107,
361 5557 409 5620 v03
426 5559 553 5624 meaque
568 5543 643 5602 dans
658 5547 690 5602 Β.
729 5544 774 5582 ¹⁰³⁰
788 5542 921 5624 corriges
935 5545 1026 5608 taeta.
