3816 6006
73 324 81 383 i
336 319 513 382 HDbilblAE
535 318 572 380 IN
594 317 720 381 uulsi.
743 318 793 380 iii
815 318 958 380 uvius.
983 317 1159 380 DOMINIG.
1175 348 1213 365 -
1228 317 1328 380 PARS
1351 318 1375 378 Ι.
1627 316 1708 376 itit

73 453 353 511 sscouscmmotiocis
378 451 434 507 eidi
448 451 541 522 ficem,
557 450 643 506 totum
666 448 868 517 mondotumA
884 466 943 506 sna
963 449 1197 523 desperationem
1219 448 1417 524 pramuuiret.
1435 448 1529 513 Quare
1553 445 1708 502 duodecim

73 561 79 599 ι
98 541 453 611 nimis(Psol.cxvn1).Et
474 539 627 606 Dominus,
644 540 674 596 in
698 539 753 595 hae
768 542 829 595 tota
886 540 1020 596 tantum?
1037 541 1070 596 Ut
1085 540 1299 595 demonstraret
1321 541 1436 594 tantum
1461 534 1625 607 apostolica
1640 535 1708 593 doo-

73 632 170 690 isudet
185 635 214 687 et
231 629 379 703 Propheta
394 630 497 698 (decb.
509 633 589 700 narr).
884 628 967 685 trinis
982 646 1122 702 sequaces
1144 645 1208 684 esse
1223 628 1338 702 dignos,
1348 626 1483 683 humana
1500 622 1710 696 redemptionis

75 721 176 795 quitur
196 736 264 794 pars
281 718 395 791 quinta,
406 718 435 774 in
460 735 518 791 qua
533 717 660 776 ostendit
673 717 831 791 Apostolus
885 735 1042 791 agnoscere
1058 723 1086 775 et
1104 716 1278 792 participare
1301 719 1529 773 sacramentum.
1547 716 1640 780 Quare
1664 727 1709 769 se·

73 809 79 867 l
94 808 216 867 chorites
231 825 374 881 uunquam
383 808 495 865 excidit.
508 811 665 880 Propterea
678 824 829 880 uunquam
885 809 984 864 creto?
996 808 1033 865 Ut
1052 813 1187 865 sanctum
1210 824 1268 863 non
1291 806 1396 862 debere
1421 802 1483 860 dari
1507 802 1640 870 canibus,
1657 818 1710 858 neo

74 902 86 955 t
101 897 151 972 qui
168 897 304 955 charitati
325 897 463 954 adheret.
476 897 543 953 Vita
556 897 635 954 enim
658 897 757 953 futura
772 913 829 954 nou
885 897 1061 971 margaritas
1086 896 1183 970 porcis
1208 896 1422 952 demonstraret
1435 892 1539 964 (llottb.
1556 894 1616 961 an).
1628 890 1711 947 Unde

73 993 122 1055 ret,
139 986 199 1043 imo
222 985 354 1059 perficiet
375 985 559 1042 charitatem.
576 986 736 1053 cocenim
752 1002 831 1043 nunc
884 987 962 1042 idem
974 986 1015 1043 ait
1031 1003 1037 1042 :
1055 988 1143 1052 Votis,
1161 985 1268 1058 inquit,
1283 985 1425 1041 detumest
1440 998 1518 1038 nosse
1529 981 1710 1054 mysteriarc-

83 1081 129 1135 est
143 1077 180 1133 ad
195 1077 269 1133 bene
285 1075 470 1145 merendum,
487 1079 558 1132 tuuc
580 1074 697 1132 dabitur
712 1075 741 1131 in
757 1092 829 1148 pra·
884 1077 1217 1148 pniDei,caetorisoutem
1227 1077 1258 1130 in
1266 1072 1554 1147 parobolis(llcrc.1v;
1566 1068 1708 1142 Lucvui).

73 1166 305 1224 acceleravere
320 1166 407 1232 bona,
425 1183 489 1238 quae
505 1182 582 1222 nuno
597 1165 706 1223 habent
720 1164 828 1233 locum,
885 1165 1034 1222 Moraliter
1045 1169 1152 1232 autem,
1166 1165 1270 1221 iratres
1284 1162 1353 1233 mei,
1364 1160 1484 1218 instruit
1497 1176 1552 1216 nos
1566 1157 1709 1216 Dominus

86 1255 254 1313 cessabunt.
266 1254 429 1312 Cessabunt
441 1253 612 1328 prophetia,
624 1252 762 1327 quianon
775 1255 831 1310 erit
884 1254 1015 1329 exemplo
1024 1254 1230 1327 sui‚quomodo
1239 1247 1653 1327 supernamierusalemadire
1662 1249 1708 1305 de·

88 1344 195 1401 absens
210 1343 254 1399 vel
278 1342 427 1400 oecultum
442 1344 520 1416 quod
538 1343 573 1401 de
588 1344 646 1400 Deo
671 1343 827 1401 videbitur.
884 1344 1016 1401 beamus,
1029 1342 1200 1401 Sicutenim
1211 1342 1273 1416 ipse
1288 1340 1471 1399 ascendendo
1482 1337 1706 1411 lerosolymam,

75 1432 169 1491 abunt
195 1432 313 1505 lingua,
330 1431 400 1504 quia
427 1448 473 1489 res
502 1435 531 1488 et
558 1431 694 1506 cogitatio
716 1436 827 1506 aperta,
883 1433 1032 1505 patiendo,
1045 1433 1207 1501 moriendo,
1219 1432 1408 1505 resurgendo,
1419 1427 1591 1487 ascenditio
1601 1425 1706 1484 caelum

72 1519 184 1577 ilestari
199 1520 464 1594 significationibus
480 1522 685 1593 denegabunt.
697 1520 830 1578 (lassabit
883 1522 918 1578 ad
932 1523 1056 1591 Patrem,
1067 1521 1109 1579 ita
1118 1539 1181 1590 nos,
1196 1522 1300 1578 iratres
1309 1517 1487 1589 charissimi,
1499 1516 1706 1574 imavitiorum

73 1608 132 1678 itia,
142 1609 211 1683 quia
225 1613 295 1665 tuno
308 1626 367 1666 nou
383 1609 438 1666 erit
452 1608 612 1682 specularis
623 1614 652 1666 et
663 1610 828 1666 umbratilis
882 1611 1011 1678 vitando,
1027 1609 1232 1666 tribulationes
1252 1608 1398 1682 patiendo,
1415 1607 1525 1663 mundo
1544 1605 1707 1672 moriendo,

73 1697 135 1768 itia,
144 1699 195 1756 sed
213 1702 314 1771 aperta
331 1699 379 1755 Dei
393 1698 476 1756 visio.
488 1697 621 1756 (lassabit
635 1699 713 1756 enirn
728 1699 801 1756 fides
817 1716 824 1755 :
883 1699 1150 1773 animaetcorpore
1162 1699 1352 1770 resurgendo,
1366 1698 1402 1754 ad
1419 1696 1565 1754 ooelestem
1580 1694 1707 1768 patriam

73 1787 127 1844 rim
141 1805 205 1860 qua
221 1788 307 1844 modo
324 1787 484 1845 invisibilia
499 1787 656 1855 credimus,
668 1792 738 1844 tunc
753 1806 826 1862 pre·
840 1823 866 1890 B
882 1789 1040 1846 ascendere
1052 1792 1175 1862 oportet.
1186 1789 1226 1843 Ac
1236 1789 1261 1846 si
1272 1787 1380 1845 diceret
1394 1785 1555 1842 Dominus:
1571 1785 1624 1853 Qui
1636 1783 1708 1840 milri

76 1875 162 1934 aliter
172 1875 488 1935 videbimuscessahit
498 1893 575 1949 spes,
588 1877 707 1949 quando
717 1877 826 1934 obtine·
878 1879 1030 1946 ministrat,
1045 1895 1088 1935 arc
1102 1886 1241 1951 sequatur.
1259 1879 1292 1933 lit
1304 1878 1354 1932 cti
1367 1892 1429 1931 sum
1442 1891 1501 1945 epe,
1513 1874 1573 1930 iilic
1586 1881 1613 1930 et
1625 1873 1707 1929 mini-

72 1966 181 2039 1squ0d
190 1965 514 2038 sperabamuscmteris
522 1965 622 2039 itaque
630 1965 824 2035 cessantibus,
879 1976 1020 2024 stermeus
1030 1969 1084 2024 erit
1094 1969 1183 2036 (loon.
1195 1968 1257 2034 xri).
1267 1966 1378 2039 ltaque,
1389 1965 1505 2032 iratres,
1515 1963 1585 2020 totis
1594 1961 1706 2019 viribus

82 2053 209 2111 charitas
234 2053 390 2128 augebitur
404 2058 433 2110 et
456 2053 631 2127 perficietur.
644 2057 727 2112 Tunc
747 2055 824 2111 enim
880 2056 1034 2112 nitendum
1058 2060 1113 2112 est.
1128 2056 1202 2112 Nam
1218 2055 1243 2112 si
1265 2070 1333 2111 cum
1355 2058 1436 2110 tanto
1454 2052 1562 2110 sudore
1575 2049 1706 2109 eulmina

73 2141 208 2217 iligemus
220 2143 323 2211 Deum,
332 2143 411 2215 quod
423 2143 460 2199 ab
471 2145 536 2215 ejus
547 2160 646 2201 amore
657 2144 825 2201 nullatenus
881 2145 1025 2201 montium
1037 2144 1348 2216 ascendimus‚quanto
1359 2142 1457 2199 labore
1467 2158 1541 2215 opus
1551 2145 1597 2198 est
1610 2140 1705 2214 gravi·

73 2231 160 2288 rimus
174 2232 303 2304 separari
327 2230 371 2288 vel
398 2235 552 2304 tepescere.
570 2233 730 2290 Pensemus
745 2250 823 2307 ergo,
879 2234 930 2290 tati
948 2239 1053 2292 nostra
1070 2234 1175 2290 nitenti
1191 2234 1226 2289 ad
1244 2231 1370 2289 eoelum‘l
1381 2232 1466 2288 'Peste
1479 2230 1557 2286 enim
1568 2229 1703 2287 Domino.

73 2337 103 2378 es
129 2320 197 2391 mei,
214 2337 373 2394 pensemus
400 2326 461 2378 toto
484 2322 580 2390 corde,
597 2328 718 2395 quanto,
735 2340 824 2395 quam
880 2323 939 2380 lata
956 2329 987 2381 et
1000 2323 1129 2397 spatiosa
1143 2328 1187 2380 est
1206 2324 1334 2395 viaque
1349 2321 1431 2378 ducit
1446 2321 1482 2378 ad
1497 2320 1703 2393 perditionem,

73 2409 181 2467 [rabilis
190 2410 246 2466 erit
256 2409 405 2467 beatitudo
416 2408 477 2478 illa,
490 2409 539 2467 uhi
551 2411 645 2466 sancti
660 2410 823 2484 illud,quod
879 2419 908 2470 et
923 2413 1009 2471 multi
1020 2418 1143 2470 currunt
1156 2429 1208 2485 per
1217 2429 1297 2482 aam;
1311 2412 1361 2468 sed
1378 2414 1503 2484 angusta
1517 2413 1545 2466 et
1557 2409 1705 2465 arduaest

73 2517 114 2557 >er
127 2499 157 2555 in
173 2500 227 2556 bac
242 2499 476 2573 peregrinatione
492 2500 739 2568 desideraverant,
757 2518 825 2574 spe·
878 2503 934 2567 via,
952 2520 1016 2576 qua
1032 2502 1113 2559 ducit
1138 2502 1174 2558 ad
1197 2501 1297 2569 vitam,
1314 2504 1342 2557 et
1366 2501 1451 2573 pauci
1476 2499 1640 2556 ascendunt
1653 2513 1705 2570 per

73 2589 357 2661 ront,exquisierant,
376 2589 663 2662 contemplabuntur,
678 2590 824 2664 amplexa·
879 2609 943 2648 eam
964 2590 1258 2663 (llottb.v11).Faoitis
1275 2594 1320 2646 est
1339 2589 1428 2658 enim,
1440 2593 1514 2645 teste
1537 2591 1623 2660 poeto
1638 2589 1703 2661 (25),

72 2694 117 2748 ur,
132 2678 266 2734 fruentur
281 2677 343 2734 sine
358 2683 448 2746 metu,
461 2678 524 2735 sine
538 2678 663 2745 desecto,
677 2679 739 2736 sine
750 2679 824 2736 invi·
879 2683 1039 2738 descensus
1051 2680 1165 2736 Averni.
1177 2678 1272 2735 Facile
1286 2682 1331 2734 est
1348 2678 1456 2750 quippe
1480 2676 1654 2733 descendere
1669 2676 1705 2732 de

73 2765 121 2825 ilbi
134 2768 188 2824 etsi
204 2785 258 2841 par
280 2785 338 2823 non
363 2767 417 2824 erit
442 2774 610 2824 sanctorum
635 2768 764 2837 claritas,
781 2774 824 2825 ta·
880 2768 1006 2844 ingluvie
1021 2770 1058 2826 ad
1083 2768 1247 2836 libidinem,
1263 2769 1300 2823 de
1314 2766 1435 2829 libidine
1451 2767 1486 2823 ad
1503 2765 1704 2839 cupiditatem,

81 2872 135 2931 par
158 2856 213 2913 erit
236 2856 388 2929 goudium.
400 2855 506 2913 Omnia
530 2856 607 2912 enim
633 2857 719 2913 faciet
743 2873 824 2912 com·
879 2861 914 2916 de
930 2860 1089 2934 cupiditate
1105 2859 1140 2914 ad
1153 2854 1317 2928 avaritiam,
1328 2861 1357 2913 et
1370 2857 1411 2912 ita
1425 2856 1461 2912 de
1474 2855 1585 2914 vitiain
1600 2854 1704 2912 vitium

73 2942 98 3002 ia
112 2963 195 3003 amor
217 2963 305 3014 unus,
317 2949 348 3002 et
361 2945 496 3002 voluntas
512 2962 580 3001 una.
594 2945 704 3018 ltaque,
720 2946 825 3002 iratres
879 2965 973 3022 usque
987 2949 1017 3004 in
1034 2953 1172 3004 aternam
1184 2946 1472 3003 damnationem.Sed
1482 2943 1566 3001 valde
1580 2943 1703 3001 laborio-

82 3032 267 3093 dilectionem
292 3035 343 3091 Dei
370 3039 398 3090 et
421 3033 556 3108 proximi,
573 3051 638 3106 que
663 3033 747 3092 nobis
770 3035 826 3091 erit
879 3055 945 3093 sum
960 3037 1131 3104 esi,iratres
1156 3035 1224 3104 mei,
1241 3035 1397 3092 ascendere
1422 3034 1458 3090 ad
1480 3032 1701 3100 abstinentiam,

73 3123 151 3181 oium
173 3124 202 3179 in
218 3124 322 3196 patria,
339 3126 399 3179 toto
424 3123 510 3180 eorde
536 3127 689 3180 teneamus
712 3124 742 3179 in
766 3123 822 3180 via.
879 3128 914 3184 de
929 3125 1106 3183 abstinentie
1127 3126 1164 3182 ad
1179 3124 1400 3192 continentiam,
1414 3124 1449 3180 de
1471 3120 1652 3178 continentia
1665 3121 1702 3178 ad

73 3212 203 3271 romnis
218 3213 376 3287 diligamus
399 3213 503 3280 Deum,
517 3211 567 3285 qui
590 3229 678 3286 super
693 3230 747 3271 nos
766 3218 821 3271 est.
838 3194 860 3264 G
878 3215 981 3272 mundi
997 3219 1209 3287 contemptum,
1226 3219 1255 3271 et
1274 3213 1315 3269 ita
1330 3214 1365 3270 de
1380 3212 1487 3268 virtute
1511 3211 1541 3266 in
1564 3211 1701 3268 virtutem

73 3318 121 3365 >uo
134 3302 292 3376 diligamus
307 3301 437 3359 animam
451 3307 665 3374 nostramque
680 3302 822 3362 intranos
878 3321 972 3379 usque
992 3305 1028 3362 ad
1052 3303 1178 3377 patriam
1205 3302 1363 3360 eoelestem.
1381 3303 1460 3358 llanc
1488 3300 1699 3371 ascensionem,

73 3391 143 3451 tiout
168 3409 231 3460 nos,
245 3390 403 3464 diligamus
423 3391 591 3464 proximum
611 3397 757 3461 nostrum,
773 3392 822 3465 qui
878 3397 992 3465 iratres,
1006 3411 1062 3450 non
1078 3398 1173 3466 potest
1187 3394 1282 3450 facere
1298 3408 1390 3465 perse
1404 3391 1502 3460 bomo,
1512 3389 1570 3447 nisi
1580 3390 1700 3462 adjutus

73 3495 148 3538 inus
167 3485 221 3538 est.
239 3483 310 3536 Cum
328 3479 502 3537 discretione
518 3480 684 3537 nutriamus
705 3498 822 3538 earnem
878 3489 976 3542 abeo.
987 3483 1069 3541 Unde
1087 3482 1250 3539 Dominus:
1269 3486 1353 3540 Nemo
1374 3487 1468 3553 potest,
1485 3479 1591 3553 inquit,
1607 3479 1701 3536 uenire

73 3586 127 3626 am
142 3586 207 3642 qua
230 3569 306 3625 inira
331 3585 384 3625 nos
399 3572 453 3637 est,
466 3573 611 3642 quatenus
635 3569 744 3642 pariter
757 3587 823 3644 per·
877 3573 912 3629 oti
926 3588 978 3642 me,
994 3574 1052 3628 nisi
1070 3574 1153 3628 Pater
1172 3588 1247 3628 meu
1269 3571 1380 3627 coebstis
1396 3571 1514 3627 traverit
1532 3568 1699 3640 mtmltoon.

73 3675 93 3715 e
108 3674 274 3714 mereamur
296 3658 332 3715 ad
356 3657 515 3714 videndum
529 3659 621 3714 Deum
645 3659 767 3715 deorum
791 3661 822 3716 in
877 3662 926 3735 vr).
938 3661 1106 3719 clamemus
1120 3660 1211 3735 igitur
1225 3661 1261 3718 ad
1276 3677 1354 3732 eum,
1368 3661 1482 3728 iratres,
1496 3656 1658 3715 clamemus
1673 3660 1703 3713 et

73 3747 141 3812 ‚ubi
160 3751 205 3803 est
230 3763 354 3820 regnum
379 3747 443 3804 sine
466 3748 603 3816 termino,
614 3747 735 3805 satietas
759 3749 822 3806 sine
878 3751 1011 3808 dieamus
1025 3750 1069 3807 ei:
1084 3751 1169 3807 Troico
1182 3767 1225 3806 mc
1238 3757 1297 3821 port
1311 3757 1499 3817 tacueramus
1514 3748 1544 3803 in
1559 3746 1639 3804 odore
1652 3762 1704 3802 ιιι·

73 3834 123 3907 lio,
137 3835 248 3893 sanitas
271 3835 334 3892 sine
350 3836 462 3903 morbo,
475 3837 616 3908 juventus
641 3837 705 3893 siue
730 3836 821 3907 senio,
877 3848 1041 3911 pacatorum
1051 3847 1161 3896 tuorum
1171 3839 1259 3912 (Cant.
1273 3842 1301 3909 ι).
1314 3838 1491 3909 Nem,juxta
1505 3835 1699 3910 Prophetiam:

73 3942 103 3983 m
118 3923 180 3981 sine
202 3941 334 3993 moerore,
346 3925 488 3999 gaudium
514 3925 577 3982 sine
602 3926 670 3992 fine,
683 3925 824 3999 largiente
877 3931 977 3986 Beatus
999 3935 1037 3984 cst
1063 3930 1115 3996 uir,
1132 3930 1211 4000 cujus
1229 3934 1268 3984 est
1282 3929 1422 3984 otacilium
1446 3929 1494 3983 obs
1518 3934 1553 3992 te,
1567 3925 1702 3982 ascensio·

73 4013 118 4070 ino
129 4017 229 4072 nostre
239 4015 309 4072 iesu
321 4014 446 4083 Christo,
455 4013 506 4087 qui
516 4031 583 4070 cum
595 4015 678 4071 Patre
693 4019 721 4070 et
735 4014 823 4088 Spiri-
876 4035 925 4075 nes
939 4020 970 4074 in
982 4016 1062 4074 corde
1076 4034 1125 4073 suo
1144 4017 1278 4089 disposuit
1302 4018 1420 4072 existens
1435 4017 1466 4070 ic
1480 4016 1552 4071 cotie
1566 4015 1703 4086 lcmymo·

73 4107 150 4160 tuoto
165 4103 236 4159 vivit
250 4106 279 4159 et
295 4107 396 4176 regnat
419 4104 497 4159 Deus
521 4120 573 4176 por
596 4102 695 4159 omnia
719 4103 824 4160 secula
877 4125 941 4164 ratu
961 4109 992 4163 in
1013 4107 1069 4162 loco
1093 4122 1173 4178 quern
1196 4107 1287 4177 posuit
1301 4104 1386 4177 (Psoi.
1404 4103 1529 4176 cuxani).
1546 4105 1582 4160 iit
1604 4103 1706 4176 procul

75 4191 182 4251 lorum.
195 4194 298 4248 Amen.
878 4195 968 4252 dubio
982 4194 1118 4251 fidelihus
1134 4193 1207 4249 nihil
1222 4194 1258 4249 de
1274 4210 1315 4260 se,
1328 4194 1379 4249 sed
1390 4194 1426 4249 do
1437 4193 1495 4274 Dee
1509 4195 1626 4249 tantum
1636 4209 1708 4266 pra-

280 4296 434 4354 HOM1L1A
452 4298 545 4354 xxxl,
879 4283 1076 4350 sumentibus,
1089 4281 1306 4339 benedictiones
1318 4281 1480 4355 gratiarum
1500 4281 1575 4338 dabit
1595 4283 1706 4352 bussio·

187 4384 327 4427 oounuoa
346 4386 376 4425 ru
395 4385 638 4433 ufflNQUAGEsuie·
879 4383 931 4441 tor,
947 4376 977 4430 st
990 4372 1031 4428 ita
1053 4372 1133 4428 ibunt
1157 4371 1189 4428 de
1213 4372 1315 4427 virtute
1338 4373 1369 4426 iu
1391 4373 1534 4440 cirtutem,
1546 4380 1573 4428 et
1587 4371 1706 4428 tandem

73 4461 185 4531 sumpsit
208 4461 285 4515 lesus
310 4457 450 4514 dmdccim
474 4458 622 4530 discipulos
648 4474 721 4523 suos,
737 4466 764 4512 et
785 4458 826 4513 uit
879 4463 1017 4520 isidotiiur
1033 4462 1103 4518 Deus
1124 4461 1237 4517 deorum
1250 4462 1279 4516 ie
1295 4461 1359 4517 Sion
1374 4459 1478 4530 (itit).
1490 4458 1706 4516 'l'ribulationes

73 4566 82 4604 τ
103 4549 169 4605 Ecce
192 4547 362 4605 ascendimus
385 4547 592 4619 lerosolymam,
608 4554 634 4604 er
657 4563 826 4604 consumma-
841 4569 865 4634 Ι)
880 4553 979 4620 etiam,
995 4551 1098 4608 iratres
1109 4549 1287 4617 charissimi,
1301 4565 1419 4606 neccsse
1429 4552 1473 4605 ast
1484 4565 1536 4604 nos
1551 4548 1622 4620 pati,
1634 4548 1706 4604 oum

73 4653 102 4692 tr
124 4639 217 4693 omnic
239 4651 303 4710 φιτ
326 4637 428 4708 scripto
456 4643 521 4691 suet
546 4652 597 4707 per
623 4636 769 4708 prophetas
796 4635 829 4691 dc
884 4640 1072 4698 ascendimus
1087 4640 1123 4695 ad
1141 4638 1277 4712 patriam,
1289 4638 1375 4709 Juxta
1396 4637 1468 4693 illud
1483 4636 1615 4711 Apostoli
1631 4653 1638 4692 :
1654 4638 1707 4694 Per

100 4725 219 4783 bominis
248 4728 323 4795 (tue.
345 4728 437 4795 xvia),
462 4729 517 4781 etc.
542 4725 664 4782 Duobus
692 4723 829 4798 capitulis
883 4731 983 4787 scottos
998 4729 1192 4786 tribulationes
1202 4734 1303 4800 oportet
1316 4744 1365 4784 cos
1380 4728 1485 4783 intrare
1494 4729 1525 4782 in
1534 4742 1708 4797 regnumre-

73 4813 193 4887 oguitur
212 4814 297 4870 lectio
322 4814 389 4882 ista,
416 4815 521 4870 iratres
547 4813 725 4870 charissimi.
742 4814 829 4870 Porro
885 4821 974 4876 torum
984 4819 1051 4888 (Act.
1064 4817 1132 4890 xiv).
1144 4817 1179 4872 ut
1189 4815 1257 4873 alibi
1271 4833 1277 4872 ε
1291 4815 1388 4873 Omnes
1400 4819 1450 4889 qui
1460 4816 1708 4889 pieootunrvtvere

73 4901 141 4958 rimo
161 4903 407 4960 considerandum
431 4907 477 4960 est
500 4904 663 4958 seeundum
687 4903 829 4972 litteram,
884 4910 915 4963 in
931 4907 1039 4964 Christo
1055 4911 1133 4974 Jesc,
1143 4907 1554 4979 pesecutioneupatieuardi
1569 4905 1636 4961 Tim.
1652 4904 1706 4977 ιιι).

73 5006 92 5045 e
102 4989 245 5047 Dominus
260 4991 426 5064 passionem
442 4995 471 5048 et
486 4992 729 5049 resurrectionem
745 5009 829 5049 suam
885 5001 956 5054 Nom
969 4997 995 5052 si
1009 4997 1039 5052 ic
1051 4994 1137 5051 viridi
1154 4995 1229 5063 liguo
1243 4994 1292 5050 troc
1306 4993 1372 5062 inii,
1388 4993 1418 5049 id
1434 4997 1479 5050 est
1493 4993 1523 5049 in
1538 4993 1664 5066 Christo,
1676 4993 1708 5050 in

73 5077 160 5136 licere
188 5078 321 5149 voluerit,
338 5085 366 5137 et
382 5098 471 5155 quare
498 5081 654 5137 duodecim
678 5081 831 5154 discipulis
886 5083 1047 5157 aridoquid
1062 5081 1710 5156 hott(tue.axin.)Hastrihulationesoportet

73 5186 131 5239 om,
146 5173 176 5225 et
200 5185 290 5242 quare
314 5175 435 5227 secreto.
447 5174 540 5239 Quare
570 5187 600 5227 se
623 5187 780 5243 passurum
803 5175 833 5227 et
882 5175 999 5246 justum
1013 5173 1216 5246 potiNocesse
1226 5172 1364 5228 estillurn
1376 5173 1444 5244 pati,
1457 5173 1542 5242 tradi,
1554 5171 1649 5242 illudi,
1660 5172 1711 5231 lla·

75 5258 404 5332 rreoturumpradixit‘l
414 5260 457 5317 Oh
467 5265 690 5327 tresoausos,ut
700 5277 730 5317 se
740 5260 831 5317 Deum
887 5258 1711 5336 gellori,conspui.Tradiiustumoportetetbecmulti-

76 5346 227 5407 iacientom
250 5349 474 5418 demonstraret,
486 5354 518 5405 ut
538 5366 569 5406 se
591 5354 751 5422 spontanee
765 5366 831 5423 pas·
887 5351 958 5407 tudo
970 5349 1171 5424 exemplorum
1188 5353 1214 5405 te
1224 5350 1317 5406 docet.
1332 5349 1351 5406 i
1367 5348 1519 5425 principio,
1531 5349 1599 5408 thei
1609 5350 1711 5423 justus

73 5453 110 5493 un
137 5439 282 5511 probaret,
296 5442 329 5495 ut
344 5436 505 5512 discipulos
519 5455 589 5495 suos
604 5443 705 5496 contra
729 5438 833 5497 mortis
888 5438 1014 5501 traditus
1025 5443 1070 5498 est
1080 5438 1109 5496 in
1121 5437 1418 5518 manibusCainldera
1429 5443 1484 5514 iv),
1494 5439 1710 5516 iosephjustos

73 5619 100 5690 5)
115 5617 218 5697 Virgil.
236 5618 344 5678 AEneid.
360 5615 413 5677 lib.
426 5634 464 5691 vr,
480 5633 555 5678 vers.
572 5618 634 5681 iac.
