3816 6006
53 275 135 338 m
556 270 809 340 candentiae
827 273 882 339 uti
904 270 1023 337 alind
1044 268 1257 342 sumtuosa
1675 266 1754 341 {aba

53 406 119 466 iuro
132 407 310 466 hereditario
324 412 458 481 speotaec
470 408 653 477 credebatur,
664 400 818 467 communi
829 422 878 464 aa·
892 405 921 475 A
934 405 972 462 tle
984 409 1069 476 terro,
1081 407 1162 465 iuxta
1172 397 1315 482 qoodfper
1326 406 1460 465 homines
1475 408 1627 466 meos-luit
1640 409 1754 469 sistra

54 515 149 556 eensu·
170 497 319 554 canonicis
343 497 487 554 Dominici
512 497 647 571 Sepuleri'
664 496 880 554 venerabilibus
934 494 1004 562 dito,
1017 495 1120 565 diuisa,
1136 497 1271 553 terminis
1283 500 1312 554 ct
1327 497 1413 553 metis
1428 497 1595 577 presignntc
1605 498 1648 567 ⁸⁸¹,
1661 500 1755 556 deter-

56 586 197 643 sratribus
209 585 283 642 meis
294 602 345 659 pro
358 586 454 642 trihus
469 586 589 643 milibus
604 586 800 643 bisanciorum
810 602 880 641 ron*
934 584 1056 639 minata.
1068 583 1244 646 Douoctiam
1255 590 1283 642 ot
1292 586 1433 642 confirmo
1442 585 1553 641 medem
1564 588 1756 643 cenobialem

56 676 140 743 didit,
153 673 273 731 instanti
283 689 367 747 prece
376 674 498 748 predicti
508 670 762 748 llogonis,tarrom
773 675 878 748 ipsam,
935 672 1189 747 confratribusquc
1205 674 1278 731 mcis
1294 691 1382 730 unam
1399 676 1519 730 domum
1530 673 1560 730 ln
1574 675 1715 733 Ascalone
1729 681 1758 734 et

57 766 93 820 de
103 780 164 837 qua
178 764 285 837 agitur,
297 763 355 820 duo
371 763 522 819 dumtaxat
537 762 727 820 casaliacum
742 763 881 819 omnihus
935 760 1009 817 duas
1033 765 1201 818 carrucatae
1223 768 1300 818 terre
1315 763 1344 817 in
1359 762 1459 830 casali,
1474 764 1552 836 quod
1572 763 1680 820 dicitur
1695 764 1757 821 ilai·

56 850 174 908 villanis
185 856 215 908 ot
224 851 408 924 pertinentiis
423 852 486 909 suis
500 848 668 925 exintegro,
680 851 801 908 alterum
812 867 882 926 quo
935 849 1177 918 neolbedcran,in
1187 851 1498 909 cambiumouiusdam
1508 840 1758 931 mahumericnue

58 956 126 994 eum
140 944 328 1011 nuncupatur
342 939 519 995 Deirmusim
535 944 563 996 et
578 940 703 996 alterum
720 940 881 997 lluetdebea
936 937 1004 994 data
1018 939 1074 994 fuit
1087 939 1129 996 cis
1144 939 1174 995 in
1189 940 1330 997 Ascalone
1341 958 1358 997 a
1369 940 1501 1014 captione
1517 941 1659 1008 eiusdem,
1669 959 1758 1016 quam

58 1029 103 1096 ⁴⁸⁹,
116 1027 238 1084 ecclesie
248 1027 536 1101 DominiciSepulori
547 1033 575 1084 et
585 1028 733 1087 canonicis
743 1027 882 1086 nuncihi-
936 1026 1059 1099 predicti
1073 1029 1204 1085 canonici
1220 1030 1254 1066 ⁸⁰⁰
1269 1030 1325 1085 mei
1340 1029 1370 1085 in
1386 1029 1512 1103 capitulo
1535 1047 1589 1087 suo
1612 1032 1674 1104 pari
1693 1037 1759 1090 voto

59 1118 128 1181 dem
151 1116 216 1173 Deo.
233 1116 429 1178 seruientibus
451 1123 480 1172 et
503 1115 533 1173 in
557 1122 707 1190 posterum
731 1118 883 1174 servituris
937 1131 1118 1188 assensuque
1146 1118 1259 1173 domini
1285 1117 1448 1192 patriarche
1475 1119 1636 1193 Asmalrici]
1657 1137 1759 1198 omncs

59 1205 159 1274 laum,
176 1209 204 1260 et
215 1205 253 1261 ab
268 1203 348 1263 omni
363 1204 491 1274 seruitio,
506 1205 647 1273 dominic,
659 1205 808 1262 exactione
823 1207 882 1263 iam
936 1204 1132 1276 equanimiter
1147 1205 1218 1262 mihi
1235 1211 1264 1263 ct
1275 1207 1494 1264 successorihus
1504 1206 1578 1264 meis
1588 1207 1618 1264 in
1630 1224 1759 1285 commu·

59 1295 139 1350 dicta
162 1293 218 1350 duo
242 1292 351 1350 casalia
375 1291 477 1360 libera,
493 1294 593 1366 quieta
607 1299 636 1350 ct
651 1294 748 1351 soluta
762 1296 883 1368 iureque
936 1291 1076 1349 tationem
1097 1293 1203 1350 harum
1219 1294 1346 1352 duarum
1361 1299 1580 1353 carrucalarum
1596 1294 1760 1372 domusque

60 1382 203 1456 perhenni
228 1381 291 1438 sine
314 1383 395 1439 omni
419 1382 629 1456 impedimento
649 1383 694 1440 uel
715 1383 885 1459 calumpnia
937 1382 1047 1454 prolata
1070 1388 1288 1452 concesserunt,
1305 1384 1553 1453 condonaverunt,
1577 1386 1760 1444 contradide-

61 1469 220 1528 cuiuslibet
227 1471 260 1527 iu
269 1476 441 1544 perpetuum
451 1472 628 1544 possidenda
636 1474 773 1541 concedo,
782 1479 811 1530 et
819 1491 884 1547 prc-
938 1472 1025 1538 runt3
1041 1470 1096 1527 hec
1119 1475 1217 1528 autem
1242 1472 1426 1531 mahumeria
1440 1490 1457 1528 u
1471 1461 1639 1531 Sarracenis
1654 1475 1762 1534 dicitur

61 1561 137 1617 senti
148 1561 256 1634 pagina
265 1559 440 1632 subscriptis
448 1559 574 1617 testibus
583 1560 732 1635 sigillique
740 1562 797 1618 mei
812 1564 884 1620 sub·
938 1557 1071 1624 cathare,
1088 1558 1190 1615 Latine
1208 1577 1276 1616 vero
1299 1560 1417 1617 Viridis·
1433 1560 1579 1619 Confirmo
1593 1547 1761 1635 1)ιῶθὲῐο-

62 1650 213 1723 pressione
228 1650 365 1705 denotata
378 1650 528 1705 confirmo.
938 1646 1019 1703 ciens
1042 1646 1131 1703 dictis
1153 1647 1349 1709 confratribus
1365 1649 1439 1706 mcis
1455 1653 1761 1722 quatuoroarrueatas

100 1739 275 1794 Factumcsi
291 1741 387 1794 autem
404 1738 459 1794 hoc
472 1754 548 1794 anuo
563 1738 600 1794 ab
614 1738 813 1796 incarnatione
828 1741 885 1796 Do·
900 1773 923 1837 Β
939 1740 1025 1801 terra,
1036 1751 1100 1807 que
1109 1739 1249 1809 estsuper
1259 1737 1367 1793 humen
1378 1741 1446 1794 ante
1455 1737 1572 1810 ioppen,
1584 1738 1763 1821 sicutdiuica

62 1827 237 1894 micineae,
251 1825 409 1882 indictione
424 1843 484 1882 viri.
498 1825 594 1883 liuius
605 1827 724 1900 quidem
740 1829 780 1885 rai
796 1833 886 1886 testes
939 1828 1028 1880 estet
1052 1823 1186 1881 terminis
1206 1829 1324 1894 metatu,
1343 1830 1372 1882 cl
1397 1819 1553 1900 gardinum
1577 1844 1670 1885 unum
1695 1832 1763 1885 anm

62 1920 135 1972 sunt
149 1932 156 1971 ι
940 1912 1058 1985 loppem
1073 1917 1102 1968 et
1114 1913 1229 1969 vineam
1250 1913 1441 1983 adiacentem,
1453 1919 1482 1972 ct
1492 1908 1606 1972 vincam
1621 1914 1703 1972 illam
1717 1905 1763 1987 ⁸⁶⁸,

136 2005 288 2074 baiardus,
297 2003 537 2078 archiepiscopus
545 2006 720 2075 Nazarenua,
732 2006 886 2078 Ricardus,
941 1999 1181 2073 quedatoluiteis
1191 2002 1220 2057 in
1232 2001 1493 2059 helemosinanttt
1501 1993 1763 2062 confirmacionem

171 2093 343 2150 Andricusia
367 2094 533 2167 episcopus.
555 2094 707 2166 Aruullhs,
730 2098 887 2153 canonicus
941 2088 1087 2162 quidquid
1102 2090 1136 2126 ⁸⁰⁸
1150 2089 1227 2146 inste
1241 2089 1411 2165 etlegitime
1425 2090 1545 2162 habent,
1561 2097 1590 2149 et
1605 2093 1634 2150 iu
1650 2110 1721 2166 paee
1735 2097 1765 2151 ct

172 2183 348 2239 Nazarenua
365 2183 528 2256 Philippus,
544 2184 654 2240 domini
671 2184 748 2258 regis
763 2185 888 2258 capella·
943 2179 1006 2235 sne
1021 2178 1190 2252 calumpnia
1208 2178 1404 2252 possidentia
1420 2180 1562 2242 ascalone
1576 2187 1604 2238 ct
1618 2183 1764 2240 territorio

173 2287 237 2328 nus.
259 2271 436 2344 Stephanus,
464 2271 541 2345 regie
568 2272 739 2333 concellania
763 2279 888 2330 secreta·
942 2267 1015 2333 cius,
1034 2268 1062 2323 in
1079 2267 1165 2341 loppa
1177 2272 1206 2324 et
1220 2268 1364 2326 territorio
1379 2269 1445 2325 eius
1459 2269 1604 2331 similiteri
1621 2269 1658 2327 llt
1676 2271 1766 2346 igitur

173 2360 244 2416 rius.
262 2360 404 2416 liadullus
423 2359 572 2434 Anglious,
589 2361 729 2418 Nauaroni
745 2363 888 2436 archiepi-
943 2356 996 2412 beo
1018 2356 1117 2413 omnia
1138 2355 1229 2414 libero
1252 2363 1281 2413 et
1304 2358 1410 2430 quiete,
1426 2357 1521 2415 soluto
1535 2360 1569 2396 ’Ν
1584 2359 1647 2416 sinc
1664 2352 1765 2437 [umuli

174 2448 253 2522 scopi
269 2449 402 2505 clericus.
943 2447 977 2482 ⁸⁰⁵
991 2445 1139 2503 exactione
1154 2463 1188 2504 ao
1202 2447 1371 2520 gravamine
1393 2449 1594 2506 cumeanonici
1607 2450 1642 2492 ⁸⁰⁸
1655 2454 1765 2507 etooa·
1869 2498 1871 2503 .

101 2539 146 2596 Da
158 2538 318 2596 baronibus
332 2555 399 2594 uero
414 2543 442 2594 et
456 2539 492 2595 de
506 2539 677 2599 horninibus
693 2540 770 2614 ragis
786 2557 792 2597 :
944 2535 1043 2592 fratris
1058 2536 1092 2571 ⁸⁰⁷
1108 2535 1164 2591 mei
1184 2537 1325 2608 pretaxati
1341 2536 1370 2592 in
1385 2543 1560 2611 perpetuum
1585 2539 1765 2612 possideant3

138 2627 311 2693 amulricus,
339 2644 437 2683 comes
466 2627 699 2686 Ascalonitanus.
728 2631 890 2688 Hansredns
945 2629 1054 2680 cartam
1064 2629 1227 2697 presentem
1237 2624 1333 2699 sigillo
1342 2642 1406 2683 mco
1422 2626 1605 2702 testibusque
1618 2628 1766 2704 subscrip·

174 2717 209 2774 dc
225 2717 351 2787 Torone,
368 2715 613 2773 constabularius.
629 2717 723 2775 Gnido
738 2719 890 2793 Francigc·
945 2713 982 2769 liu
997 2713 1186 2770 communivi.

174 2821 222 2862 na.
234 2802 418 2872 (tuillclmus,
431 2804 639 2862 marescalcus.
654 2806 892 2875 abrahamitae-
981 2802 1101 2858 Factum
1113 2806 1157 2859 cst
1166 2806 1265 2859 autem
1276 2802 1331 2860 hoc
1341 2820 1418 2862 anno
1431 2804 1640 2863 incarnationis
1650 2806 1768 2865 Domird

174 2909 272 2950 comes
288 2893 465 2949 Nazareuus.
480 2893 546 2949 Otto
571 2893 609 2949 de
632 2894 781 2968 Risbergc.
797 2895 891 2954 Guido
945 2908 1027 2959 κω,
1043 2891 1204 2948 indictione
1218 2909 1254 2949 iv.
1272 2892 1367 2948 liuius
1381 2893 1421 2949 rei
1437 2898 1527 2951 testes
1541 2900 1634 2953 cunta

175 2985 210 3040 de
226 2982 372 3038 Maneriis.
391 2983 528 3038 Arbertus
543 2982 578 3039 de
594 2982 723 3039 Rethest.
739 2984 892 3041 Godescal-
1016 2979 1184 3049 Guntcrius,
1201 2979 1280 3053 prior
1295 2981 1403 3039 Montis
1413 2981 1500 3055 Syon.
1513 2983 1769 3057 himericusprior

175 3089 237 3130 cue.
255 3073 365 3140 Petrus,
383 3071 563 3127 forestarius.
1053 3068 1161 3125 Montis
1185 3068 1298 3125 Oliveti.
1316 3069 1470 3140 Roincrus,
1485 3069 1689 3129 cancellarius.
1707 3073 1767 3130 Rc·

103 3164 177 3221 Data
189 3160 304 3218 Acohon
316 3162 362 3231 ⁸⁹⁰,
372 3177 423 3232 per
434 3177 555 3216 manum
567 3160 692 3229 lladulll,
702 3160 892 3219 bethleemita
907 3136 929 3203 G
1053 3157 1163 3225 dulsos,
1180 3157 1405 3214 archidiaconus
1420 3158 1609 3216 Iherusalcm.
1623 3161 1724 3219 Simon
1734 3162 1767 3200 θ’

67 3250 199 3325 episcopi
229 3249 365 3324 regisque
394 3248 570 3317 cancellarii,
594 3266 644 3305 vui
668 3250 809 3308 kalendas
838 3269 892 3308 au·
1053 3247 1088 3303 dc
1108 3246 1241 3303 llosdcnc
1257 3248 1291 3283 ⁸⁰⁰
1306 3247 1449 3305 locelinus
1472 3248 1508 3304 dc
1532 3249 1682 3308 Samucuc.
1699 3249 1767 3308 Ber-

68 3339 159 3414 gusti.
1051 3339 1128 3391 tram
1140 3336 1185 3404 ⁶¹⁰,
1197 3335 1397 3392 marescaldus
1407 3337 1450 3393 ¹⁵¹¹.
1463 3336 1619 3395 liohardus
1632 3338 1668 3394 de
1681 3338 1769 3423 Ioppe

408 3424 494 3483 LVllI
510 3429 553 3482 ⁸⁰¹.
1052 3427 1081 3480 et
1104 3424 1194 3481 frater
1218 3423 1291 3492 eius,
1312 3424 1481 3482 Barisanus.
1503 3425 1672 3500 Raynal'dus
1685 3427 1720 3467 ⁸¹²
1733 3428 1769 3485 d'e

68 3534 256 3575 varvassorum
271 3518 306 3553 ⁸⁹¹
319 3532 454 3573 antonici
479 3534 592 3573 conaris
614 3534 650 3572 os
672 3535 747 3575 nono
775 3533 892 3576 oomnis
1054 3512 1149 3586 1⁰pr
1166 3514 1334 3570 Gerberlus·
1348 3513 1490 3571 ilbertus·
1503 3515 1771 3576 humbertus-‚Pila-

103 3608 137 3648 ῃ
151 3606 187 3646 nn
200 3606 431 3654 connumereris
448 3604 563 3646 omniun
584 3606 804 3652 Ροεειεειοκυυ,
818 3607 891 3655 uuas
1052 3606 1101 3658 ius
1112 3603 1155 3657 ⁸¹³.
1167 3600 1341 3660 Guillelmus
1352 3603 1457 3660 Rufus.
1469 3602 1657 3673 Gillebcrtus,
1668 3596 1771 3663 castel·

103 3679 228 3717 sacceam
257 3678 356 3718 sanem
385 3676 523 3716 carosam
552 3677 644 3717 sassa
663 3678 691 3717 m
710 3679 804 3720 asena
828 3680 891 3720 sua.
1052 3689 1149 3746 panus,

103 3785 135 3842 1n
151 3785 270 3843 nomine
281 3789 383 3841 sancte
395 3789 422 3840 ct
433 3783 583 3839 individue
593 3782 745 3842 Trinitatis
755 3786 894 3844 patriast
982 3780 1056 3836 nata
1069 3783 1167 3852 ioppe,
1180 3796 1231 3853 ner
1241 3796 1362 3837 nauum
1374 3776 1488 3837 ascolo
1504 3779 1679 3853 sacellarii,
1691 3798 1712 3839 n
1723 3783 1773 3840 aa·

68 3875 133 3933 Filii
145 3879 175 3931 et
189 3874 316 3947 Spiritus
331 3873 441 3944 Sancti,
458 3888 554 3928 amen.
946 3868 1049 3926 laudas
1063 3868 1237 3925 decembris.

102 3963 210 4022 Notum
227 3962 266 4019 sit
281 3962 429 4030 omuibus,
439 3964 499 4017 tarn
512 3961 697 4033 presentibus
708 3980 798 4036 quam
813 3964 895 4021 lutu-
1298 3959 1421 4015 L1x⁸¹⁸.

67 4053 119 4120 ria,
135 4052 215 4125 quod
230 4068 283 4125 ego
298 4050 473 4117 amulricus,
489 4067 541 4123 per
569 4051 620 4107 Dei
650 4053 776 4125 gratiam
795 4068 895 4111 comcs
948 4062 1136 4109 emvmauruu
1168 4063 1306 4103 amonica
1338 4063 1449 4104 courrra
1479 4064 1515 4104 us
1546 4063 1774 4108 ocnmanrarrcrrn

67 4141 231 4208 Ascalonia,
242 4157 277 4196 ex
287 4156 410 4196 assensu
421 4144 450 4195 et
463 4138 612 4196 voluntate
626 4140 737 4197 domini
753 4146 781 4198 ct
796 4141 895 4200 fratris
1258 4135 1461 4176 VUWAW·

68 4231 130 4289 mei
152 4228 297 4297 Bnlduini,
320 4228 577 4285 iherosolimorum
603 4229 689 4303 regis,
707 4227 896 4288 laudamento
984 4226 1016 4281 ln
1032 4225 1151 4281 nomine
1170 4228 1270 4281 sancte
1284 4229 1313 4280 ct
1328 4223 1477 4282 individuo
1500 4225 1654 4285 Trinitatis
1676 4219 1773 4286 Patris¹

68 4319 180 4392 pariter
193 4317 349 4375 domineet
359 4317 462 4373 matris
473 4333 547 4384 mee,
557 4318 656 4390 regius
668 4314 830 4389 Milsondis,
842 4335 895 4389 pro
948 4320 978 4371 ct
992 4313 1056 4370 Filii
1072 4318 1101 4371 et
1115 4313 1241 4387 Spiritus
1258 4315 1368 4384 Sancti,
1384 4331 1480 4372 amen.

67 4406 163 4466 sehale
185 4424 252 4464 mea
272 4411 367 4479 cipro
392 4405 548 4462 animabus
577 4406 709 4463 omnium
739 4412 897 4480 parentum
983 4405 1089 4460 Notum
1105 4403 1144 4460 sit
1157 4403 1305 4469 omnibus,
1317 4406 1377 4460 tam
1393 4403 1679 4479 presentibusquam
1692 4407 1774 4464 iutu-

68 4499 286 4563 meorum,tam
298 4496 429 4550 vivorum
446 4510 534 4567 quam
551 4493 765 4565 defunctorum,
777 4513 829 4570 pro
843 4513 895 4554 ex·
911 4509 933 4574 1)
947 4494 999 4561 ris,
1017 4494 1094 4567 quod
1117 4509 1169 4564 ego
1191 4491 1365 4560 aimelricus,
1383 4508 1434 4566 per
1454 4493 1505 4550 Dei
1529 4496 1654 4568 gratiam
1675 4510 1775 4554 comcs

67 4596 161 4656 penso
175 4584 265 4640 ctiam
281 4587 309 4639 et
325 4582 500 4657 mis[s]ionc,
518 4599 606 4656 quam
632 4583 763 4640 iecerunt
786 4585 822 4641 ad
847 4602 897 4642 oa·
951 4581 1113 4649 Ascalonia,
1129 4581 1249 4638 instanti
1280 4597 1365 4654 prece
1392 4582 1523 4655 Hugonis
1542 4583 1577 4639 de
1590 4582 1730 4657 Hybeliuo
1746 4587 1775 4642 et

66 4671 208 4744 piendum
235 4672 420 4738 Ascalonem,
452 4672 528 4727 dono
553 4672 632 4727 et⁸⁹⁸
655 4672 899 4748 coricedolct]⁸¹⁴
953 4671 1139 4729 concessione
1163 4669 1260 4727 fratris
1285 4670 1330 4725 sui
1355 4669 1489 4726 Bnlduini
1505 4675 1534 4727 ct
1549 4671 1775 4745 hermengardis

67 4761 214 4818 confirmo
240 4760 385 4817 Dominioi
415 4760 547 4832 Sepulcri
577 4759 899 4819 canonicislliotoon·
953 4761 1061 4817 sororis
1083 4776 1145 4826 sue,
1166 4759 1283 4814 domine
1306 4757 1470 4815 'l'iberiadis
1484 4760 1528 4826 ⁸¹⁸,
1545 4760 1706 4833 meldequo
1721 4772 1775 4818 sus

67 4850 210 4906 fratribus
226 4849 299 4906 meis
315 4850 372 4905 Deo
389 4866 466 4905 nuuc
477 4848 518 4904 ihi
530 4849 727 4907 servientibus
737 4855 766 4907 et
777 4852 898 4908 canoni·
953 4849 1030 4905 blois
1045 4851 1073 4904 et
1088 4847 1298 4904 avunculorum
1319 4864 1450 4916 suorum,
1473 4848 1598 4921 Philippi
1613 4847 1724 4905 scillcet
1738 4849 1776 4907 ds

67 4937 112 4998 oia
125 4939 160 4975 ⁰⁸
176 4937 329 4995 servituris
353 4938 382 4992 in
408 4943 583 5010 perpetuum
610 4938 707 4994 casale
735 4941 895 5010 quoddam,
952 4936 1083 5009 Neapoli,
1094 4936 1236 4993 Guidonis
1251 4937 1439 5010 Franoigene,
1456 4937 1570 4994 Henrici
1586 4936 1698 5005 bubali,
1715 4948 1778 4994 om-

67 5027 147 5098 qood
163 5030 284 5083 uocatus
299 5024 430 5082 Geliadia
443 5027 487 5098 ⁸⁰⁷,
503 5042 571 5082 cum
596 5026 743 5083 sexdecim
759 5044 898 5085 carruca·
953 5025 1094 5097 niumque
1109 5024 1244 5097 aliorum,
1256 5026 1292 5080 ad
1303 5041 1379 5098 quos
1393 5026 1537 5098 presentis
1551 5025 1727 5082 venditionis
1740 5026 1778 5071 ⁸¹⁸

103 5206 139 5240 *θ’
155 5206 186 5273 Β,
204 5205 339 5263 Uctdcbcs.
377 5207 411 5243 ⁴⁹⁰
426 5211 457 5274 B,
479 5207 582 5262 Arbon.
620 5207 653 5241 ⁸⁹¹
679 5205 712 5272 Α,
741 5205 764 5261 p
790 5207 836 5272 56,
864 5219 913 5277 νος
942 5210 975 5271 Β,
1007 5205 1029 5259 l·
1052 5205 1098 5269 65,
1126 5216 1165 5260 u0.
1203 5205 1237 5240 ⁴⁹¹
1265 5208 1297 5271 B,
1326 5205 1402 5260 ltcm.
1440 5205 1474 5240 ⁴⁸⁸
1489 5204 1615 5278 Manque
1644 5204 1718 5261 dans
1740 5209 1774 5261 B.

69 5277 106 5312 “⁴
118 5277 246 5361 Supple'e
260 5279 374 5350 d'apecs
389 5280 421 5333 B.
460 5279 538 5362 ΨΒ)
555 5278 757 5360 concanonicis.
795 5279 831 5323 ⁸⁹⁶-
844 5280 877 5343 B,
891 5279 1030 5360 meoniae.
1068 5277 1102 5311 ⁸⁰⁷
1118 5279 1149 5341 B,
1168 5274 1290 5360 deludio.
1328 5276 1363 5359 *ξ’
1378 5281 1410 5340 Β,
1426 5275 1584 5350 desipncto.
1622 5275 1657 5312 ⁸⁸⁸
1672 5280 1703 5343 B,
1715 5290 1776 5360 con·

65 5350 547 5493 imitamai'piliffllfflil
573 5349 610 5474 ἴ
628 5348 845 5480 {sitibit-fl
859 5353 894 5458 b
908 5346 1294 5490 ttt¹tttaitbl¹⁴²⁶
1311 5346 1369 5472 “ii
1394 5347 1648 5491 ,imre
1661 5356 1774 5475 ciffi

64 5491 148 5617 223,
165 5492 347 5635 pppeipolpptiap.
371 5462 673 5620 tii¹ssss¹ffiffiilf³m⁶
712 5490 747 5526 ¹¹¹
759 5494 791 5560 B,
807 5491 970 5550 ltoinoldns.
1004 5435 1042 5527 ξω
1056 5493 1089 5557 Β,
1104 5489 1230 5565 Pytotaa
1269 5488 1304 5524 ⁵¹⁸
1332 5458 1371 5559 t,'
1394 5491 1418 5546 b
1443 5492 1488 5561 57,
1517 5503 1566 5563 νη
1582 5461 1774 5566 ababa.

138 5605 145 5631 i
327 5605 333 5618 ·
445 5604 453 5632 c
640 5603 647 5617 ·
