3816 6006
152 271 228 335 ioca
402 256 453 335 ab
476 274 733 340 enharmonii
755 274 924 338 acervo.
948 275 985 337 ii.
1003 311 1041 321 -
1056 274 1211 341 nonen.
1235 280 1286 341 na
1308 238 1437 342 sacco
1455 276 1592 342 sicae.

1775 278 1852 341 leue

148 405 236 460 toties
251 404 661 480 sagittisprovocatam,toties
678 408 815 466 conviciis
825 409 968 479 affectam,
986 409 1069 479 Alta
1084 410 1202 482 quidem
1217 412 1347 485 pulsant,
1364 414 1441 486 quod
1457 414 1542 469 factis
1557 412 1633 469 muri
1653 411 1852 470 dirutionibus

150 497 209 549 tam
226 494 370 566 patienter
394 496 477 565 ferre,
490 500 566 570 quod
592 498 751 555 dimicandi
775 499 893 572 signum
915 517 972 554 non
1027 499 1130 573 ingens
1146 502 1292 574 praebetur
1306 502 1414 559 aditus.
1429 503 1495 559 Mox
1507 502 1854 576 introgressi,prasentes

152 583 295 652 ostendat,
312 589 340 642 ct
355 585 438 658 quasi
456 585 573 642 illorum
585 588 688 644 timore
704 588 816 644 devicta
826 589 890 659 jam
906 605 972 644 suc·
1028 605 1097 644 suos
1109 589 1310 663 interemptos,
1327 596 1355 647 et
1370 592 1532 664 praeteritos
1547 591 1749 659 vindicandos,
1768 607 1854 664 quos-

151 672 280 728 cumbat.
297 673 420 741 Quidam
437 680 465 732 et
479 680 657 745 nostrorum,
676 678 705 734 id
732 677 798 734 facti
821 676 973 733 timiditati
1028 675 1095 731 dam
1111 677 1301 744 interficiunt,
1316 680 1459 751 quosdam
1484 678 1594 735 altioris
1617 679 1739 735 fortuna
1764 696 1856 736 reser-

151 763 301 832 reputant;
318 763 451 819 nonnulli
476 770 574 821 autem
598 767 758 839 capacioris
782 767 902 840 ingenii,
919 766 974 822 hoc
1027 768 1106 832 vent,
1124 770 1156 820 ut
1171 766 1250 839 ipsos
1266 784 1316 840 pro
1331 766 1456 823 victorie
1467 767 1565 839 palmo
1590 767 1710 824 soldano
1728 786 1855 841 prasen-

152 848 258 906 fleride
268 851 450 925 principibus
461 853 973 929 industriaconjiciunt,utexplorato
1028 857 1089 909 tare
1104 853 1228 913 valeant.
1242 857 1297 913 Sed
1313 874 1451 929 prospera
1465 857 1583 913 illorum
1599 861 1708 931 postea,
1720 857 1772 914 Dei
1788 875 1854 932 gra-

153 939 273 1012 eengrui
297 940 437 1012 temporis
464 942 596 1012 articulo,
614 962 671 1000 nun
687 945 884 1001 admonitione
906 944 974 999 hos·
1029 941 1079 1010 tia,
1097 960 1210 1001 cessere
1224 944 1253 1000 in
1269 946 1460 1002 contrarium.
1477 947 1578 1003 Castro
1594 946 1643 1002 illo
1659 946 1795 1004 funditus
1809 947 1854 1003 di-

153 1025 239 1095 tium,
254 1045 306 1084 nee
320 1032 548 1105 presumptione
563 1034 680 1101 virium,
693 1035 743 1091 scd
767 1034 823 1102 sui,
841 1034 976 1108 regisque
1029 1037 1104 1101 rute,
1120 1035 1243 1105 perfinia
1257 1036 1433 1091 devastando
1449 1042 1477 1092 et
1498 1038 1661 1093 truncando
1681 1053 1757 1108 quos
1779 1036 1855 1093 inve

154 1115 184 1170 iu
201 1117 331 1184 proximo
343 1119 533 1189 advenientia,
545 1123 736 1196 dispositione
758 1123 882 1196 provisa,
898 1122 978 1195 inge·
1030 1121 1126 1190 nient,
1142 1125 1178 1178 ad
1195 1124 1320 1180 Marcam
1337 1142 1501 1197 pervenere,
1520 1143 1607 1198 quam
1622 1132 1708 1181 antea
1723 1127 1855 1182 devasta-

59 1258 62 1264 .
155 1202 261 1277 nioque
276 1208 503 1281 expedientiam
517 1211 657 1284 impetere
673 1212 855 1285 prevaleant.
864 1213 976 1285 Saepius
1030 1216 1140 1266 verant.
1151 1212 1251 1285 ibique
1261 1214 1345 1285 quasi
1360 1214 1388 1268 in
1404 1213 1529 1287 propriis
1540 1214 1855 1288 remanentes,ingenia

155 1294 274 1366 etenim,
285 1300 318 1351 ut
331 1302 483 1372 exceptum
499 1305 553 1372 est,
567 1302 703 1374 prevalet
717 1303 745 1357 in
763 1301 837 1358 bello
849 1318 917 1357 cum
929 1318 978 1356 au·
1031 1301 1139 1373 quibus
1155 1302 1300 1358 Sordones
1311 1303 1374 1376 capi
1385 1304 1629 1376 posset,studiose
1640 1305 1853 1377 preparabant.

155 1383 239 1441 dacia
253 1389 281 1442 et
295 1384 413 1460 ingenio
429 1394 624 1464 pugnatorum
637 1391 876 1465 paucitas,quam
887 1390 977 1446 infru·
1031 1391 1096 1446 liae
1111 1395 1139 1446 et
1154 1391 1200 1447 his
1215 1392 1324 1448 similia
1339 1392 1456 1449 domino
1473 1393 1608 1466 Rotgerio
1631 1393 1768 1467 principi,
1785 1392 1857 1450 enis-

155 1473 218 1530 nita
232 1479 260 1530 et
273 1475 413 1534 vacillans
429 1484 608 1537 armatorum
624 1479 791 1537 multitudo.
1031 1480 1103 1536 tenti
1121 1481 1291 1548 Antiochia,
1303 1482 1360 1538 cito
1372 1482 1497 1538 revelata
1512 1488 1591 1538 sunt.
1608 1483 1669 1548 Quo
1686 1482 1798 1554 audito,
1815 1482 1854 1538 vi-

475 1577 591 1635 cAPUT
611 1580 657 1636 lv,
1031 1568 1077 1624 rili
1094 1570 1513 1638 audaciamotus,suatantum
1527 1571 1683 1628 comitatus
1695 1572 1856 1628 domestica

191 1657 313 1726 Interea,
340 1658 418 1713 fama
447 1663 582 1716 narrante
610 1659 752 1717 velociore
776 1660 863 1728 facto,
880 1676 977 1733 regem
1032 1658 1748 1734 familia,scccssitudRuheampraeccpitquesuis
1765 1661 1857 1718 omni-

155 1746 332 1804 Balduinum
347 1749 540 1822 fontiumque
555 1749 690 1806 concitem
705 1749 827 1807 viriliter
847 1749 979 1806 celeriter
1033 1747 1098 1817 bus,
1116 1750 1226 1822 absque
1240 1750 1321 1805 omni
1336 1748 1474 1806 dilatione
1489 1755 1518 1806 et
1532 1751 1633 1807 exonio
1643 1749 1703 1806 illic
1717 1752 1855 1821 tendere;

156 1836 316 1894 accelerare
331 1843 513 1912 compertum
528 1838 581 1895 esf.
598 1838 860 1912 Bursoigiturdux
873 1837 979 1895 dolosa
1034 1838 1186 1910 dominum
1217 1844 1314 1895 autem
1343 1840 1541 1912 patriarcham
1566 1845 1701 1913 precatus
1721 1844 1766 1896 est
1789 1857 1856 1896 cum

157 1925 337 1994 calliditatis,
349 1930 533 1985 retrocedens
548 1929 648 2001 fugam
665 1927 831 1996 simulat,et
846 1927 930 2000 quasi
940 1943 982 1983 re-
1034 1943 1152 1983 summa
1167 1928 1328 1995 devotione,
1340 1928 1389 1984 illo
1400 1930 1560 2001 pervenire,
1578 1934 1611 1985 ut
1636 1946 1690 1985 suo
1717 1928 1814 1986 officio
1835 1934 1863 1986 et

158 2015 284 2087 patriare
297 2015 407 2086 volens,
419 2033 471 2089 per
481 2021 578 2090 partes
589 2017 688 2073 Sisara
704 2016 826 2073 divortia
838 2015 979 2083 faciendo,

159 2105 195 2160 ud
206 2110 322 2178 tempus
332 2121 416 2161 suam
428 2105 583 2162 occultavit
592 2105 752 2178 nequitiam
762 2124 768 2160 :
780 2109 812 2160 ut
822 2105 930 2160 nostris
942 2121 982 2160 re-

159 2194 297 2251 trocessis
311 2210 344 2250 ue
359 2194 511 2266 separatis,
526 2193 655 2250 valerent
671 2195 764 2250 tutius
779 2194 893 2249 diruere
909 2211 982 2248 mar·

160 2282 281 2339 chitima
296 2284 466 2356 municipia.
485 2284 603 2339 interim
630 2301 688 2352 rex,
705 2284 740 2339 de
761 2302 839 2340 mere
860 2283 982 2356 pristino

159 2370 301 2446 cymbulis
317 2373 532 2439 resonantibus,
549 2373 628 2428 tubis
645 2373 752 2445 ubique
768 2372 981 2445 clangentibus,

160 2465 256 2517 castra
269 2466 437 2518 nostrorum
453 2462 605 2534 ingressus
621 2467 674 2518 est.
692 2461 855 2534 Statimque
879 2465 911 2516 iit
936 2478 984 2516 rex

161 2550 312 2622 comperiit
327 2550 426 2607 hostes
443 2550 608 2621 recessisse,
624 2552 782 2607 eilmodum
799 2569 829 2606 se
850 2568 913 2607 serii
935 2567 984 2604 ve-

161 2639 240 2696 nisse
257 2645 434 2712 conquestus
445 2644 498 2696 est.
511 2641 592 2695 Brevi
608 2645 705 2695 tamen
723 2645 839 2710 sirnipto
851 2637 983 2703 consilio,

160 2745 227 2785 eum
241 2729 441 2803 ignorantque
456 2747 505 2786 eos
521 2729 660 2802 subsequi
677 2733 705 2784 et
720 2729 768 2784 ubi
782 2729 910 2784 invenire
921 2744 985 2800 pos·

161 2817 230 2889 sint,
247 2819 395 2897 quoddam
411 2824 541 2875 castrum
557 2836 590 2875 ea
605 2819 665 2874 vice
681 2818 795 2874 Parthis
821 2816 983 2890 subditum,

159 2907 289 2965 Gistrum
304 2908 432 2976 nomine,
450 2912 651 2982 oppugnatum
667 2908 708 2963 ire
724 2906 895 2974 deliberant,
907 2905 984 2962 asti-

162 3001 275 3054 mantes
291 3014 340 3056 eos
363 2996 418 3053 boe
443 2997 518 3055 facto
543 2998 578 3054 ad
604 2996 713 3054 bollum
737 3013 823 3069 posse
845 2995 982 3052 revecari.

1035 2015 1236 2073 benedictione
1247 2017 1466 2089 potiti,liborius
1475 2023 1503 2073 cl
1518 2018 1651 2075 securius
1662 2017 1712 2075 Dei
1726 2017 1861 2075 militiam

1036 2120 1166 2162 exercerc
1182 2105 1305 2162 valcant.
1322 2106 1421 2163 Mense
1437 2107 1527 2179 igitur
1538 2107 1733 2179 septembrio,
1746 2107 1793 2163 die
1809 2108 1862 2164 Do·

1037 2195 1154 2261 niinica,
1172 2199 1237 2251 ante
1254 2196 1331 2251 diem
1347 2195 1513 2252 festivitatis
1538 2196 1729 2252 Exultationis
1755 2201 1864 2254 sancte

1037 2285 1361 2350 orricis,itntioche11us,
1382 2284 1444 2341 loco
1460 2285 1607 2357 assignato
1623 2284 1802 2343 Philacabas
1816 2304 1866 2361 pa-

1037 2371 1163 2428 triarcha
1179 2373 1302 2429 festinus
1318 2373 1410 2429 ailesl.
1424 2374 1566 2429 Distincte
1583 2379 1722 2446 utapertc
1732 2375 1792 2432 Deo
1807 2394 1868 2433 nia·

1036 2461 1081 2533 gis
1097 2461 1202 2532 placita
1217 2479 1305 2534 quam
1329 2462 1499 2518 homiuibus
1514 2461 1629 2518 loculus
1640 2468 1694 2519 est.
1713 2463 1862 2537 Quidquid

1037 2549 1115 2605 enim
1132 2549 1401 2621 reprehensibile,et
1417 2551 1560 2624 quidquid
1573 2552 1631 2608 lleo
1642 2552 1823 2609 contrarium
1835 2553 1863 2609 in

1038 2639 1080 2693 eis
1096 2644 1224 2703 noverat,
1235 2639 1274 2693 ihi
1287 2641 1405 2711 quidem
1423 2657 1478 2695 non
1495 2641 1668 2708 tacuit,sed,
1681 2643 1760 2698 sieut
1784 2643 1865 2698 decet

1038 2733 1161 2801 patrem,
1175 2730 1336 2801 arguendo,
1348 2730 1537 2797 obsecrando,
1546 2730 1735 2802 increpando,
1748 2749 1814 2805 quae
1828 2733 1866 2787 vi-

1038 2817 1126 2873 tanda
1140 2822 1210 2873 sunl
1225 2823 1254 2873 et
1270 2836 1333 2890 qua
1349 2819 1490 2874 sectanda
1513 2820 1593 2893 ipsos
1621 2820 1746 2877 edocuit.
1763 2820 1865 2877 Decet

1037 2905 1155 2961 domino
1171 2905 1342 2978 patriarcba
1359 2924 1413 2962 sua
1427 2911 1546 2980 peccata
1561 2908 1643 2963 fateri
1661 2925 1720 2963 non
1745 2911 1862 2966 erubes-

1037 2999 1117 3052 eunt.
1130 2997 1408 3068 injunctumqueest
1417 2997 1598 3069 unicuiquea
1608 2998 1727 3054 domino
1738 2999 1865 3072 patriae

161 3087 219 3144 Nee
235 3091 475 3156 mora,nostrates
489 3086 559 3144 illuc
574 3086 755 3160 perveniunt.
764 3087 891 3157 Repente
905 3084 984 3141 ordi·
1038 3084 1093 3139 cha
1107 3083 1168 3140 vice
1183 3101 1255 3140 vera
1271 3086 1458 3157 poenitentia,
1469 3104 1521 3158 pro
1533 3104 1618 3159 posse
1628 3088 1785 3161 cujusque,
1798 3105 1864 3146 oum

162 3173 240 3230 natis
260 3172 427 3248 agminibus
442 3174 730 3247 percircuitum,tam
741 3173 880 3246 oppidum
897 3189 984 3245 quam
1001 3161 1022 3228 C
1042 3172 1092 3228 Dei
1107 3173 1215 3229 auxilio
1230 3173 1347 3247 plenam
1364 3175 1511 3247 justitiam
1528 3180 1635 3245 tencre,
1649 3175 1710 3243 tali,
1732 3177 1864 3250 inquam,

164 3261 341 3319 suburbium
357 3262 476 3335 aggredi
493 3261 987 3334 strenuissinresatagunt3tandem
1042 3263 1128 3318 modo
1145 3269 1177 3318 ut
1191 3262 1241 3335 qui
1256 3262 1286 3317 in
1303 3262 1352 3319 ille
1368 3264 1508 3322 eminenti
1524 3263 1600 3321 bello
1614 3266 1722 3321 mortui
1747 3266 1864 3335 fuerint,

164 3351 340 3408 suburbium
355 3352 462 3408 ictibus
477 3351 592 3408 ensium
607 3349 863 3423 comprehensum,
880 3349 986 3422 partim
1041 3368 1096 3408 sua
1109 3351 1303 3420 absolutione,
1317 3352 1433 3408 Domini
1449 3370 1565 3426 quoque
1579 3353 1797 3427 propitiatione,
1813 3354 1867 3412 sal-

165 3445 302 3512 diruitur,
318 3444 424 3518 partim
439 3442 506 3516 igne
522 3439 712 3497 comburitur.
726 3439 826 3496 Perses
840 3438 987 3509 vero,licet
1040 3444 1160 3510 ventur,
1177 3446 1205 3497 et
1220 3442 1270 3513 qui
1285 3440 1433 3508 redierint,
1443 3443 1472 3497 in
1489 3442 1621 3515 proximo
1637 3443 1709 3500 festo
1725 3443 1865 3501 Omnium

166 3534 369 3591 fumiferarum
385 3533 507 3588 nubium
524 3527 909 3601 intimationc,pr0priorum
920 3543 988 3583 ocu·
1041 3531 1339 3599 Sanctorum,statuto
1351 3531 1779 3601 concilioornnesconveniant,
1796 3551 1865 3590 con·

163 3622 260 3681 lorum
275 3640 396 3681 suorum
413 3617 765 3683 intuitienc,exustionem
781 3616 912 3688 ejusdem
923 3633 985 3671 mu·
1040 3619 1106 3675 cilio
1118 3619 1273 3675 Antiochia
1284 3619 1417 3676 Ecclesia
1429 3619 1504 3676 inter
1513 3637 1555 3687 se,
1572 3626 1632 3677 tam
1648 3621 1677 3676 in
1694 3622 1782 3679 rebus
1799 3641 1864 3697 pos·

164 3713 264 3787 nicipii
279 3712 413 3770 anestris
429 3711 465 3767 ob
479 3709 597 3765 illorum
612 3708 737 3763 dedecus
748 3708 854 3762 factam
866 3722 930 3762 esse
941 3706 985 3760 in-
1040 3707 1129 3765 sessis
1145 3726 1232 3781 quam
1249 3713 1277 3764 et
1293 3709 1371 3779 aliis,
1387 3709 1502 3781 plenam
1519 3710 1665 3782 justitiam
1683 3711 1800 3781 facturi,
1810 3712 1864 3769 boe

163 3801 335 3871 tellexerint‚
351 3803 487 3857 verentur
500 3803 598 3854 tamen
614 3796 678 3852 illos
694 3796 823 3869 aggredi,
840 3812 913 3867 ques
932 3813 983 3851 an·
1039 3802 1137 3854 tamon
1154 3797 1355 3870 supplemento
1371 3799 1447 3871 quod
1464 3799 1489 3854 si
1515 3797 1643 3870 plenum,
1657 3817 1708 3872 per
1731 3800 1864 3875 ignoran-

162 3896 208 3949 tea
235 3892 410 3948 invaserant.
429 3890 486 3945 lloc
507 3903 633 3958 namque
653 3883 776 3957 judicio,
793 3900 844 3957 pro
866 3885 983 3957 ingenio
1038 3888 1110 3944 iiam
1125 3886 1169 3943 vol
1185 3887 1398 3960 impotentiam,
1414 3887 1573 3961 adimplere
1588 3889 1782 3960 nequiverint,
1801 3889 1862 3946 illo·

161 3981 289 4038 audaciae
305 3978 494 4053 elprobitatis
505 3993 604 4034 secum
616 3977 752 4048 reputant
762 3973 905 4045 quidquid
917 3978 983 4030 ante
1038 3995 1103 4032 rum
1120 3975 1241 4032 consilio
1256 3980 1285 4032 et
1294 3977 1407 4048 judicio
1424 3977 1474 4049 qui
1490 3978 1651 4033 secundum
1659 3978 1807 4049 justitiam
1820 3996 1864 4036 ca-

162 4074 258 4127 eastra
272 4087 324 4142 pro
339 4069 443 4125 inertia
457 4072 486 4125 et
501 4065 659 4122 timiditate
672 4065 823 4120 duxerant.
835 4063 907 4119 Cum
930 4081 984 4119 au·
1038 4065 1167 4138 paciores
1182 4065 1312 4121 veritatis
1328 4065 1445 4133 fuerint,
1458 4066 1641 4138 acquiescere
1653 4084 1711 4123 non
1727 4073 1862 4125 renuant.

160 4164 220 4216 tem
236 4176 288 4216 nec
303 4157 444 4226 venerint,
460 4174 512 4214 nec
527 4172 627 4211 rumor
642 4154 778 4210 audiatur
792 4152 842 4210 ubi
867 4170 983 4210 manse·
1038 4154 1085 4210 Sic
1099 4158 1227 4210 tractum
1243 4157 1270 4210 et
1287 4155 1463 4226 injunctum,
1481 4154 1517 4210 ab
1533 4156 1670 4212 omnibus
1690 4173 1862 4215 concessum

160 4248 230 4323 rint,
239 4249 336 4323 agitur
349 4247 419 4321 qnid
437 4264 525 4321 super
539 4246 593 4302 hoc
609 4244 670 4300 fieri
686 4244 795 4300 deceat.
808 4243 877 4299 Pars
893 4242 984 4315 igitur
1037 4247 1090 4312 est,
1106 4248 1135 4299 et
1150 4242 1321 4316 singulatim
1333 4244 1446 4315 junctis
1471 4245 1608 4301 manibus
1633 4245 1767 4302 omnium
1788 4245 1863 4304 inter

160 4337 280 4412 illaque
291 4337 385 4412 magis
396 4337 531 4409 sperabat
540 4333 616 4392 bello
627 4333 776 4405 acquirere
794 4348 882 4404 quam
903 4332 981 4388 domi
1036 4332 1335 4405 manuspatriarchae,
1353 4332 1411 4387 ilco
1434 4337 1463 4388 ct
1488 4333 1582 4389 eidem
1608 4335 1664 4391 fide
1679 4335 1859 4408 promissum

160 4426 217 4484 sibi
233 4426 397 4500 reliquisse,
413 4430 532 4499 repente
548 4422 688 4494 subsequi
704 4421 814 4477 honum
829 4438 893 4477 esse
912 4438 979 4477 con·
1036 4425 1081 4477 est
1091 4439 1142 4494 per
1157 4420 1305 4476 induciam
1322 4425 1351 4476 et
1365 4419 1500 4477 Ecclesia
1517 4423 1757 4494 propitiationem
1768 4442 1775 4480 :
1785 4425 1861 4498 quod

159 4517 267 4573 firmat.
284 4516 355 4573 Pars
369 4517 453 4589 eujus
469 4514 601 4571 animum
617 4528 663 4568 res
678 4527 814 4583 possessu
829 4510 981 4566 dulcedine
996 4529 1020 4594 D
1036 4511 1060 4566 si
1076 4512 1148 4565 forte
1163 4509 1349 4576 oberraverit,
1376 4526 1427 4582 per
1441 4510 1678 4568 emendationem
1695 4517 1724 4568 ct
1749 4513 1861 4570 satisfa-

159 4606 322 4676 revocubat,
337 4622 405 4663 cum
431 4604 525 4661 bostis
552 4603 591 4658 sit
619 4601 754 4673 copiosus
779 4599 876 4672 sitque
897 4600 981 4657 valde
1035 4599 1161 4655 ctionem
1175 4597 1310 4654 Ecclesiae
1325 4615 1373 4654 eos
1389 4598 1494 4655 salvari
1510 4617 1606 4672 posse.

159 4694 253 4763 fortis,
267 4709 509 4768 unumquemque
524 4691 561 4749 ad
575 4689 692 4765 propria
705 4687 911 4755 reverti,causa
926 4707 980 4745 sua
1070 4688 1120 4744 llis
1136 4686 1270 4760 peractis,
1280 4687 1453 4743 venerabilis
1469 4689 1635 4760 patriarcha
1651 4689 1861 4748 missarumce

158 4783 274 4839 tutandi
289 4782 460 4856 municipia,
477 4780 579 4838 utilius
594 4796 658 4836 esse
669 4778 793 4850 judicat.
809 4781 868 4834 Rex
882 4779 979 4850 itaque
1032 4777 1150 4832 lebrans
1164 4775 1316 4843 solemnia,
1333 4777 1484 4849 praemissa
1500 4777 1606 4850 populo
1624 4777 1680 4834 sibi
1701 4780 1858 4838 commisso

157 4870 338 4929 Hierusalem
354 4889 421 4929 cum
437 4871 499 4928 suis
509 4866 697 4941 Tripolitanis
713 4865 864 4938 Tripolim,
877 4867 980 4923 Dama·
1033 4871 1218 4939 peecatorum
1235 4864 1427 4936 absolutione,
1444 4883 1546 4922 omncs
1563 4866 1751 4939 patriarchali
1772 4869 1857 4925 bene·

157 4956 260 5018 suenus
285 4962 471 5029 Damascum,
488 4959 625 5032 princeps
650 4957 849 5012 Antiochenus
878 4956 978 5012 Antio·
1033 4955 1159 5010 dictione
1183 4956 1392 5024 confirmat,et
1419 4956 1499 5028 ipsos
1529 4953 1674 5028 spirituali
1701 4956 1856 5031 diligentia

156 5048 252 5104 chiam
269 5066 402 5105 reversus
417 5053 470 5104 est.
487 5049 545 5103 Nec
561 5047 589 5102 id
612 5045 675 5101 fieri
698 5044 823 5100 istorum
849 5045 979 5118 potentia
1032 5043 1160 5117 episcopi
1174 5042 1308 5111 Gibbelli,
1326 5044 1361 5098 ad
1384 5043 1493 5099 bellum
1517 5043 1606 5099 simul
1630 5046 1789 5118 pergentis,
1806 5047 1857 5102 hu-

155 5137 359 5210 intelligimus,
368 5138 418 5193 sed
429 5136 509 5192 illius
525 5134 625 5208 procul
641 5134 730 5190 dubio
746 5135 796 5206 qui
808 5134 977 5191 societatem
1033 5132 1154 5189 millime
1169 5133 1365 5197 commendat,
1382 5149 1413 5187 ac
1439 5132 1575 5189 salutatis
1602 5133 1739 5190 omnibus
1761 5135 1857 5191 Antio

155 5224 243 5281 Belial
256 5243 272 5282 a
288 5227 397 5283 nostris
410 5224 538 5298 separari
554 5224 656 5279 voluit.
1031 5222 1129 5278 chiam
1140 5222 1269 5293 repedat,
1280 5221 1397 5277 assidue
1407 5221 1528 5277 Domino
1539 5221 1709 5294 supplicans
1721 5228 1748 5279 et
1759 5224 1855 5297 ipsum

189 5313 247 5370 Nec
262 5312 354 5372 multe
369 5317 435 5386 post
449 5317 546 5386 partes
557 5310 671 5368 Sisaria
682 5311 780 5368 hostes
793 5312 976 5385 tyrannidem
1032 5312 1236 5383 deprecans,ut
1252 5309 1301 5381 qui
1317 5311 1459 5382 superbos
1474 5310 1613 5368 humiliat
1625 5316 1654 5368 et
1664 5312 1715 5384 qui
1726 5313 1762 5368 ab
1775 5312 1856 5369 initio

153 5402 324 5470 exercende,
340 5403 467 5477 quadam
487 5402 533 5459 die
548 5405 678 5457 castrum
694 5400 827 5468 Cafarda,
845 5418 901 5473 quo
912 5402 976 5473 jam
1031 5399 1107 5455 bella
1122 5399 1254 5467 conterit,
1271 5398 1307 5454 ab
1323 5398 1434 5471 impetu
1458 5400 1557 5472 populi
1581 5401 1626 5457 sui
1651 5404 1784 5459 conterat
1807 5402 1857 5459 ad·

153 5490 295 5550 damnum
311 5493 354 5550 eis
367 5492 537 5568 contigerat,
549 5490 689 5548 invadunt
704 5489 976 5547 atrocissimellinc
1029 5488 1184 5545 versaries.

151 5576 305 5665 invadunt,
320 5580 401 5644 illiue
424 5580 560 5661 petrariis
584 5579 709 5657 aliisque
729 5578 975 5638 machinamentis
1066 5576 1204 5655 Sequenti
1220 5579 1318 5636 autem
1333 5577 1390 5650 die,
1406 5577 1547 5653 expositis
1559 5580 1792 5657 circumquaque
1810 5598 1858 5642 cu·
