3816 6006
16 241 139 322 ‘rora
388 258 573 324 enarum
595 224 1437 324 alvcaauxensamxerrrore-exesa.
1683 261 1763 329 rati

55 395 156 450 astuto
172 390 263 448 milita
278 391 403 466 principi
420 393 581 450 nuntietur.
596 394 759 467 Artumque
781 396 835 461 est,
850 394 881 450 P.
897 389 926 458 Α
942 389 1006 446 viva
1021 390 1152 463 pontiflci
1167 391 1318 450 confessus
1334 399 1388 464 est,
1405 396 1581 468 acceptaque
1591 397 1764 470 poeuiteutia

56 482 277 555 archiepiscopo
292 482 460 555 Apamicnsi
477 481 882 549 consulenteutamnesuna,
938 480 1057 550 praelata
1080 481 1169 537 simili
1195 481 1297 539 viatico
1321 484 1437 540 Domini
1460 488 1621 558 vegetatus,
1649 485 1762 556 abiens,

54 571 131 627 iacta
147 571 242 627 edicta
258 589 310 645 per
324 571 496 639 exercitum,
507 577 575 627 ante
590 571 684 629 lucem
698 570 882 644 adcapellam
938 571 1005 625 ante
1020 569 1136 626 tentorii
1154 571 1320 644 ingressum
1336 572 1516 646 pauperibus
1531 572 1648 641 Christi,
1674 575 1712 632 ab
1729 592 1763 633 eo

53 662 239 727 couveuiaut,
255 665 402 733 quatenus
418 661 457 714 ibi
473 659 566 716 vitaat
581 661 712 717 moribus
724 660 882 727 emendati,
938 656 1109 714 alimoniam
1125 660 1300 732 petentibus,
1318 661 1436 735 propria
1450 679 1539 719 manu
1556 680 1666 721 munus
1685 665 1765 738 prin·

51 751 117 806 ciba
135 755 264 823 potuque
280 749 389 805 coelesti
406 749 514 817 relecti,
532 749 562 804 in
587 750 637 806 Dei
654 749 782 818 servitio,
809 753 838 805 et
853 750 883 803 in
939 746 1032 818 cipale
1047 749 1110 803 auri
1126 749 1763 827 panderacharitativeerogavit;paratusque

51 841 172 896 nomine
188 841 263 913 ejus,
281 845 312 895 ut
328 840 411 895 decet
426 839 546 903 milites,
562 839 656 895 vivere
681 839 725 895 vel
741 839 815 895 mari
835 856 883 895 va·
939 852 1019 891 more
1035 835 1121 892 solito
1137 854 1223 893 mane
1239 838 1370 910 spatiari,
1386 856 1495 912 equum
1510 840 1763 901 ascenditdllatis

49 929 142 986 leant.
160 929 264 1002 Fitque
280 929 409 985 edictum
425 928 513 984 illice.
530 929 604 984 Dum
628 928 689 984 haea
716 934 882 1002 agerentur,
939 923 995 979 sihi
1011 925 1122 991 avibus,
1140 925 1238 982 allatis
1253 928 1350 1000 parvis
1367 929 1500 996 canibus,
1527 930 1661 988 adductis
1685 931 1761 1002 aliis,

53 1019 137 1074 attuit
149 1023 231 1074 extra
245 1017 504 1083 mulierlunatica,
516 1018 752 1074 usabisvaaibus
762 1018 883 1092 :«ltgite,
938 1013 1239 1085 sumptisvcnabulis,
1255 1017 1418 1088 praemissis
1432 1016 1531 1091 pueris
1546 1021 1764 1077 eumvenatori·

55 1108 153 1181 agite;
170 1124 222 1163 nac
237 1108 287 1163 diu
303 1107 415 1180 utiquc.
430 1106 500 1164 Cras
515 1107 593 1162 onim
609 1125 698 1163 manu
708 1107 884 1180 hostiliprae-
939 1102 1005 1171 hus,
1032 1106 1064 1159 ut
1079 1104 1161 1160 decet
1175 1103 1348 1177 principem,
1374 1106 1437 1179 ipse
1461 1107 1669 1180 subsequitur;
1693 1109 1764 1168 hina

54 1196 181 1263 valente,
197 1195 357 1269 amputatis
371 1196 528 1267 capitibus,
545 1214 609 1267 que
625 1197 767 1253 hactenus
786 1197 885 1253 ahstu·
939 1207 1026 1265 agras
1042 1196 1069 1248 et
1084 1191 1174 1249 vallas
1190 1199 1334 1266 peragrat.
1352 1195 1420 1252 inde
1435 1200 1590 1254 mouisset
1604 1196 1693 1256 eolles
1708 1199 1764 1256 cir·

55 1284 144 1350 listis,
162 1301 228 1340 mea
242 1283 314 1339 mihi
330 1284 475 1357 regimina
499 1283 680 1341 dimittetis.»
707 1288 774 1351 Oura
797 1287 885 1342 verba
939 1280 1009 1348 cuit,
1026 1280 1094 1337 hinc
1110 1298 1176 1338 aves
1192 1283 1270 1355 capit
1285 1283 1399 1353 avibus,
1414 1283 1481 1341 inde
1503 1286 1579 1343 seras
1607 1276 1765 1360 prosternit

55 1372 174 1446 spiritui
190 1372 347 1445 prophetia
363 1390 524 1445 congruere
545 1374 581 1429 ab
604 1375 707 1430 ellectu
734 1374 884 1447 sequentis
940 1369 1071 1426 canibus.
1089 1371 1191 1427 Subito
1216 1376 1315 1428 autam
1340 1378 1438 1430 motus
1462 1374 1559 1431 anima
1584 1376 1683 1433 lutura
1707 1378 1764 1434 sihi

53 1463 112 1518 diei
129 1461 348 1535 perpendimus.
366 1461 417 1516 His
433 1462 552 1528 auditis,
570 1463 692 1534 quidam
709 1463 799 1519 risere
816 1480 884 1519 cou-
940 1462 1139 1532 praetentante,
1155 1460 1325 1533 speculandi
1336 1463 1765 1535 causedimissisludisadtur-
1833 1518 1835 1525 .

52 1550 177 1608 sternati
192 1549 299 1616 auimo,
316 1549 437 1623 quidam
454 1550 556 1607 utilius
570 1553 839 1625 reputavere,apud
854 1570 885 1609 sa
940 1565 1001 1604 rem
1018 1549 1072 1604 iter
1085 1548 1195 1622 dirigit.
1213 1552 1273 1616 Quo
1290 1551 1425 1620 abeunte,
1441 1553 1557 1610 adestei
1568 1554 1764 1628 nuntiusequi

51 1639 184 1698 admissa
198 1637 276 1695 mala
290 1639 568 1706 deflereseria.Quid
579 1640 885 1713 singulaiLicentiatis
940 1654 1028 1693 cursu
1044 1636 1256 1708 velocissimus,
1273 1640 1318 1695 cui
1333 1640 1484 1697 daminus:
1495 1642 1765 1716 «Quidproserioi»

48 1730 212 1787 baronibus
228 1729 323 1785 noctis
338 1730 435 1801 quiete
452 1731 704 1797 recreari,vocatis
716 1730 885 1786 domesticis
901 1764 924 1828 B
941 1726 969 1781 ld
987 1725 1013 1782 ai
1028 1727 1151 1782 nuntius
1168 1744 1174 1782 :
1191 1751 1204 1777 a
1222 1728 1306 1785 Hisce
1322 1729 1416 1787 oculis
1432 1730 1561 1787 hostium
1586 1737 1700 1790 turmas
1720 1733 1765 1790 in-

51 1819 189 1894 princaps
203 1818 379 1890 imperatui
394 1837 411 1874 a
426 1819 540 1892 signata
556 1820 822 1893 terminoexpedite
836 1820 888 1877 liat
941 1821 1036 1879 tuens,
1066 1833 1117 1888 per
1132 1816 1257 1888 abrupta
1271 1818 1417 1874 montium
1428 1824 1457 1876 et
1471 1819 1625 1877 devallium
1639 1821 1713 1892 loca,
1723 1823 1767 1879 in·

54 1910 126 1984 quid
142 1911 339 1977 decreverant,
357 1914 561 1982 monstratque
576 1909 618 1966 eis
635 1910 751 1982 quidet
781 1910 842 1977 uhi,
859 1914 888 1966 et
941 1921 1041 1977 quam,
1058 1905 1145 1960 etiam
1153 1905 1280 1961 serarum
1287 1908 1439 1980 gressibus
1459 1926 1611 1982 nunquam
1624 1912 1765 1985 patentia,

55 1999 204 2073 quomoda
220 1998 258 2054 sit
273 1999 430 2071 agendum.
447 1998 614 2071 Vocatoque
630 1998 888 2055 secretiuscancel-
941 1992 1083 2049 exitribus
1098 1993 1232 2066 partibus
1248 1995 1356 2068 triplici
1372 1995 1447 2053 bella
1461 1999 1593 2072 expedite
1609 2000 1639 2056 ia
1655 2017 1708 2057 nos
1723 2017 1768 2057 aa·

55 2089 141 2157 laria,
158 2104 273 2144 cumea
290 2087 430 2144 discernit
445 2087 516 2160 quid
532 2104 583 2160 pra
597 2087 888 2161 imminentinegatia
942 2082 1043 2139 cedere
1058 2099 1110 2154 pra
1125 2099 1192 2139 vera
1208 2085 1322 2150 nuntia,
1350 2087 1580 2160 lnnurnerasque
1607 2089 1683 2145 acies
1706 2093 1766 2146 tam

57 2179 121 2234 fieri
142 2177 294 2233 conveniat
318 2194 407 2248 super
430 2176 477 2232 his
506 2194 570 2248 quae
590 2175 782 2232 bellatoribus
809 2175 906 2233 oncri,
941 2170 1054 2227 vexillis
1071 2188 1167 2245 quam
1181 2176 1210 2227 ct
1224 2171 1289 2228 aliis
1301 2174 1456 2243 Zileorum,
1473 2175 1528 2232 hac
1543 2182 1588 2233 est
1600 2178 1769 2236 mandolla·

57 2267 244 2342 videbantur.
262 2265 333 2321 llinc
353 2266 452 2338 itaque
477 2272 506 2321 et
529 2265 597 2321 inda
622 2265 777 2322 eventilata
800 2282 890 2321 causa
943 2265 1049 2329 rentes,
1067 2261 1183 2333 pompis
1199 2261 1359 2331 decoratas,
1377 2265 1488 2336 priores
1496 2265 1636 2339 subsequi
1647 2267 1770 2324 tirmiter

62 2355 240 2422 necessaria,
253 2358 354 2411 vocata
370 2355 539 2423 cameraria,
555 2354 722 2427 vocatisque
737 2354 888 2410 familiari-
944 2366 1053 2404 assero.
1071 2371 1084 2399 a
1101 2350 1143 2404 Ad
1159 2350 1220 2405 hac
1235 2351 1372 2425 princeps
1389 2369 1396 2408 :
1415 2375 1425 2403 ι
1444 2354 1534 2411 Nobis
1550 2355 1652 2411 datum
1667 2359 1769 2429 estpro

62 2447 233 2510 bussetum
250 2447 282 2498 ut
295 2461 365 2499 vasa
377 2444 504 2516 pretiosa
519 2448 547 2499 ct
562 2445 659 2500 amnis
674 2443 804 2515 supeliex
817 2460 889 2499 one·
944 2437 1058 2493 Christo
1075 2455 1131 2494 nan
1144 2438 1239 2495 salum
1256 2439 1770 2511 utineamcredamus,verumetiam

63 2534 291 2600 rosa,nactead
309 2538 418 2588 turrem
434 2533 551 2600 Artesii,
582 2534 718 2604 episcopo
744 2549 890 2589 cammen-
945 2533 978 2582 ut
990 2543 1042 2598 pra
1058 2526 1107 2582 illa
1124 2528 1272 2600 patiamur
1288 2530 1372 2602 (Phil.
1391 2549 1408 2599 r,
1425 2533 1482 2604 29),
1498 2537 1527 2588 et
1550 2532 1575 2589 ei
1590 2534 1669 2606 quad
1683 2533 1771 2591 debe·

63 2623 162 2680 danda
177 2622 368 2678 deterrentur.
386 2622 531 2692 Sequitur,
557 2626 698 2678 vocantnr
720 2620 889 2694 turcopuli,
945 2632 1012 2671 mus
1027 2615 1158 2671 debiturn
1176 2618 1240 2688 jam
1264 2619 1433 2686 reddamus,
1462 2620 1597 2678 videlicet
1620 2627 1651 2678 ut
1675 2621 1771 2680 omnis

62 2716 206 2770 vocantur
221 2717 249 2767 et
265 2709 386 2779 famuli,
403 2709 450 2767 his
466 2711 495 2767 id
516 2712 579 2767 lieri
604 2711 730 2782 imperat
753 2710 891 2766 daminus
945 2711 1047 2761 nostra
1062 2705 1212 2761 rationalis
1228 2706 1363 2764 voluntas
1378 2709 1443 2780 ejus
1468 2709 1609 2767 voluntati
1639 2712 1773 2784 subjecta

63 2802 174 2865 subita,
191 2804 294 2873 paratu
311 2798 427 2855 eminus
444 2804 546 2877 parant
561 2798 694 2872 imperio.
946 2798 1126 2866 parmaneat,
1143 2799 1171 2849 et
1186 2795 1237 2867 qui
1252 2794 1393 2853 honorem
1408 2797 1488 2854 illius
1503 2798 1533 2854 in
1550 2799 1635 2856 nabis
1653 2799 1771 2857 violavi·

395 2897 510 2953 CAPUT
529 2896 562 2950 V,
946 2899 1025 2950 mus,
1041 2883 1204 2938 secundum
1234 2884 1445 2943 exhortationis
1472 2887 1580 2943 saetam
1596 2889 1771 2946 modestiam

101 2978 252 3036 Exercitus
267 2995 333 3033 varo
349 2977 428 3032 haud
445 2977 553 3033 oblitus
566 2976 663 3040 edicti,
677 2980 743 3032 anta
753 2976 892 3033 lucemad
947 2971 1040 3027 aidcm
1057 2970 1198 3027 Salvatari
1215 2978 1324 3041 nostro,
1342 2992 1395 3029 nas
1410 2974 1571 3047 ipsos,cum
1582 2976 1676 3049 ipsius
1691 2978 1773 3049 adju·

64 3067 219 3126 ecclesiam
236 3065 423 3133 conveniunt,
441 3066 490 3122 uhi
516 3067 574 3122 Dea
590 3065 733 3122 altissima
750 3066 843 3122 corda
865 3070 894 3121 et
947 3060 1031 3126 tario,
1049 3077 1106 3114 uon
1122 3063 1771 3132 peccaturosrestituamus.»Histruitisaeaer

66 3174 116 3214 ore
131 3153 891 3228 supplicantes,matutinislaudibusinvigilantDui-
908 3135 929 3201 G
949 3148 1005 3203 sito
1021 3164 1157 3220 agosone,
1175 3150 1323 3206 accersitis
1344 3152 1524 3224 preconibus
1535 3153 1661 3226 imperat
1674 3153 1772 3211 domis

66 3248 125 3303 bus
139 3243 483 3316 linitis,archiapiscopus
500 3243 529 3297 in
546 3243 894 3315 utraqucmilitiavirele·
948 3241 1109 3293 nusioium
1123 3240 1281 3295 exereitum
1297 3240 1386 3297 armis
1402 3242 1498 3314 parari
1512 3243 1772 3317 eminus,libetque

67 3334 274 3410 gratissimus,
290 3337 319 3388 at
333 3333 369 3387 de
385 3331 493 3387 rmlesti
517 3335 545 3386 ct
569 3331 604 3386 dc
627 3331 757 3387 terrestri
783 3347 893 3386 sermo·
948 3326 1106 3400 praeconari
1121 3344 1190 3383 vaca
1205 3330 1360 3400 propatula
1374 3336 1406 3386 ut
1421 3331 1667 3400 universi,audita
1677 3333 1773 3405 primo

67 3424 203 3481 ciuanda.
221 3445 235 3472 α
253 3421 294 3478 sic
324 3421 525 3476 inhaerendum
555 3421 685 3476 terrestri
717 3420 895 3475 Christianae
949 3416 1047 3472 sonitu
1062 3415 1190 3488 gracilis,
1208 3417 1345 3474 festinent
1361 3418 1474 3475 bellicis
1490 3420 1620 3488 indui,et
1634 3421 1775 3493 secundo,

67 3513 179 3580 docuit,
198 3515 228 3567 ut
244 3510 272 3565 in
287 3510 406 3576 coelesti,
423 3508 550 3582 gratuita
566 3508 671 3581 pietate
687 3509 896 3576 Dci,mercren·
949 3503 1053 3577 parati,
1071 3504 1189 3561 aciebus
1204 3505 1259 3561 sihi
1275 3507 1478 3579 praeordinatis
1493 3513 1554 3565 tam
1566 3509 1775 3583 militesquam

68 3607 119 3658 tur
133 3599 227 3673 ipsius
242 3598 352 3655 militas
366 3598 509 3655 coronari.
522 3620 535 3649 a
950 3597 979 3649 et
994 3592 1106 3666 pedites
1122 3595 1215 3666 parati
1229 3596 1324 3666 juncti
1340 3597 1556 3665 conveniant,at
1566 3599 1709 3656 utaudito
1722 3603 1778 3656 ter-

391 3695 507 3752 CAPUT
527 3699 575 3750 Vl.
950 3681 1002 3748 tio,
1018 3682 1140 3755 singule
1157 3683 1235 3739 acics
1250 3690 1389 3756 promota
1404 3685 1612 3759 signiferorum
1628 3689 1718 3744 ductu
1733 3703 1779 3744 aa·

42 3794 50 3807 ³
69 3779 155 3836 Mane
170 3781 269 3833 autem
286 3777 373 3842 sacto,
390 3775 486 3831 divino
504 3775 599 3832 atheia
615 3774 768 3844 celebrato,
781 3774 897 3847 publica
952 3771 1198 3838 ccdontmmamm
1214 3773 1298 3845 signo
1313 3774 1407 3830 crucis
1422 3775 1538 3831 Domini
1554 3779 1777 3849 sepraseatant.

69 3865 263 3931 confessione,
281 3864 398 3936 publica
414 3863 633 3930 lamentatione,
643 3880 744 3920 amnes
761 3866 898 3919 secontra
952 3860 1009 3916 Nec
1025 3877 1125 3927 mara3
1150 3861 1224 3916 fiunt
1249 3863 1394 3934 preconia
1416 3864 1539 3937 imperia
1563 3865 1685 3937 domiui,
1710 3881 1780 3923 voca

68 3955 166 4029 legem
181 3954 236 4012 Dei.
248 3970 383 4026 peccasse
398 3970 466 4008 vace
482 3954 656 4024 profitentur
667 3951 899 4007 unanimessin·
953 3948 1118 4020 propatula,
1130 3948 1251 4022 ipsaque
1266 3956 1366 4008 vectus
1383 3969 1457 4025 equo
1472 3951 1640 4021 calari,ante
1654 3953 1781 4011 tentoria

70 4043 192 4119 guiiqua
208 4041 323 4099 delictis
352 4042 491 4097 omnibus
520 4043 629 4114 quibus
656 4041 754 4097 inlecti
783 4041 900 4096 fuerant
953 4054 1035 4093 arma
1049 4037 1153 4093 bellica
1168 4045 1234 4094 ante
1248 4057 1279 4095 se
1295 4040 1426 4114 precipit
1442 4042 1555 4099 advehi.
1573 4045 1635 4109 Quo
1651 4044 1778 4116 peracta,

71 4133 319 4199 abrenuntianda,
337 4132 513 4199 coufitendo,
531 4132 588 4187 Dea
604 4127 901 4203 etpontibcidevatis·
955 4131 1096 4198 praesente
1111 4127 1201 4198 priori
1217 4127 1330 4196 nuntia,
1347 4130 1431 4185 adest
1447 4136 1475 4186 et
1490 4130 1566 4187 alius
1586 4131 1687 4188 eadem
1711 4129 1780 4187 belli

72 4224 147 4279 sime
163 4221 362 4294 promiserunt
378 4220 455 4291 quod
472 4220 501 4274 in
518 4220 632 4286 illa,aut
648 4221 676 4274 in
688 4216 899 4282 hissimilibus,
954 4213 1062 4270 indicia
1077 4231 1212 4271 asserens
1225 4216 1312 4272 verba
1328 4217 1485 4287 dissimili;
1512 4219 1552 4275 ait
1575 4220 1653 4276 enirn
1676 4219 1754 4276 Dllus
1770 4235 1778 4276 :

71 4307 168 4384 gratia
183 4308 232 4363 Dei
251 4312 424 4379 cooperante
440 4312 468 4363 et
481 4311 658 4381 protegente,
668 4322 820 4377 nunquam
836 4320 901 4359 am·
958 4328 969 4352 a
988 4303 1064 4359 Citra
1079 4308 1193 4360 montes
1209 4305 1340 4377 citraque
1356 4305 1488 4362 districta
1503 4308 1779 4376 adsuntvicimus.»

72 4396 153 4471 plius
168 4396 341 4451 inciderent.
368 4398 429 4462 Quo
456 4397 567 4462 audito,
592 4394 699 4468 presul
723 4397 902 4450 memoratus
957 4392 1094 4464 Princeps
1109 4392 1207 4464 itaque
1223 4394 1352 4467 precipit
1375 4396 1527 4452 universos
1546 4397 1659 4452 moneri
1682 4394 1781 4452 sonitu

72 4487 193 4541 intuens
209 4483 462 4540 bonaevaluntatis
490 4486 638 4551 allectum,
664 4482 782 4539 nomine
801 4485 830 4537 et
845 4480 900 4537 suh
919 4503 941 4568 D
957 4480 1083 4555 gracilis.
1109 4481 1166 4537 Nec
1184 4498 1282 4551 mora3
1309 4483 1403 4555 primo
1430 4484 1632 4552 admoventur,
1653 4484 1782 4541 seeundo

73 4575 195 4630 obtentu
211 4589 284 4628 verm
300 4573 478 4645 penitentia
495 4574 624 4646 injunxit
639 4572 754 4645 cuique,
767 4570 790 4625 si
807 4568 915 4625 canti.
957 4574 1107 4642 parantur,
1127 4570 1211 4626 tertio
1238 4572 1433 4639 conveniuat;
1457 4577 1525 4628 ante
1549 4572 1704 4646 capellam,
1730 4571 1783 4628 ubi

73 4664 166 4737 gisset
182 4668 285 4717 contra
299 4663 427 4733 perfidos
442 4667 589 4719 certarnen
606 4660 729 4734 ingredi,
757 4677 815 4715 nan
841 4656 902 4714 suis
958 4675 1028 4714 crux
1043 4662 1115 4726 erat,
1133 4658 1256 4716 Domina
1272 4661 1436 4731 praesentati
1462 4662 1648 4719 conveniunt.
1675 4659 1784 4717 Praesul

74 4751 186 4807 viribus
203 4751 407 4822 praesumendo
421 4752 495 4807 hene
506 4745 904 4824 agere,otillorumsivemari
958 4748 1057 4818 itaque
1072 4763 1188 4803 crucem
1202 4748 1316 4804 Domini
1331 4749 1548 4807 venerabilibus
1558 4755 1678 4824 gestans
1693 4748 1785 4806 mani·

74 4840 136 4897 sive
150 4840 245 4895 vivere
261 4844 355 4895 toturn
372 4846 427 4896 Dea
443 4840 634 4895 carnmittero.
661 4839 709 4894 llis
723 4837 821 4911 itaqua
835 4853 904 4891 cou-
959 4837 1025 4903 bus,
1043 4834 1138 4907 inquit
1155 4852 1161 4890 :
1184 4858 1198 4886 a
1216 4837 1290 4906 Quid
1307 4838 1406 4894 ultra?
1420 4839 1518 4895 Armis
1532 4838 1601 4895 srdei
1616 4835 1785 4912 premuniti

75 4928 225 4984 sarmatici
241 4928 401 5000 pontilicali
418 4928 616 4985 bencdictione
627 4928 906 5000 signati,earpareet
960 4925 1013 4980 hoc
1022 4923 1369 4997 signasalutileracrucis
1381 4928 1560 4999 praecedente
1571 4944 1624 4983 nec
1633 4927 1716 4983 veriti
1724 4943 1786 5000 per·

75 5017 222 5090 sanguine
238 5017 354 5072 Domini
367 5019 476 5086 relecti,
494 5019 541 5073 his
557 5013 905 5088 armisfidcipraemuniti,
961 5013 1087 5068 fidorum
1111 5015 1286 5070 sententiam
1309 5020 1485 5088 permutare,
1498 5018 1675 5090 prodeamus
1685 5017 1715 5072 iu
1725 5032 1787 5072 ms·
1875 5064 1878 5069 .

76 5106 189 5163 bellum
207 5106 301 5160 adbuc
318 5107 497 5179 ignorantes,
514 5107 542 5162 in
560 5124 613 5162 sua
632 5105 758 5177 quisque
784 5101 908 5159 tentoria
961 5101 1108 5156 diumaEt
1123 5102 1177 5158 baa
1192 5104 1279 5174 dicta,
1298 5105 1433 5177 princeps
1454 5105 1570 5178 publice
1591 5107 1722 5179 carparis
1740 5105 1787 5162 sui

76 5195 229 5251 remeavit.
248 5195 385 5268 Princeps
400 5213 466 5252 vera
492 5195 631 5252 suffultus
659 5194 755 5249 divina
782 5192 905 5264 Spiritu,
961 5189 1173 5261 voluptatibus,
1203 5193 1366 5265 preteritis,
1397 5194 1590 5266 praesentibus
1626 5198 1655 5251 et
1680 5193 1789 5251 futuris
1894 5259 1897 5266 ,

77 5292 146 5340 anta
161 5283 252 5340 altare
268 5285 342 5340 lusis
353 5282 489 5357 lacrymis
502 5281 907 5357 praomnibusqurainDaum
963 5279 1209 5349 abrenuntianda,
1225 5282 1295 5348 Daa,
1311 5288 1340 5337 at
1355 5283 1490 5356 episcopo
1506 5301 1559 5356 pra
1581 5284 1643 5359 lege
1672 5282 1790 5341 Domini

76 5373 155 5440 visu,
173 5372 287 5439 auditu,
308 5378 408 5447 gustu,
437 5375 558 5429 adoratu
581 5378 609 5428 at
631 5375 709 5428 tactu
735 5369 908 5442 deliquerat,
963 5367 1152 5434 moriturum,
1170 5369 1212 5425 uti
1228 5371 1310 5426 decet
1332 5371 1542 5442 Christianum,
1567 5373 1677 5431 eisdem
1701 5373 1789 5450 galee

77 5463 186 5520 divina
203 5463 351 5533 majestati
367 5479 398 5518 se
414 5479 497 5518 reum
513 5463 642 5530 tradidit,
658 5458 834 5532 singulaque
857 5474 911 5514 sua
965 5474 1024 5512 surr
1039 5455 1153 5529 laqueis
1169 5475 1327 5514 susurrum
1345 5460 1475 5516 tradidit.
1493 5465 1583 5529 Quem
1596 5463 1790 5536 archiepisco·

77 5551 188 5608 delicta
203 5568 254 5624 pra
270 5551 412 5623 qualitate
427 5551 471 5607 vcl
488 5552 649 5624 quantitate
665 5547 830 5616 existentia,
842 5562 910 5602 voce
966 5563 1021 5618 pus
1038 5547 1098 5603 vica
1113 5547 1190 5603 beati
1205 5546 1280 5603 Petri
1296 5547 1471 5622 suscipiens,
1486 5551 1522 5607 ab
1535 5551 1673 5608 amnibus
1694 5564 1792 5622 peaes·
