3816 6006
618 192 711 254 vine
734 192 766 253 S.
791 189 1002 252 SWlTllUNl.
1625 193 1664 250 'ld

77 327 176 401 μηβὲ,
191 322 235 387 sel
264 324 433 399 unicunque
448 325 490 384 illi
508 341 627 383 necesse
653 323 737 390 soret,
754 326 821 401 etp
838 321 994 388 frontibus,
1007 324 1036 376 et
1051 321 1188 393 perficere
1203 322 1301 377 omnia
1312 339 1375 395 (tuae
1391 328 1473 379 crant
1488 325 1662 392 neccssaria,

77 413 191 473 smum
202 415 355 473 reduceret
365 412 704 488 quandocunquevellot,
714 418 785 467 tcm-
839 411 940 482 sicque
956 410 1110 465 redeuntes
1124 411 1245 466 doraum
1266 412 1475 467 benedixerant
1497 413 1662 479 ttornimrm,

77 501 162 559 idem
171 502 267 562 iratus
277 504 392 570 ductor,
405 505 530 569 nimium
542 502 627 575 longa
640 502 676 558 ab
687 500 785 572 bospi—
839 503 988 555 auctorem
1004 499 1176 555 sanitatum.
1663 569 1664 572 Ἴ

77 588 128 662 pn
143 591 323 666 caecumqui
338 609 405 650 eum
419 609 540 666 prorsus
555 591 703 665 ignoraret
716 606 785 661 qua·
873 587 918 642 23.
937 587 1043 642 Eadem
1060 605 1163 660 nempe
1179 592 1350 661 tempestate
1366 591 1418 644 viri
1434 591 1586 660 cujusdam
1604 607 1663 645 ser-

77 693 155 743 num
180 686 332 748 remearet,
348 679 440 737 oravit
459 681 496 739 ad
520 680 615 736 Deum
641 683 783 734 rectorem
837 674 905 731 vulo
920 677 1015 731 lurotu
1031 678 1124 731 luerat
1144 676 1173 730 in
1194 677 1414 750 aquilonaribus
1436 679 1596 751 auglorum
1612 676 1663 733 cli-

77 766 218 825 munius
245 767 424 835 clamoribus
452 774 485 832 ut
514 768 599 824 illum
628 765 784 839 respiceret
839 763 978 832 malibus,
996 771 1084 836 atque
1105 765 1229 820 deducta
1248 768 1284 822 ab
1306 767 1397 823 atridis
1417 767 1611 837 mangonibus
1628 768 1663 821 ad

77 854 138 925 ins,
155 855 268 913 talibus
282 858 436 914 effundens
448 857 595 931 precibus.
613 857 634 914 0
650 855 782 920 Domine,
838 851 953 921 urbem,
965 852 995 907 in
1015 871 1074 924 qua
1095 854 1263 926 quiescebat
1288 863 1407 911 sanctus
1423 873 1542 928 corpore
1558 856 1663 910 tlhristi

77 959 125 1001 nm
141 944 310 1002 dominator
324 951 354 1006 et
369 946 534 1013 hominnm,
550 947 610 1005 scio
626 945 695 1018 quia
710 942 783 1000 nihil
838 939 997 1013 praesuta
1012 941 1153 997 distracta
1175 943 1302 1014 cuipiam
1319 944 1379 1000 viro
1394 946 1518 1017 praelatae
1539 944 1664 1000 ciuitatis

77 1049 147 1091 nem
162 1032 256 1091 latere
271 1034 494 1109 prouidentiam,
506 1035 587 1092 vides
600 1051 649 1096 me
663 1037 782 1106 captum
837 1027 964 1086 Urbano.
977 1029 1042 1086 llaec
1055 1031 1125 1085 dum
1143 1047 1195 1103 per
1209 1030 1287 1104 longi
1302 1032 1429 1104 spatium
1441 1033 1581 1105 temporis
1591 1033 1663 1088 inibi

80 1119 174 1195 longe
195 1127 342 1191 remotum
358 1139 375 1180 e
390 1122 508 1196 propria
531 1123 694 1192 mansione,
716 1125 745 1177 et
766 1138 783 1176 n
838 1117 894 1172 sub
909 1117 966 1173 alio
981 1119 1155 1174 mansitaret
1166 1120 1295 1185 domino,
1309 1121 1431 1193 contigit
1446 1128 1477 1176 ut
1492 1122 1534 1176 vir
1549 1120 1665 1189 idanus

77 1206 117 1269 rei
139 1209 291 1267 desertum
314 1198 444 1268 ductore.
461 1209 663 1266 Humilitatem
687 1224 782 1266 meam
838 1221 896 1277 quo
912 1206 995 1278 prius
1012 1210 1087 1262 t'urto
1107 1209 1257 1263 subtracta
1272 1210 1376 1276 tuerat,
1387 1209 1569 1265 Wintoniam
1585 1211 1665 1266 veni-

90 1303 180 1361 entes
196 1298 331 1371 proprios
352 1297 382 1354 in
408 1297 624 1364 tuavoluntate
648 1297 781 1370 dispone,
838 1298 1048 1365 ret‚quntenus
1076 1297 1132 1351 sibi
1162 1299 1328 1354 necessaria
1354 1301 1569 1364 emeret.0uod
1595 1317 1662 1354 curn

81 1401 169 1447 meos
188 1385 225 1443 nd
246 1392 274 1442 te
296 1386 401 1461 dirige,
414 1392 442 1445 et
458 1388 530 1445 inibi
556 1387 738 1459 nequissimo
753 1383 782 1440 in
838 1381 978 1438 ancillula
992 1385 1107 1440 audiret
1125 1387 1188 1456 jam
1206 1387 1390 1459 praesignata,
1405 1388 1543 1443 audacter
1557 1389 1593 1443 ad
1610 1389 1666 1459 pri·

77 1473 153 1531 sede
181 1472 279 1532 lucem
301 1474 512 1549 sempiternam
528 1493 596 1531 cum
625 1473 735 1532 sanctis
755 1476 784 1529 et
838 1485 921 1525 scum
937 1469 1015 1544 loqui
1027 1473 1105 1527 venit
1116 1474 1269 1530 dominum
1282 1475 1345 1530 sine
1359 1475 1440 1531 illius
1452 1475 1568 1532 licentia
1579 1478 1664 1548 cujus

77 1562 210 1642 tupcede.
227 1563 364 1620 Miserere
386 1564 454 1631 mei,
471 1563 604 1634 Domine,
619 1563 782 1620 seeundum
838 1557 961 1632 imperio
977 1565 1041 1616 tum
1058 1567 1121 1616 erat
1146 1564 1274 1619 subdite.
1290 1564 1363 1619 Cunr
1378 1563 1433 1620 boc
1452 1581 1520 1636 ergo
1545 1565 1665 1620 resciret

77 1666 131 1713 'em
148 1655 243 1720 tuam,
258 1657 286 1708 et
300 1652 345 1709 tac
360 1669 475 1709 niecum
492 1653 579 1724 juxta
594 1657 650 1709 tuae
666 1648 783 1724 pictatis
838 1647 959 1704 domina
974 1649 1020 1705 oui
1038 1650 1180 1706 serviebat
1195 1651 1255 1706 brec
1267 1652 1472 1725 iarnula,quod
1484 1652 1665 1708 fabularetur

77 1737 149 1795 ism.
167 1740 209 1797 ne
230 1739 426 1812 derelinquan,
440 1759 486 1798 me
505 1741 638 1808 Densius,
652 1739 782 1812 amplius
794 1701 820 1772 B
836 1736 872 1792 dc
887 1736 945 1793 alia
961 1755 1028 1793 eum
1057 1739 1176 1794 lromine
1204 1741 1361 1812 provincia,
1370 1743 1462 1812 jussit
1476 1759 1539 1798 cnm
1561 1742 1664 1814 viirciri

77 1842 196 1904 tuorum
219 1829 367 1896 munibus,
383 1829 432 1884 sed
453 1829 496 1896 vol
512 1828 642 1885 animam
666 1830 702 1885 de
725 1829 779 1886 hoo
835 1825 1025 1897 compedibus
1036 1826 1143 1883 iulosta
1155 1827 1290 1895 nimium,
1302 1847 1338 1886 ne
1351 1831 1495 1902 possetnd
1507 1831 1661 1903 antiquum

77 1913 125 1979 ulo
156 1933 252 1973 meam
282 1917 408 1989 suscipe,
424 1918 468 1974 vel
490 1935 542 1990 per
561 1920 655 1974 sancti
676 1919 781 1975 merita
837 1911 894 1968 ullu
912 1915 999 1970 modo
1015 1931 1144 1972 remeare
1160 1921 1327 1988 patronum.

77 2003 247 2073 iuuentuti
263 2022 334 2063 mee
348 2006 446 2064 lumen
462 2007 575 2068 olorum
591 2009 724 2066 restitus,
741 2010 781 2066 To
870 2001 916 2057 at.
927 2003 1039 2059 Accidit
1054 2008 1152 2059 autem
1172 2005 1202 2060 in
1223 2008 1355 2078 sequenti
1377 2007 1424 2062 dic
1442 2011 1476 2063 ut
1495 2008 1600 2064 mulier
1614 2025 1664 2064 ea-

77 2108 134 2167 tgo,
141 2090 373 2150 clementissime
384 2097 499 2168 praesnl,
510 2114 562 2169 par
574 2114 660 2169 quom
673 2102 782 2154 Anotor
837 2089 903 2145 dem
917 2089 1081 2148 lucescente
1096 2094 1283 2167 egrederetur
1296 2113 1391 2164 utone,
1404 2097 1439 2152 ad
1453 2097 1600 2168 quoddam
1617 2114 1665 2153 ne·

77 2181 245 2255 nnguifious
264 2183 372 2256 prubst
393 2185 535 2241 modulum
552 2185 675 2242 dirersis
690 2202 781 2258 ugro.
835 2175 949 2249 gotium
965 2177 1083 2236 sibimet
1107 2183 1343 2252 protuturum,ct
1362 2184 1442 2238 domi
1466 2186 1663 2256 compeditam

77 2262 243 2351 ,guarinus
260 2276 406 2343 qnatenus
435 2271 505 2330 mihi
536 2291 692 2329 sunoorrus
721 2274 782 2330 tuis
837 2263 1017 2338 relinqueret
1032 2269 1184 2324 tantulam.
1201 2273 1268 2335 (iare
1289 2288 1355 2326 mox
1374 2271 1451 2328 sicut
1468 2273 1570 2344 potnit,
1587 2274 1665 2331 foras

77 2358 208 2419 renibus.
224 2359 316 2423 Credo
330 2377 435 2434 nempe
449 2361 589 2434 quoniam
610 2361 782 2434 impetrabis
837 2352 934 2420 exivit,
950 2360 978 2410 et
1002 2356 1088 2428 juxta
1109 2357 1202 2430 ipsius
1221 2350 1310 2415 limen
1325 2360 1431 2416 danius
1459 2361 1665 2418 miserabiliter

77 2445 206 2520 pidquid
234 2447 353 2521 petieris
386 2467 404 2504 a
436 2449 571 2507 Domino,
602 2453 783 2522 Quapropter
836 2441 979 2500 consedit.
992 2445 1066 2499 'lum
1085 2450 1144 2501 tota
1159 2448 1267 2502 mentis
1289 2448 1451 2504 intentione
1467 2450 1665 2506 cuncticrean·

77 2536 178 2601 tminis
198 2537 366 2611 Principem
386 2553 444 2610 qno
466 2538 538 2594 mihi
561 2538 712 2595 opulorum
735 2557 782 2598 ro.
837 2531 897 2586 tem
912 2534 1003 2587 Deum
1019 2533 1107 2605 eoepit
1130 2551 1248 2590 exorare
1270 2542 1301 2590 ut
1323 2553 1386 2591 eam
1409 2536 1546 2593 liberaret
1561 2555 1578 2593 a
1593 2541 1665 2596 diris

77 2641 185 2689 nmen.
837 2619 972 2690 pessime
990 2620 1182 2693 ligaminibus
1202 2624 1337 2680 dominae.
1355 2624 1499 2681 Conversa
1513 2632 1611 2683 autern
1628 2631 1662 2685 ad

77 2729 183 2788 imque
198 2713 273 2775 tales
289 2731 383 2773 aarum
400 2713 448 2772 ilie
472 2733 573 2788 pirenos
588 2733 655 2774 num
672 2717 781 2790 ingenti
837 2708 982 2783 templum
998 2710 1079 2779 illud,
1093 2711 1121 2766 iu
1138 2730 1195 2785 quo
1210 2731 1315 2787 eorpus
1331 2717 1423 2771 sancti
1442 2717 1573 2788 presulis
1584 2735 1666 2773 vene-

84 2801 277 2875 pruludisset,
294 2803 428 2876 protinus
443 2803 472 2858 in
488 2805 590 2861 eodem
605 2804 667 2860 loco
691 2806 782 2877 aperti
837 2798 960 2854 rebatur
971 2797 1069 2873 dignis
1084 2801 1427 2876 bonoribus,diligcntor,
1436 2807 1563 2877 pcrejus
1579 2807 1666 2864 inter·

77 2888 109 2949 di
119 2891 233 2969 qjus‚et
244 2891 411 2964 conspicere
420 2892 682 2950 vntuitotnritatom
695 2894 781 2961 noris,
837 2886 1029 2956 ventum,1lei
1046 2891 1173 2945 exoravit
1188 2891 1373 2962 beneficium,
1387 2899 1416 2949 et
1428 2895 1581 2952 coelestim
1593 2897 1666 2954 desi-

77 2979 194 3054 eqnivit
217 2985 329 3052 septem
358 2981 444 3037 annis
472 2998 590 3038 cernere
619 2983 781 3049 retroactis,
837 2973 1351 3053 deratnnradeptaestsuffragium.

77 3084 120 3136 ‚no
142 3069 278 3142 praeduce
301 3068 386 3124 rediit
410 3070 532 3127 domum
557 3070 723 3137 incolumis,
740 3069 819 3137 tri-c
873 3065 918 3118 25.
937 3067 1048 3121 luteres
1063 3067 1182 3138 quidam
1206 3070 1343 3124 sacerdos
1359 3070 1463 3126 canitic
1478 3074 1664 3142 venerabilis,

96 3157 284 3231 perentibus,
301 3155 482 3230 ultraquam
498 3159 576 3214 credi
606 3161 709 3231 possit,
727 3160 782 3215 ad·
837 3152 967 3210 vestibus
982 3160 1102 3210 ornatus
1119 3156 1348 3225 candidissimis,
1363 3165 1553 3230 properanter
1568 3162 1602 3216 ad
1621 3179 1667 3217 ca-

77 3246 142 3313 uus,
165 3246 313 3316 quomodo
334 3252 477 3319 cognatus
500 3247 628 3314 illorum,
644 3247 695 3320 qni
717 3248 784 3304 iudo
837 3243 967 3297 tanatem
976 3241 1665 3312 accessitmulierculam,dulcibusallnminibus

77 3336 124 3397 ute
148 3332 324 3389 discesserat
345 3333 457 3391 lumina
480 3337 622 3408 privatus,
637 3336 785 3393 evidenter
838 3327 1111 3404 interrogans,quid
1136 3332 1255 3389 liaberet
1278 3334 1390 3408 elegam
1406 3337 1473 3408 (70),
1486 3341 1572 3407 cujus
1596 3339 1664 3395 brn-

77 3436 109 3483 ro
138 3421 178 3477 sit
205 3420 402 3478 illuminatus.
420 3423 474 3490 Qui
489 3424 560 3479 dnm
581 3425 785 3497 cognovissent
839 3416 939 3473 chium
951 3419 1069 3476 dextero
1085 3421 1228 3495 arripiens
1245 3440 1420 3491 manu,eam
1432 3425 1508 3480 vexit
1521 3426 1557 3481 nd
1573 3427 1667 3483 saneti

77 3526 162 3584 'per
190 3510 384 3577 uenerabilem
401 3512 452 3568 Dei
473 3513 642 3585 pontifiram
671 3513 784 3571 umjons
838 3505 1670 3585 tumuluminpungentisictu,atqueinterinnnmerabi·

77 3604 282 3671 roouporuosot
300 3601 468 3669 nouitatem,
482 3601 614 3656 uuuujrut
637 3619 705 3658 rouo
729 3602 783 3657 [ro.
839 3591 897 3648 lem
909 3595 1008 3667 populi
1024 3597 1326 3673 multitudinemque
1343 3601 1515 3658 munitionis
1531 3603 1668 3661 similitu·

85 3680 336 3761 glomeraverunt,
350 3690 400 3761 qui
421 3690 490 3745 furit
509 3707 617 3762 mogun
635 3690 715 3748 solus
730 3691 785 3746 rui.
841 3681 908 3738 dinc
920 3683 1046 3741 vallabat
1061 3689 1231 3744 monasterii
1246 3688 1346 3759 limon,
1359 3690 1436 3747 intra
1446 3692 1558 3748 aditum
1571 3694 1668 3752 adhuc

77 3774 128 3832 oni
144 3793 252 3833 nomon
266 3782 296 3832 ot
311 3776 468 3850 importum
483 3779 547 3835 ojus
563 3779 619 3834 sruo
635 3782 786 3850 pormanet
841 3769 984 3844 illigatam
1004 3776 1153 3846 compede,
1175 3778 1309 3849 exposuit
1323 3780 1409 3850 juxta
1428 3797 1545 3837 sacrum
1564 3781 1667 3853 altare,

77 3862 109 3920 ln
122 3864 310 3923 aaeaulorum,
841 3874 930 3931 super
940 3861 1017 3933 quod
1030 3861 1072 3916 vir
1082 3870 1201 3949 sanotps
1212 3867 1413 3938 requiescebat
1423 3874 1546 3927 somate.
1561 3871 1668 3927 Mirum

77 3975 81 4009 ι
97 3951 259 4019 illisetiam
270 3954 375 4011 diebus
387 3953 660 4026 quatuorbomines
677 3956 786 4012 utrius·
841 3947 920 4004 enim
936 3954 965 4004 et
980 3949 1114 4007 mirabile
1137 3953 1192 4009 luit
1208 3955 1285 4026 quod
1308 3972 1394 4013 nemo
1411 3957 1669 4016 circumstantium

77 4058 114 4111 ns
137 4042 283 4116 degebant
297 4042 327 4098 in
342 4046 424 4116 parte
457 4042 585 4116 regionis
614 4045 787 4112 Britannica
842 4034 1002 4106 unmvidit,
1023 4055 1075 4094 noe
1105 4042 1297 4110 sacerdotem,
1310 4044 1360 4116 qui
1386 4062 1450 4101 eam
1479 4045 1528 4102 illo
1553 4047 1667 4118 detulit,

77 4137 228 4205 neupatur
242 4130 401 4198 Eastsexan
417 4131 543 4204 (estqui
559 4150 610 4205 per
626 4133 787 4191 multarum
843 4124 935 4181 donec
948 4127 1080 4200 exposita
1094 4126 1124 4183 in
1145 4129 1250 4186 sacello
1272 4133 1393 4199 exstitit,
1405 4133 1483 4205 quod
1500 4135 1668 4192 obseratum
1712 4128 1715 4134 ’

78 4235 155 4288 oues
180 4222 316 4276 astatum
344 4219 553 4276 oruoiabuntnr
577 4220 740 4292 doloribus,
755 4239 788 4279 ao
843 4213 1152 4288 clareaeustodibus,
1164 4235 1291 4290 presens
1310 4226 1372 4276 tum
1386 4223 1522 4280 cernebat
1531 4226 1667 4298 populus.

77 4349 79 4357 ,
106 4305 392 4381 languoribus3duo
421 4307 599 4365 seilicotviri
629 4312 790 4367 manebant
842 4303 1671 4382 Dominaveroejus,inquantumvalebat,ccneitaser·

77 4395 174 4467 ‚bina
196 4395 335 4458 mulieres
354 4397 487 4470 utrisque
508 4399 645 4455 manibus
667 4399 787 4468 debiles,
804 4428 827 4495 p
842 4392 915 4448 vulae
931 4393 1167 4466 subsequebatur
1181 4396 1314 4469 vestigio.

77 4483 788 4555 rusclaudianotes.0ui,audientesbathanarius,
878 4482 1006 4537 26.Cum
1023 4488 1120 4538 autem
1141 4481 1217 4539 banc
1233 4483 1353 4542 vidisset
1374 4488 1536 4544 monachus
1552 4489 1601 4561 qui
1618 4507 1671 4546 eu-

77 4591 89 4629 r
102 4588 194 4630 suum
210 4573 393 4647 omnipotens
406 4579 481 4631 Deus
496 4574 640 4631 famulum
652 4577 790 4648 dignatus
844 4569 988 4626 stodiebnt
997 4574 1223 4639 sanctum,otde
1233 4573 1338 4629 sacello
1350 4574 1477 4631 habebat
1487 4576 1670 4647 claviculam,

77 4658 128 4735 giri
144 4661 298 4718 dissolutis
322 4662 444 4719 artubus
469 4662 686 4737 languentium,
703 4681 789 4721 veno.
843 4675 902 4731 quo
921 4658 1090 4730 quiescebat
1114 4661 1248 4734 presulis
1272 4665 1491 4736 corpusculum,
1507 4665 1671 4723 admiratus

77 4793 80 4804 .
95 4749 176 4806 sacri
190 4750 337 4822 pontilicis
354 4749 548 4820 mausoleum,
564 4751 689 4825 supplici
705 4770 790 4826 prona
844 4747 1061 4816 nimium,dixit
1075 4750 1112 4804 ad
1126 4768 1156 4806 se
1173 4751 1270 4823 ipsum
1283 4769 1289 4806 :
1302 4752 1371 4818 Quis
1386 4753 1464 4809 inira
1474 4755 1565 4811 saneti
1577 4772 1672 4813 came·
1695 4758 1700 4768 “

77 4853 115 4894 es
140 4836 253 4894 trinum
269 4843 298 4895 et
313 4855 406 4895 unum
431 4838 494 4895 coeli
520 4843 661 4913 terreque
685 4842 788 4898 boum.
844 4853 919 4904 ram,
930 4853 1017 4909 quam
1034 4854 1131 4903 cerno,
1147 4839 1233 4895 istam
1249 4841 1356 4898 elausit
1370 4841 1529 4900 t'eminam?
1545 4844 1673 4902 Putasne

77 4942 109 4982 m
123 4926 327 5000 pervenissent
344 4925 375 4982 in
397 4944 500 4993 unum,
514 4926 593 4984 illico
614 4929 705 5002 aperti
722 4938 792 4988 sunt
841 4926 964 4997 januam
981 4925 1086 4997 reperit
1101 4931 1241 4999 apertam,
1255 4945 1343 5001 quom
1358 4931 1444 5002 paulo
1455 4939 1523 4989 ante
1539 4935 1674 5006 opposito

77 5030 212 5082 ecorum,
226 5016 403 5090 ,sanitasque
422 5015 536 5072 sincera
559 5017 692 5089 protinus
707 5020 793 5076 semi·
848 5012 939 5070 eleusi
955 5013 1018 5086 ipse
1038 5014 1143 5070 serula.
1156 5015 1209 5081 Oui
1234 5020 1375 5074 accedens
1400 5021 1435 5076 nd
1462 5020 1559 5077 sacelli
1574 5022 1674 5079 valvu-

84 5102 227 5161 mnnibus
242 5104 378 5161 restituta
391 5108 435 5160 est
454 5121 487 5160 ac
502 5103 638 5178 pedibus,
651 5111 681 5162 et
695 5110 794 5165 ambu-
847 5103 918 5169 lam,
930 5103 1066 5160 audiente
1080 5102 1198 5176 populo,
1211 5104 1308 5178 inquit
1327 5109 1362 5163 ad
1379 5125 1442 5164 earn
1456 5111 1546 5176 :Quis
1561 5113 1599 5179 to,
1615 5112 1674 5168 lare

77 5207 139 5248 rum
160 5192 297 5249 omuibus
328 5209 440 5266 aoepare
466 5193 737 5265 circumstantibus,
755 5199 794 5255 si.
848 5191 963 5260 mulier,
979 5191 1057 5246 intra
1075 5194 1349 5269 venerandum,quo
1365 5215 1443 5254 nunc
1463 5205 1540 5255 stare
1555 5200 1674 5268 videris,

77 5296 119 5352 ue
133 5281 231 5346 aucis
239 5285 347 5342 sancte
360 5281 497 5339 manibus
509 5299 611 5338 aarum
626 5283 795 5357 imprimere
848 5280 1011 5338 introduxit
1032 5280 1188 5338 locellum?
1204 5285 1266 5349 Oua
1281 5287 1392 5342 confisa
1411 5288 1574 5345 temeritate
1592 5288 1676 5346 olau-

77 5383 170 5470 Volgo
195 5385 415 5470 taeniotica
442 5388 565 5458 tuccia,
588 5389 738 5464 provincia
762 5394 794 5454 in
884 5388 940 5464 (70)
955 5388 987 5445 ld
1010 5391 1055 5445 est
1078 5391 1191 5460 tristem,
1208 5391 1433 5455 Grecobarbaro
1458 5412 1514 5456 vox
1536 5413 1553 5456 o
1577 5396 1675 5458 Gracc

77 5456 203 5518 incauli
218 5457 337 5536 tngbe.
850 5474 940 5544 esra,
957 5461 1044 5522 tetus
1056 5461 1224 5528 tommtotto.

129 5584 268 5654 Ponet.
290 5584 378 5655 (lbi.
1496 5597 1514 5661 3
