3816 6006
94 270 179 339 reos
667 274 855 339 souiun.
871 311 910 321 -
924 272 948 340 r.
971 274 1023 336 nn
1043 275 1243 340 raurosu.
1725 239 1809 345 ¹sero

95 425 177 477 nam,
193 406 284 464 irruet
299 423 389 480 super
404 422 471 463 eum
487 405 538 463 nix
552 407 609 481 (tob
630 411 681 478 vr).
699 431 713 459 a
735 412 856 483 Propter
870 410 923 466 de·
937 409 964 478 Α
977 411 1092 483 spiritui
1106 411 1155 483 qui
1169 408 1337 482 loquebatur.
1354 406 1417 467 Noa
1433 407 1483 477 ait,
1501 426 1558 466 non
1584 413 1718 485 poterant
1734 401 1808 471 resi'

93 497 287 561 bilitatem‚ut
299 497 419 569 quidam
436 498 484 570 qui
502 497 531 553 in
548 514 689 570 aggressu
705 515 827 571 operum
839 500 925 572 justi·
980 505 1054 556 stere
1070 498 1123 566 illi,
1140 499 1189 554 sed
1205 515 1261 555 eoa
1274 506 1400 571 poterent
1414 501 1540 557 resistere
1552 503 1697 573 supientia
1711 506 1808 577 etapi-

96 589 142 644 tiu
168 603 202 643 ex
222 586 392 643 infirmitate
417 588 623 642 succumbunt.
647 587 757 654 Quibus
781 589 925 645 Dominus
979 590 1050 644 ritui
1065 589 1113 660 qui
1125 588 1285 660 loquebatur
1301 605 1352 660 per
1368 587 1461 655 illum,
1472 589 1558 660 juxta
1572 591 1649 663 quod
1664 591 1809 651 Dominus

98 695 151 752 per
165 676 381 750 prophetam:«
393 677 613 741 confortamini,
627 694 733 734 manus
748 677 885 751 fatigate,
898 683 926 735 et
980 677 1134 749 discipulis
1163 677 1225 733 suis
1255 682 1322 733 ante
1346 678 1529 750 promiserat,
1552 678 1709 736 dicens:«
1732 682 1808 740 Dum

98 784 194 841 genua
209 765 361 833 dissoluta,
371 766 504 822 roborate
516 765 578 836 (leo.
591 767 684 838 xxxv).
695 789 708 816 a
721 768 826 823 Beatus
838 768 927 841 igitur
980 767 1120 822 steteritis
1135 771 1203 821 ente
1215 782 1297 840 reges
1307 769 1336 822 et
1347 767 1495 839 presides,
1504 767 1730 843 uolitecogitare
1740 789 1811 844 quo-

98 856 276 928 Stephanus,
293 861 447 927 postquam
465 853 560 909 dictus
574 860 620 909 est
632 856 731 928 plenus
745 859 848 925 qratia,
858 855 926 911 diei·
980 856 1066 911 modo
1078 860 1128 911 aut
1138 855 1207 928 quid
1220 855 1458 927 loquamini.Non
1469 857 1547 912 enim
1558 875 1609 914 vos
1624 859 1695 916 estis
1709 860 1759 932 qui
1770 860 1808 918 lo-

97 949 146 1000 tur
158 953 185 1000 et
199 945 363 1016 fortitmline
384 942 499 1016 plenus,
525 943 665 1015 quoniam
690 961 785 1017 neque
810 950 927 1018 propter
981 944 1169 1017 quimini,sed
1178 945 1305 1017 Spiritus
1315 945 1408 1002 Patris
1419 946 1506 1002 vestri
1521 946 1570 1018 qui
1582 945 1712 1019 loquitur
1722 949 1751 1004 io
1762 967 1810 1007 vo·

98 1032 384 1108 pusillanimitatem,
402 1049 496 1105 neque
523 1039 641 1106 propter
663 1034 808 1097 timorem.
832 1052 927 1108 neque
981 1034 1027 1089 bis
1042 1033 1145 1103 (llattt.
1158 1038 1197 1101 x).
1209 1057 1222 1084 a
1237 1034 1299 1090 Non
1315 1035 1393 1090 enim
1408 1034 1437 1089 in
1447 1034 1597 1107 *sapientia
1610 1052 1664 1092 sua
1678 1054 1811 1096 surrexe·

97 1126 217 1197 propter
231 1121 412 1178 debilitatem
429 1122 535 1178 mentis
550 1124 586 1179 ah
602 1122 739 1196 operibus
763 1124 882 1187 ,iustitia
899 1130 927 1181 et
981 1124 1139 1179 ratbeatus
1155 1123 1324 1196 Stephanus
1335 1128 1421 1197 atque
1436 1123 1602 1197 eloquentia
1613 1127 1648 1181 ad
1661 1127 1810 1200 disputan·

99 1210 265 1269 sanctitatis
296 1216 411 1284 poteret
438 1213 591 1267 retardari.
619 1213 708 1279 Unde,
734 1213 927 1271 frementibus
982 1212 1052 1267 dum
1068 1216 1170 1267 contra
1183 1211 1312 1279 ludaeos,
1328 1214 1379 1269 sed
1394 1213 1493 1285 potius
1508 1214 1538 1269 in
1555 1213 1698 1291 sapientia
1710 1215 1771 1288 Dei,
1781 1222 1810 1274 st

99 1299 211 1359 iudeis
225 1300 302 1356 circa
313 1317 353 1368 se,
363 1301 399 1357 de
410 1301 519 1356 duritia
531 1306 560 1356 et
575 1300 686 1358 malitie
702 1319 756 1358 sua
771 1320 820 1360 eos
835 1321 928 1376 repre-
981 1299 1012 1355 iu
1027 1299 1194 1373 eloquentia
1215 1300 1343 1374 Spiritus
1358 1302 1461 1370 saneti,
1479 1325 1493 1352 «
1510 1302 1559 1376 qui
1580 1302 1697 1378 linguas
1711 1305 1810 1363 inlan-

99 1389 214 1455 hendit,
237 1388 338 1445 dicens
353 1405 361 1444 :
377 1389 488 1462 Semper
510 1389 581 1446 duro
602 1394 694 1464 fronte
716 1400 742 1448 et
766 1392 930 1449 indonatus·
981 1389 1056 1444 tium
1074 1390 1142 1445 lacit
1157 1390 1281 1446 disertas
1293 1390 1366 1466 (Sep.
1377 1391 1416 1463 x).
1428 1414 1441 1440 a
1453 1391 1484 1447 in
1497 1407 1554 1464 quo
1570 1393 1811 1452 contueantur-sa-

97 1478 177 1537 eorde
200 1477 320 1552 Spiritui
339 1487 431 1535 coneto
456 1481 593 1536 resistitis.
611 1481 641 1536 In
664 1498 722 1553 quo
746 1498 799 1538 nos
815 1480 928 1556 indigni
983 1477 1094 1551 pientes
1106 1477 1195 1551 hujus
1207 1479 1411 1551 mundi,qui‚si
1423 1480 1492 1553 quid
1505 1481 1628 1548 acute,si
1640 1478 1808 1555 quidrecte,

99 1567 305 1642 predicatores
326 1566 522 1634 confutamur,
538 1569 588 1642 qui
610 1571 749 1626 timentes
773 1588 928 1644 pravorum
982 1567 1091 1641 siquid
1108 1568 1216 1624 diserte
1232 1568 1362 1625 sentiunt
1375 1567 1420 1625 rel
1435 1568 1740 1642 loquuntur,sibinon
1751 1572 1809 1630 Deo

99 1654 928 1734 malitiamreleolormidantesamitteregratiam,corum
982 1655 1811 1731 attribuunt3gloriantes,ju1taProphetam,iusententia
1848 1730 1853 1739 ,

99 1745 179 1803 mala
194 1763 251 1802 non
267 1745 520 1819 reprehendimus,
536 1749 586 1803 sed
602 1750 700 1821 potius
715 1750 869 1823 palpamus
884 1750 928 1807 vel
983 1747 1041 1803 oris
1066 1746 1123 1813 sui,
1146 1746 1290 1802 dicentem
1309 1764 1316 1803 :
1333 1770 1348 1797 u
1365 1747 1452 1804 Labie
1475 1751 1575 1804 nostra
1590 1767 1607 1805 a
1620 1750 1705 1806 nobis
1729 1755 1807 1809 suut.

99 1840 243 1893 tacemus.
268 1835 413 1903 Secundo,
436 1841 564 1909 quantus
590 1838 677 1893 luerit
701 1839 743 1894 in·
757 1856 852 1912 opere,
880 1840 930 1897 de·
984 1835 1054 1902 Quis
1074 1839 1173 1891 noster
1197 1835 1339 1892 Dominus
1363 1836 1627 1906 certatricem.
1652 1838 1710 1897 Nos
1729 1856 1808 1914 ergo,

101 1929 294 1992 monstratur,
309 1941 376 1981 cum
392 1924 517 1981 dicitur:
531 1928 658 1983 Faciebat
668 1928 796 1999 prodiqiu
811 1937 835 1985 et
849 1931 930 2001 siqrro
984 1924 1088 1980 fratres
1105 1923 1173 1992 mei,
1190 1924 1214 1980 si
1239 1925 1310 1997 quid
1332 1925 1405 1981 bene
1421 1924 1553 1998 sapimus
1568 1932 1619 1983 aut
1633 1926 1809 2001 eloquimur,

98 2031 201 2086 meque
216 2016 246 2071 in
259 2015 368 2088 populo.
381 2014 454 2071 Cum
470 2015 572 2072 eadem
588 2017 703 2089 possint
718 2034 782 2074 csse
798 2018 930 2093 prodigia
984 2031 1041 2069 non
1057 2012 1141 2069 nobis
1157 2013 1206 2069 sed
1224 2013 1281 2070 Dec
1297 2018 1391 2070 toturn
1408 2014 1584 2085 tribuamus,
1598 2016 1647 2090 qui
1664 2017 1748 2074 nobis
1763 2019 1811 2075 dc-

101 2109 130 2162 et
144 2106 238 2178 signa,
247 2109 345 2161 tamen
363 2103 495 2178 prodigia
507 2107 542 2162 ah
558 2105 852 2182 admirationemque
864 2125 929 2165 vcro
984 2103 1028 2158 dit
1039 2101 1261 2175 intelligentiam
1272 2107 1300 2159 ei
1312 2101 1734 2178 lingu³¹¹¹‚0iuiraq1¹euiendi
1746 2123 1812 2180 9⁰8·

100 2210 119 2250 ι
134 2193 346 2267 significatione
361 2192 439 2251 dieta
454 2199 533 2251 sunt.
546 2194 681 2269 Prodigia
694 2213 772 2262 vero,
784 2214 848 2270 quae
863 2215 929 2253 con.
984 2190 1811 2253 sibitttatem.tadieutesautemtercttsreeatantureorditas

99 2286 148 2339 tra
163 2287 336 2340 consuetum
353 2287 463 2339 natura
485 2301 604 2340 cursum
630 2285 704 2340 fiunt
728 2286 875 2354 dicuntur,
901 2292 930 2344 et
982 2281 1740 2350 suis,etatridebeatdentibuaineam.0uoniumenim
1752 2302 1811 2343 noa

100 2370 168 2429 ideo
183 2389 300 2446 quoque
315 2370 351 2427 ab
366 2388 425 2427 uno
443 2373 557 2428 vidente
573 2379 690 2446 propter
704 2376 928 2433 admirationem
984 2374 1118 2442 poterant
1132 2370 1278 2443 sapientia
1292 2374 1320 2426 et
1335 2370 1501 2443 eloquentia
1520 2374 1694 2431 contendere
1710 2377 1813 2432 contra

101 2459 193 2535 digito
209 2460 382 2534 produntur.
405 2461 460 2517 Sed
484 2461 609 2517 istorum
634 2463 844 2536 prodigiorum,
870 2465 929 2522 sire
984 2463 1129 2526 sanetum,
1143 2459 1218 2527 ideo,
1233 2476 1312 2515 more
1328 2458 1409 2516 canis
1424 2459 1529 2529 rabidi,
1541 2462 1659 2519 resonis
1674 2463 1770 2521 cordia
1784 2468 1813 2522 et

101 2548 264 2623 signorum,
281 2548 338 2605 alia
351 2550 470 2623 quidem
487 2568 544 2607 uon
561 2550 681 2618 iaciunt,
696 2552 746 2608 sed
762 2557 877 2609 tantum
894 2555 931 2610 si·
984 2548 1109 2604 stridore
1125 2548 1256 2605 dentium
1269 2549 1479 2605 invehebantur
1493 2550 1522 2605 in
1535 2567 1613 2618 eum,
1625 2552 1812 2610 ostendentes

100 2639 243 2713 guiheant
256 2640 342 2695 fidem
359 2644 388 2696 et
401 2639 586 2695 sanctitatem
603 2640 745 2709 facientis,
762 2642 805 2698 sel
833 2644 930 2716 potius
984 2637 1047 2710 ipso
1062 2643 1146 2710 gestu
1162 2637 1292 2711 ⁰0rp0ris
1315 2638 1459 2712 sapientia
1482 2645 1510 2696 ct
1524 2640 1669 2698 modestia
1691 2658 1723 2699 se
1748 2658 1812 2700 asse

100 2728 238 2784 virtutem
249 2726 330 2784 illius
344 2727 373 2783 in
389 2728 474 2800 cujus
490 2727 607 2785 nomine
632 2730 716 2797 siunt,
733 2734 765 2786 ut
788 2731 931 2789 miracula
983 2731 1131 2783 vacuatos.

101 2832 166 2890 quae
191 2820 220 2874 et
242 2817 357 2890 reprobi
378 2817 477 2873 ‘faeere
501 2816 640 2891 leguntur
662 2819 765 2891 (baert.
791 2821 851 2891 νη).
868 2820 931 2878 Alia
1020 2817 1138 2882 Quarto,
1155 2821 1285 2889 quantus
1301 2817 1431 2873 fueritin
1454 2818 1699 2892 contemplatione
1714 2825 1811 2879 osten·

100 2921 169 2962 vero
191 2904 360 2980 significant
384 2905 473 2961 simul
498 2911 527 2962 et
550 2907 662 2963 iaciunt
682 2909 867 2965 sanctitatem
887 2910 930 2967 la·
985 2905 1073 2971 ditur,
1090 2922 1157 2960 cum
1173 2905 1332 2961 subditur:

101 2994 219 3061 cientis,
248 2998 281 3051 ut
302 3011 389 3069 opera
414 2995 556 3051 virtutum
576 2995 761 3066 interiorum,
785 2997 928 3068 videlicet,
1021 2995 1088 3050 Cum
1102 3002 1192 3051 ocum
1207 2997 1439 3068 easetStepheuee
1462 2997 1559 3068 pleros
1580 2998 1688 3072 Spiritu
1707 3007 1810 3070 socca,

102 3083 270 3159 utdiligere
294 3083 457 3151 inimicum,
480 3085 576 3141 vivere
599 3084 629 3140 in
655 3087 765 3142 mundo
789 3087 929 3162 angelice,
985 3084 1126 3141 intendens
1141 3087 1292 3153 inceium,
1309 3086 1510 3156 uiditqtorium
1525 3091 1579 3144 Dei
1592 3097 1618 3145 et
1631 3089 1724 3146 lesum
1736 3096 1812 3147 ston-

101 3178 133 3231 et
146 3173 327 3246 hujusmodi.
344 3177 411 3242 Quae
426 3173 547 3247 quidem
562 3191 650 3247 opera
664 3175 827 3245 facientem,
845 3194 930 3234 sane·
945 3155 966 3223 G
986 3182 1038 3230 tem
1052 3192 1068 3230 a
1082 3174 1186 3230 deutris
1199 3176 1258 3231 Dei.
1274 3174 1410 3231 Dicturus
1427 3176 1520 3232 Lucas
1535 3177 1810 3250 contemplationem

101 3266 168 3319 tum
182 3262 295 3319 iaciunt
309 3267 337 3320 et
352 3264 564 3320 demonstrant.
582 3263 670 3320 Porro
687 3265 931 3340 utrisquessoperi·
986 3261 1135 3336 Stephani,
1145 3263 1285 3335 praemisit
1295 3280 1362 3319 eum
1373 3263 1492 3336 plenum
1504 3281 1568 3321 esse
1578 3265 1688 3339 Spiritu
1699 3271 1809 3338 sancto,

102 3352 160 3409 bus
175 3352 307 3409 radiabat
322 3352 352 3409 B.
369 3353 546 3425 Stephanus,
567 3353 706 3426 quoniam
722 3358 751 3410 et
773 3353 803 3410 in
824 3371 854 3411 se
879 3357 931 3413 ad·
985 3352 1229 3425 ostenderequod
1245 3351 1812 3427 perSpiritumsanctumcontemplatio

103 3440 249 3498 mirabilis
264 3445 335 3510 erat,
348 3441 447 3498 omnia
462 3442 612 3498 mundana
627 3447 827 3511 contemnens,
837 3444 930 3501 Deum
985 3440 1178 3508 ministratur,
1192 3447 1224 3495 ut
1237 3439 1284 3495 hic
1300 3440 1480 3507 adverbium,
1490 3458 1562 3510 cem,
1579 3460 1636 3499 nou
1652 3442 1812 3516 temporale

104 3547 194 3604 super
217 3530 316 3586 omniu
345 3529 480 3604 diligens,
508 3531 606 3588 omnia
629 3534 807 3604 pauperihus
831 3533 930 3590 distri·
985 3546 1074 3602 quam
1089 3527 1205 3584 casuale
1221 3527 1412 3603 intelligatur,
1426 3531 1578 3596 inuadere,
1595 3531 1700 3605 inquit,
1716 3534 1748 3589 ic
1761 3549 1812 3590 eoe·

103 3619 198 3676 bueus
213 3622 240 3675 et
254 3617 390 3675 inimicos
407 3618 578 3693 diligens,iu
590 3638 751 3689 carne,non
767 3623 930 3679 secundum
985 3618 1092 3674 lumin
1107 3617 1212 3674 coelum
1224 3617 1487 3682 intendebatznam
1497 3621 1547 3676 uhi
1556 3621 1713 3680 thesaurus
1724 3639 1808 3692 suus,

103 3725 222 3766 earnem
237 3706 347 3775 vivens,
364 3707 393 3763 in
409 3709 519 3764 mundo
535 3708 663 3782 angelice
679 3727 864 3780 conversans,
877 3730 930 3786 pro
984 3707 1024 3763 ihi
1040 3712 1069 3764 et
1082 3725 1131 3763 cor
1146 3724 1233 3764 sirum
1250 3711 1312 3764 erat
1325 3708 1428 3776 (blattis.
1444 3709 1491 3781 vt).
1509 3709 1540 3766 ln
1556 3709 1663 3767 coelum
1677 3710 1809 3768 intende·

103 3797 340 3871 persecutoribus
356 3813 452 3862 orans,
469 3796 498 3852 in
515 3797 585 3854 eoelo
610 3802 705 3855 mente
731 3800 880 3857 habitans.
898 3802 929 3857 ln
984 3797 1044 3864 bat,
1056 3814 1114 3868 quo
1130 3800 1189 3853 toto
1204 3795 1348 3853 desiderio
1363 3797 1616 3868 festinabatoidit,
1634 3799 1739 3874 inquit,
1751 3799 1811 3872 pto-

103 3885 297 3942 exterioribus
313 3903 428 3958 quoque
444 3886 627 3942 admirabilis
651 3893 722 3956 erat,
748 3906 838 3947 caeos
863 3890 930 3945 illu·
984 3888 1057 3942 riom
1071 3888 1129 3942 Dei.
1146 3887 1210 3941 Haeo
1225 3885 1309 3951 visio,
1326 3885 1433 3958 partim
1450 3885 1618 3960 corporalis,
1629 3888 1738 3961 partim
1753 3888 1808 3962 spi·

102 3974 231 4042 minans,
249 3974 369 4031 claudos
384 3974 509 4048 erigens,
526 3976 631 4031 surdos
646 3977 747 4033 audire
762 3978 881 4045 iaciens,
893 3979 932 4036 le·
985 3974 1100 4032 ritualis
1115 3975 1170 4030 luit
1183 3993 1189 4041 ;
1204 3991 1272 4031 nam
1288 3974 1374 4031 coelos
1389 3980 1505 4048 apertos
1519 3980 1548 4033 ot
1560 3977 1662 4034 Jesum
1678 3977 1706 4033 in
1723 3993 1809 4034 carue

102 4081 206 4139 prosos
222 4064 380 4134 mundans,
397 4065 544 4120 demones
561 4065 691 4137 ejiciens.
709 4083 825 4123 omnem
848 4068 930 4124 infir·
984 4062 1809 4138 glorificatumcorporalibusoculisutounqueviderenon

101 4154 237 4211 mitatem
252 4171 369 4220 sanans,
390 4158 522 4210 mortuos
537 4154 726 4211 resuscitans.
741 4157 777 4212 ht
792 4174 856 4223 nos,
872 4159 930 4214 tra·
984 4151 1163 4226 potnit.ldeo
1179 4155 1275 4207 autem
1291 4159 1426 4225 utcunque
1437 4152 1657 4226 dico,quoniam
1673 4157 1810 4212 tantaest

100 4247 162 4301 tres
177 4243 354 4306 charissimi,
365 4260 423 4298 nen
434 4244 603 4300 affectemus
613 4244 755 4300 exteriora
770 4244 863 4303 lacere
879 4248 932 4302 mi·
984 4239 1077 4313 gloria
1091 4238 1242 4312 glorificati
1259 4239 1387 4296 hominis
1402 4241 1479 4313 qood
1495 4241 1626 4299 mortalis
1640 4242 1721 4299 visus
1744 4259 1809 4299 earn
1873 4296 1876 4301 ,

101 4330 213 4400 recula,
244 4349 308 4405 que
332 4331 468 4405 perlectis
492 4332 668 4388 conveniunt
689 4338 717 4389 et
739 4333 929 4408 imperfectis,
985 4329 1059 4384 ferre
1073 4345 1131 4384 11⁰ss
1146 4327 1249 4400 POSSii·
1265 4327 1347 4385 Unde
1372 4331 1400 4385 θῑ
1423 4328 1454 4385 in
1474 4331 1742 4402 transfigurem&
1757 4331 1808 4387 ubi

103 4421 181 4478 sicut
196 4438 249 4477 nos
264 4438 368 4477 sumus
394 4421 542 4478 multoties
565 4426 593 4477 et
617 4423 799 4480 occasionem
825 4442 930 4498 super·
980 4418 1080 4475 brevis
1095 4423 1122 4473 et
1137 4416 1308 4489 imperleeta
1322 4416 1376 4473 tuit
1391 4416 1544 4474 inchristo
1559 4419 1770 4492 gloriaretur
1781 4423 1810 4476 et

101 4509 202 4566 biendi
219 4510 399 4578 ministrant,
417 4511 467 4566 sed
483 4509 635 4566 interiores
650 4509 772 4568 virtutes
788 4516 928 4569 eteorum
945 4527 970 4594 Ι)
986 4506 1079 4564 ceteri
1096 4503 1233 4578 discipuli
1248 4507 1321 4562 terre
1337 4522 1394 4562 non
1410 4510 1579 4579 potuerunt,
1595 4508 1646 4563 Sed
1662 4507 1762 4565 sittim
1778 4508 1809 4565 in

101 4615 192 4670 opera
207 4597 314 4655 habere
329 4602 499 4672 satagamus
513 4616 576 4671 quoe
599 4600 783 4657 sanctitatem
807 4600 929 4658 interio-
957 4627 960 4633 ·
984 4597 1072 4653 iacies
1087 4613 1156 4652 suas
1171 4594 1339 4651 ceciderunt
1355 4595 1462 4668 (blattis.
1485 4595 1563 4668 xvir).
1581 4595 1615 4651 lit
1637 4596 1661 4652 si
1680 4596 1809 4670 gloriam

100 4703 163 4744 rem
188 4691 217 4744 et
240 4693 399 4761 operantur
422 4691 450 4744 et
469 4689 679 4744 demonstrant.
705 4690 870 4762 Operantur
890 4693 926 4748 ad
981 4683 1462 4757 transfiguratihominislerreaon
1472 4687 1630 4756 potuerunt
1641 4684 1809 4742 mortalium

100 4775 259 4834 utilitatem
274 4777 376 4846 nostri,
386 4778 588 4832 demonstrant
602 4778 637 4832 ad
654 4778 818 4851 exemplum
836 4781 929 4852 proxi·
981 4772 1217 4845 oculi,quem0do
1229 4776 1398 4843 perpetuam
1410 4771 1619 4830 etimmensam
1629 4772 1751 4847 gloriam
1760 4774 1811 4835 ho.

100 4864 153 4922 mi.
164 4865 272 4936 Tertio,
282 4870 410 4937 quantus
420 4864 507 4921 fuerit
520 4864 550 4920 in
566 4865 710 4939 sapientie
724 4871 752 4922 et
762 4867 929 4941 eloquentia
983 4862 1071 4918 minis
1085 4877 1151 4916 vere
1161 4858 1315 4933 glorificati
1324 4860 1398 4916 serre
1408 4861 1667 4934 possuntglorium
1678 4878 1745 4920 vcro
1756 4861 1809 4919 im-

101 4954 331 5022 demonstratur,
341 4971 408 5010 eum
424 4959 549 5028 quantos
564 4955 745 5029 superaverit
758 4956 787 5013 in
799 4958 928 5032 disputa·
982 4966 1114 5007 mensam
1130 4952 1159 5006 et
1174 4948 1408 5006 inaccessibilem
1423 4950 1473 5007 Dei
1489 4950 1605 5007 Patris?
1616 4952 1649 5007 ut
1663 4952 1809 5026 quomodo

99 5040 192 5110 tione,
209 5042 347 5116 aperitur,
365 5059 432 5100 eum
448 5042 585 5099 subditur
601 5060 607 5098 :
630 5044 815 5102 Surrererunt
838 5056 928 5103 autem
983 5040 1109 5107 liliosa
1120 5039 1228 5096 dextris
1238 5037 1337 5105 Dei‚id
1349 5043 1393 5095 est
1403 5039 1439 5095 od
1451 5039 1647 5113 equalitatem
1661 5041 1808 5113 ejus,stet,

101 5131 216 5205 quidam
231 5131 264 5188 dc
278 5132 422 5206 Sqneqoqu
438 5148 501 5206 quer
515 5133 670 5205 appelletur
685 5136 896 5204 libertinorum,
906 5145 932 5192 et
985 5133 1100 5185 lantum
1115 5127 1278 5202 spiritualis
1294 5128 1396 5184 oculus
1411 5132 1440 5184 et
1463 5130 1518 5185 hoo
1541 5133 1690 5202 utcunque
1713 5130 1810 5188 videre

101 5221 931 5295 CyrenensiumAlexandrinorumeteerumquieraeteSi·
985 5219 1127 5292 poluihei
1140 5227 1276 5291 aureque
1290 5218 1354 5274 ῑᾶθθ
1370 5218 1445 5286 (Ῐῑῡθ,
1455 5218 1594 5291 ‘timiam
1604 5224 1686 5276 lania
1696 5225 1741 5278 0⁸1
1751 5219 1810 5294 8¹0·

100 5309 931 5385 cilioatteiadisputonteaeumStepbuno‚quodeumdetot
985 5307 1038 5374 ria,
1055 5310 1154 5362 lanius
1167 5309 1212 5362 esi
1227 5305 1375 5378 spientim,
1390 5310 1471 5362 tantu
1484 5315 1528 5362 081
1542 5306 1690 5364 beatitudo
1705 5307 1809 5364 divina

99 5400 254 5458 nationum
263 5400 516 5475 Synagogiselecti
527 5400 674 5474 sapientes
684 5401 713 5456 in
725 5403 861 5476 superbia
871 5421 930 5460 sure
985 5395 1148 5467 majestatis
1163 5394 1239 5467 quod
1252 5393 1351 5450 nullus
1361 5393 1537 5462 intellectus,
1547 5412 1599 5451 nec
1610 5400 1639 5452 et
1648 5393 1809 5469 angelicus,

99 5488 261 5562 sapientia,
279 5490 476 5547 surrexissent
491 5489 527 5545 ad
544 5490 756 5563 disputandum
774 5509 841 5548 cum
866 5494 930 5550 Ste—
985 5490 1070 5559 prout
1092 5488 1147 5550 cst,
1173 5482 1298 5557 perlecto
1323 5483 1416 5556 l³⁰⁸⁵it
1438 5484 1737 5558 ⁶⁰¹110¹¹¹Pl⁸ii00ii0
1760 5501 1810 5541 Vi·

101 5577 932 5655 phano,tameuuonpoteram,inquit,resisteresopieutieet
983 5593 1015 5634 re
1030 5576 1133 5632 beatus
1147 5576 1209 5630 erat
1223 5571 1322 5641 homo,
1338 5572 1385 5630 cui
1399 5571 1464 5630 coeli
1478 5577 1507 5631 et
1519 5590 1620 5631 eorum
1635 5577 1748 5631 secreta
1768 5573 1811 5630 ita
