3816 6006
67 278 149 362 m
289 292 734 360 momenmentum.
749 292 943 357 EPISTULA
964 291 1015 355 Ao
1030 289 1212 356 tuemur.
1229 292 1280 357 ut·
1293 293 1417 358 uersu.
1432 295 1550 359 suot.
1692 294 1773 364 1016

66 430 151 489 sitas.
167 431 213 486 Sic
229 432 257 485 ct
276 429 379 485 doctus
397 428 569 501 predicator
582 428 692 500 profert
706 428 741 482 dc
755 427 891 483 thesauro
906 427 933 495 Α
948 427 1023 498 quoti
1041 426 1241 494 umsshssuslifll
1255 427 1291 483 (¹0
1306 427 1449 501 θῦΡΡῙῙθῙθ
1463 430 1539 501 11110*1
1551 426 1663 502 filimi,
1672 439 1706 490 ut
1713 439 1773 492 101·-

66 518 205 577 doctrine
220 535 280 576 sue
296 523 357 574 tem
373 521 485 574 veteres
500 516 660 573 sententias
675 521 704 572 et
725 515 889 588 parabolus,
946 520 1061 589 pentem
1079 516 1212 572 animum
1227 521 1256 572 et
1269 521 1352 572 terrae
1367 517 1555 576 vehementer
1568 519 1770 595 inhorrentem,

64 608 243 667 aucteribus
266 608 404 665 Patribus
427 607 617 680 conscriptas,
644 623 733 679 quum
749 621 839 662 novas
854 605 889 661 ad
945 603 1012 662 etsi
1028 622 1086 661 uon
1101 604 1199 661 trahat
1212 606 1249 662 ad
1262 621 1385 678 regnum
1399 622 1492 678 amor,
1501 608 1600 666 trehet
1607 609 1652 667 vel
1667 615 1774 675 terror..

64 697 231 771 exemplum
246 697 436 770 antiquarum
451 696 637 769 excogitatus.
649 693 746 751 Tertio
762 708 889 768 quoque,
944 693 1016 751 Ecce
1031 695 1110 751 enim
1126 695 1162 751 de
1174 695 1360 767 expressione
1375 695 1514 768 gehenne
1528 698 1707 758 diciturtlhe'
1720 705 1774 763 erit

62 786 274 861 paterfamilias
290 785 399 860 prolert
421 785 457 842 ds
482 785 621 841 thesauro
645 783 806 857 prudentie
829 799 889 839 sue
943 785 1023 855 fictus
1037 791 1062 840 et
1075 783 1178 840 stridor
1192 784 1325 840 dentium.
1343 780 1417 851 Ouia
1430 801 1498 858 ergo
1520 791 1771 866 presentem-glo-

62 876 273 951 promissiones
288 890 430 931 novorum
450 874 648 947 premiorum,
665 879 716 930 aut
731 873 828 930 minas
840 886 889 929 ve·
944 873 1018 930 riam
1047 877 1211 946 sequuntur
1238 873 1369 930 lamenta
1402 879 1551 948 perpetue,
1581 877 1630 934 hio
1652 894 1770 953 venam,

62 966 159 1022 terum
189 962 413 1038 suppliciorum,
440 962 549 1036 quibus
569 962 712 1018 familiam
736 979 820 1018 suem
839 965 890 1018 aut
944 961 1049 1020 iratres
1064 962 1272 1031 mei,letitiam
1288 962 1494 1037 fugiemus,ne
1509 964 1568 1022 illic
1583 966 1613 1022 iu
1628 972 1771 1029 eternum

61 1053 169 1120 trahet,
186 1054 237 1109 aut
251 1051 405 1107 deterreat.
421 1050 467 1106 Sic
481 1053 510 1106 et
524 1051 627 1106 doctus
648 1049 820 1123 predicator
834 1049 891 1105 scil
944 1051 1114 1108 dellecmus.
1131 1050 1222 1108 Nemo
1238 1051 1314 1107 enim
1331 1057 1427 1125 potest
1440 1057 1470 1109 et
1484 1053 1531 1111 hic
1555 1056 1682 1129 gaudere
1704 1072 1771 1116 cum

63 1154 139 1198 nora
153 1141 281 1215 prolerre
296 1141 332 1196 de
348 1139 490 1197 suavitate
504 1139 587 1212 regui
602 1137 740 1206 celestis,
752 1142 781 1194 et
793 1141 890 1194 velera
944 1139 1060 1210 seculo,
1086 1145 1114 1197 et
1138 1140 1197 1197 illic
1222 1157 1343 1214 regnare
1367 1158 1435 1198 cum
1451 1148 1518 1200 Deo.
1536 1143 1617 1202 Unde
1633 1145 1771 1207 Salomon

64 1231 101 1288 de
115 1235 226 1287 terrore
239 1228 376 1302 supplicii
396 1228 579 1302 gehennalis.
594 1226 706 1284 Veteris
729 1227 806 1283 enim
821 1227 888 1282 ilde
943 1230 1007 1286 eit:
1024 1253 1039 1282 u
1060 1231 1112 1286 list
1132 1233 1252 1304 tempus
1273 1230 1372 1302 lleudi,
1396 1236 1426 1287 et
1448 1236 1493 1289 est
1513 1237 1633 1309 tempus
1657 1236 1773 1295 ridendi

63 1321 203 1377 moritum
219 1322 281 1377 m,
301 1319 337 1376 ad
359 1319 475 1374 infern,
496 1317 681 1385 descendero,
697 1315 822 1389 novique
836 1315 890 1372 110.
942 1319 1046 1390 (Euris.
1062 1322 1116 1389 ru).
1134 1341 1149 1370 a
1174 1319 1233 1390 llic,
1256 1319 1361 1377 iratres
1384 1321 1454 1390 mei,
1475 1326 1520 1380 est
1541 1327 1660 1399 tempus
1683 1324 1773 1387 deest

63 1410 154 1468 minis
165 1407 277 1466 'Christi
291 1408 428 1465 meritum
444 1411 489 1463 est
503 1406 609 1463 coelum
623 1405 753 1462 introire.
943 1413 1045 1465 nostra
1057 1408 1101 1466 vel
1117 1407 1213 1465 aliene
1226 1412 1364 1482 peccate;
1380 1409 1411 1466 iu
1427 1410 1485 1468 alie
1499 1426 1566 1470 vcro
1580 1412 1641 1472 vlla
1654 1420 1772 1492 tempus

98 1497 158 1556 lloc
171 1514 240 1573 ergo
263 1497 294 1554 iu
318 1496 504 1554 conclusione
528 1496 611 1569 ponit
633 1495 711 1568 quod
736 1493 887 1568 premisit.
943 1495 1056 1553 ridendi
1074 1513 1234 1570 :cumpro
1256 1496 1391 1555 evasione
1407 1498 1616 1571 periculorum,
1632 1507 1696 1561 tum
1718 1520 1772 1579 pro

61 1583 145 1647 Prius
174 1586 252 1644 enim
274 1588 311 1643 de
334 1584 415 1661 regui
440 1584 636 1642 similitudine
658 1583 843 1652 thesaurum,
860 1586 888 1640 et
942 1583 1097 1656 adoptione
1132 1587 1309 1641 eternorum
1346 1585 1532 1660 gaudiorum.
1568 1591 1772 1667 Temporelem

58 1674 168 1736 honam
176 1676 368 1750 margaritum
377 1674 525 1750 produxit,
533 1677 599 1747 post
608 1674 644 1730 de
654 1672 799 1730 malorum
810 1686 888 1729 com·
941 1670 1033 1745 igitur
1046 1670 1178 1729 letitiam
1194 1672 1224 1729 in
1240 1673 1328 1731 fletus
1343 1676 1518 1748 penitentie
1539 1686 1772 1754 commutemus,

57 1766 196 1826 huetium
211 1765 374 1838 subjunxit.
399 1764 472 1821 Hinc
493 1763 670 1820 concludens
685 1762 786 1820 subdit
802 1780 809 1819 ε
826 1761 887 1820 ideo
903 1798 927 1866 B
942 1761 1039 1818 caruis
1066 1759 1269 1835 voluptatibus
1297 1764 1551 1836 obrenuntlemms,
1566 1762 1597 1825 lu
1620 1769 1772 1833 tenemus

59 1859 151 1915 munis
164 1855 256 1913 scribo
271 1855 364 1912 docem
378 1856 408 1910 in
421 1869 504 1924 repleo
518 1853 647 1910 celorum
669 1853 772 1908 similis
785 1860 824 1908 est
835 1868 886 1924 po·
938 1848 1061 1922 justitie
1076 1867 1130 1907 nos
1145 1866 1343 1926 exerceamus,
1351 1868 1489 1913 excessus
1504 1861 1620 1916 nostros
1630 1862 1772 1935 operibus

59 1945 289 2020 primitiaeque·
299 1943 447 2017 prosertdc
459 1944 586 2000 thesauro
599 1957 647 1999 esso
661 1948 771 1999 noscet
784 1949 884 1998 vetera.
942 1939 1148 1997 misericordia
1174 1940 1365 2013 redimemus,
1381 1946 1418 2001 oh
1441 1946 1621 2006 desiderium
1642 1951 1772 2013 celestis

59 2038 101 2095 Ac
116 2035 141 2092 si
157 2038 255 2108 aperie
270 2033 349 2090 dicet
360 2049 367 2089 :
380 2031 430 2090 llle
445 2034 548 2090 doctus
562 2032 592 2088 in
607 2031 737 2088 Ecclesia
752 2030 887 2104 predica·
942 2029 1073 2087 thesauri
1089 2034 1191 2087 nostra
1211 2030 1437 2105 distribuamus,
1453 2037 1554 2095 omniu
1577 2039 1689 2099 caduca
1700 2057 1772 2116 pre·

61 2129 109 2183 tor
134 2128 188 2195 eet,
211 2123 262 2197 qui
285 2122 366 2180 uouit
387 2123 515 2196 prolerre
538 2139 613 2178 nova
633 2122 670 2178 de
692 2120 888 2194 promissione
943 2123 1009 2192 pter
1020 2118 1119 2192 ipsum
1134 2123 1276 2194 tauquam
1293 2126 1421 2179 stercore
1435 2119 1694 2199 reputemus,iliuc
1708 2144 1773 2190 sus-

61 2214 146 2289 regui
160 2212 349 2280 coelorum,st
364 2216 460 2268 retem
475 2211 511 2268 de
526 2210 752 2268 comminatione
767 2210 890 2284 gehene-
945 2208 1038 2282 piriis,
1064 2208 1135 2266 illuc
1162 2206 1316 2268 desideriis
1340 2212 1523 2288 festinemus,
1546 2222 1692 2297 quatenus
1720 2230 1788 2296 per·

62 2300 136 2361 llum
149 2300 467 2370 tormentcrumutvet
482 2316 574 2374 poeun
588 2303 717 2357 terreant
731 2316 805 2373 quoa
820 2317 891 2373 pre·
945 2296 1185 2355 intercessionem
1198 2299 1288 2373 hujus
1303 2304 1475 2371 saucte‚cui
1488 2304 1575 2364 hodie
1587 2307 1770 2383 lestieemas,

64 2392 128 2450 mla
142 2408 201 2450 nou
212 2390 393 2449 demulcent.
409 2391 517 2448 Audiet
535 2387 741 2462 uuusquisque
753 2389 789 2445 de
802 2403 891 2461 regno
944 2388 1063 2445 taudem
1079 2387 1136 2444 laeti
1152 2388 1302 2462 pervenire
1316 2389 1476 2450 veleamus.
1493 2396 1594 2456 lmen.

65 2588 1771 2650 ’Μ

788 2807 865 2850 ΑΝΝΟ
883 2807 987 2850 oomni
1006 2808 1044 2850 HG

694 2988 1134 3151 TROMAS

342 3286 950 3423 uuoulcuusis
1002 3289 1495 3429 EPISCOPUS

479 3656 823 3748 ΕΡΙΤΑΡΗΙΠΜ
853 3651 1167 3749 GUILLELMI
1194 3660 1356 3752 REGIS

474 3836 559 3909 (Vide
572 3837 603 3893 in
619 3835 784 3904 Guillelmo,
799 3837 966 3909 Potrolopiae
980 3840 1041 3894 tom
1057 3836 1173 3908 CXLIX,
1190 3836 1245 3894 col.
1262 3839 1355 3910 1271.)

511 4128 801 4218 EPISTOLAE
829 4130 901 4215 lli)
931 4123 1319 4222 LANFRANGUM

453 4306 535 4380 (Vide
550 4305 580 4362 in
596 4305 768 4375 Lenlrancc,
782 4305 949 4376 Potmlops'sr
963 4308 1034 4362 tom.
1048 4305 1104 4375 GL,
1120 4306 1174 4364 ool.
1191 4309 1245 4365 518
1257 4311 1287 4365 et
1302 4309 1376 4383 seq.)

330 4780 378 4838 AD
397 4777 694 4838 ARCHliIPlSCOPOS
708 4779 759 4836 -ΕΤ
774 4778 966 4838 urlscoros
984 4780 1053 4837 pult
1069 4780 1234 4841 Auuttatt
1253 4781 1494 4844 consiliosus

625 4935 669 4996 De
683 4932 818 4997 sanitate
832 4931 892 4996 sihi
905 4932 1029 4999 coelitus
1042 4934 1197 4998 restitute.

419 5093 504 5169 (Rog.
519 5109 555 5151 ur
573 5092 720 5163 Homnsu,
735 5092 835 5152 doum.
851 5096 934 5168 parte
947 5110 969 5164 1,
984 5111 1015 5169 p.
1028 5094 1093 5167 263,
1109 5093 1179 5155 edil.
1194 5094 1288 5154 Lond.
1305 5092 1398 5170 1596.)

93 5414 226 5486 l'uouas,
242 5414 294 5473 Dei
309 5373 404 5490 gratia
416 5416 608 5474 Ehcrecensis
631 5415 879 5491 archiepiscopus,
896 5416 918 5487 c
934 5416 1063 5474 llboraco
1082 5415 1309 5492 archiepiscopis
1331 5419 1522 5493 successuris,
1539 5421 1760 5498 inperpetuum

55 5502 211 5577 episcopis,
229 5504 386 5562 abbatibus
405 5521 457 5579 per
478 5504 613 5580 Angliam
627 5509 689 5561 tam
713 5505 881 5564 constitutis
935 5504 1072 5566 sulutem.

56 5607 147 5664 quem
164 5591 196 5651 in
211 5597 363 5668 posterum
378 5594 569 5664 successuris,
585 5597 614 5653 et
628 5593 764 5654 omuibus
778 5593 835 5653 sibi
849 5595 881 5654 iu
971 5598 1043 5655 Cum
1059 5598 1192 5654 nostrum
1207 5594 1247 5654 sit
1257 5596 1386 5658 cilicium
1397 5599 1536 5660 omuibus
1548 5604 1688 5675 prestere
1701 5600 1761 5676 pie-
