3816 6006
81 270 141 332 645

583 270 693 333 ltlth.
717 274 768 334 DE
791 272 929 336 tGlleS
953 273 1053 336 Hls'o.
1076 272 1282 335 fllsnusot.
1725 274 1785 334 blb

79 408 186 463 scilicet
200 422 258 462 esse
271 405 432 470 ierusalem,
449 413 514 461 tunc
529 406 646 462 liborum
662 408 714 462 iter
726 407 796 478 quod
819 408 907 464 uerbis
920 409 944 475 Α
963 424 1078 462 crucem
1095 406 1123 462 in
1141 406 1244 463 hastile
1260 405 1397 479 positam,
1412 411 1440 462 et
1466 405 1585 478 quidam
1603 407 1722 463 indutus
1738 426 1784 464 su·

79 495 240 562 simulabat,
256 511 334 566 opem
357 495 513 566 complebit.
529 494 666 552 Similiter
688 496 720 550 de
743 497 801 568 ojus
825 497 907 553 olona·
961 495 1158 552 cardotalibus
1173 495 1303 552 vestibus
1320 495 1498 567 sequebatur
1511 495 1703 566 eum‚habens
1719 495 1784 551 lan·

80 586 146 642 inm
161 586 215 641 crit
231 584 301 640 tuus.
315 583 444 656 Populus
460 584 534 639 banc
549 585 676 641 maxime
690 585 830 641 laudabat
844 604 906 642 sen·
961 602 1042 641 ceam
1059 585 1135 640 inter
1149 602 1265 640 nunnus.
1278 585 1312 639 Et
1323 585 1484 657 opiscopus
1502 584 1620 656 irrumpit
1635 601 1786 657 responso·

80 672 215 729 tentiam.
227 672 283 728 Sed
301 672 371 745 quia
384 672 501 728 comitis
517 673 678 729 familiares
694 679 777 730 erant
800 675 904 744 multi;
961 675 1037 729 rium
1053 673 1108 729 hoc
1125 693 1133 728 ε
1150 673 1251 738 desudo,
1268 673 1355 729 titurio
1370 675 1456 742 ineo,
1474 681 1583 728 nivarius
1598 674 1714 730 haereses
1728 673 1786 730 soto

81 763 268 836 quippecum
281 778 333 834 pro
348 761 456 835 populo
471 779 524 818 suo
537 764 711 830 comes,sine
727 764 791 820 aliis
802 765 907 837 princi·
962 765 1135 818 intermisisti.
1153 761 1279 817 stillico
1296 762 1477 834 incoeperunt
1502 763 1564 816 sine
1581 779 1702 818 numero
1718 779 1785 818 cen-

81 851 181 924 pibus,
198 851 283 906 morti
299 851 492 924 exposuisset,
502 857 530 908 et
545 851 680 924 pluribus
695 871 803 927 magna
817 855 907 928 etpri-
962 857 1030 908 tenu
1045 850 1137 906 millia
1151 851 1292 920 virorum;
1304 856 1391 923 atque
1407 851 1449 906 sic
1464 849 1535 906 illud
1552 856 1685 906 sanctum
1702 850 1787 907 colle·

79 943 149 996 vata
159 938 304 1003 beneficia
318 939 500 1007 contulisset,
516 945 669 1014 propterea
688 944 811 1000 consilia
826 945 907 1018 prin·
962 939 1042 1012 glum
1059 939 1229 995 abiitbiaue
1245 944 1343 994 nutem
1360 939 1527 1005 iacto,veuit
1541 940 1718 1009 sacerdos‚et
1729 940 1787 1013 pri·

81 1027 183 1102 cipum
198 1032 226 1085 et
241 1027 341 1102 populi
355 1032 422 1084 vota
436 1029 679 1102 impediebantur.
962 1045 1043 1084 mum
1060 1028 1203 1100 quaesivit,
1221 1028 1244 1083 si
1263 1029 1439 1084 haberemus
1454 1028 1584 1084 lanceam
1599 1047 1605 1097 ;
1623 1033 1650 1084 et
1666 1045 1732 1085 cum
1748 1029 1788 1085 xi-

386 1117 503 1174 CXPUT
525 1119 603 1176 XXX.
963 1117 1053 1173 disset
1067 1132 1216 1183 eam‚oum
1233 1115 1334 1171 multis
1350 1115 1486 1189 lacrymis
1501 1114 1587 1187 coepit
1601 1132 1737 1172 enarrare
1752 1132 1787 1174 ea

120 1205 343 1263 Praedicavimus
358 1223 391 1262 eo
407 1210 537 1280 tempore
547 1209 708 1281 jeJ'unium,
720 1215 748 1266 et
763 1213 908 1269 orationes
963 1223 1026 1278 quae
1042 1206 1178 1278 superius
1194 1205 1331 1261 diximus.
1349 1205 1428 1262 Misit
1443 1206 1541 1278 itaque
1557 1223 1654 1263 comes
1670 1205 1786 1263 Guillel·

82 1299 111 1350 et
123 1295 324 1368 eleemosynas
339 1295 369 1350 in
387 1295 504 1369 popule,
522 1300 554 1352 ut
569 1297 646 1354 Deus
658 1300 907 1374 omnipotens,qui
962 1312 1045 1351 mum
1062 1294 1192 1367 Ugoncm
1208 1294 1243 1349 de
1259 1294 1395 1349 bluntilio
1412 1295 1529 1350 tratrem
1547 1295 1697 1353 Podiensis
1714 1296 1788 1369 epis·

80 1397 152 1439 eum
168 1385 203 1440 de
219 1388 280 1440 tam
296 1383 400 1440 multis
415 1385 582 1458 regionibus
598 1387 908 1456 conduxeratilluc,in·
963 1383 1026 1456 00pi
1044 1383 1221 1450 Laodiciam,
1239 1384 1287 1438 ubi
1305 1387 1376 1439 0th
1392 1384 1515 1440 dimissa
1531 1386 1635 1455 suerat,
1656 1403 1723 1442 cum
1739 1403 1787 1442 oa·

81 1473 196 1545 spirara
209 1473 389 1546 dignaretur,
401 1474 470 1547 quid
485 1479 547 1531 erat
561 1480 676 1549 gratum
693 1478 727 1533 de
743 1478 909 1535 hocitinere
963 1471 1040 1545 pella
1053 1472 1146 1543 ipsius
1161 1472 1300 1545 episcopi·

81 1560 113 1617 in
130 1566 287 1636 conspectu
304 1579 367 1619 suo.
384 1562 484 1636 ltaque
501 1564 631 1620 fidelium
655 1571 721 1622 veta
736 1568 814 1639 quod
830 1586 910 1641 qure-
1267 1561 1483 1618 CAPUTXXXI·

81 1651 188 1706 rebant
202 1651 280 1724 apud
296 1651 399 1719 Deum,
417 1652 501 1708 iacile
516 1661 750 1726 promeruerunt.
767 1656 909 1729 Apparuit
1001 1650 1112 1705 Interea
1128 1650 1230 1706 Petrus
1247 1650 1596 1719 bartholomeus,morbo
1611 1653 1789 1727 defatigatus

81 1738 163 1795 enim
179 1739 334 1813 episcopus
356 1741 506 1798 Pediensis
530 1742 677 1814 Stephano
694 1743 858 1810 Valentino,
874 1746 909 1802 de
965 1756 998 1794 ex
1012 1740 1258 1810 conquassatione
1274 1744 1302 1794 et
1315 1739 1495 1809 vulneribus,
1513 1741 1679 1798 convocavit
1698 1744 1789 1800 eomi-

83 1846 143 1901 quo
161 1831 297 1901 superius
321 1830 500 1886 mentionem
517 1831 651 1899 fecimus,
668 1833 738 1904 quia
755 1833 909 1890 Dominum
966 1831 1022 1882 tem
1039 1831 1067 1881 et
1082 1827 1230 1900 principes
1245 1830 1320 1900 ejus,
1336 1833 1364 1884 et
1379 1829 1452 1886 dixit
1466 1831 1509 1886 eis
1528 1848 1534 1884 :
1552 1834 1632 1888 Finis
1647 1833 1712 1889 uite
1720 1847 1790 1891 mcoe

82 1933 153 1973 cum
169 1934 254 1973 cruce
268 1918 382 1987 viderit,
398 1924 426 1974 et
441 1919 586 1992 percussit
603 1937 671 1976 eum
687 1938 755 1977 cum
772 1922 909 1994 virgam·
965 1919 1205 1988 appropinquavit,
1222 1925 1247 1972 ct
1260 1921 1316 1973 scio
1338 1921 1406 1974 sotis
1428 1921 1494 1992 puio
1519 1920 1551 1976 rte
1574 1922 1710 1989 omnibus,
1727 1936 1791 1994 qum

82 2007 264 2079 gredientem
281 2008 317 2063 ad
334 2008 455 2063 domum
471 2011 909 2085 suampernouemeptscopus,
964 2007 1036 2061 niolo
1051 2007 1105 2073 scri
1119 2014 1144 2061 et
1158 2006 1230 2073 diui,
1247 2008 1286 2061 aut
1308 2009 1392 2062 etium
1417 2011 1544 2077 capitoni,
1560 2017 1624 2066 unte
1647 2010 1729 2066 Deum
1741 2013 1789 2083 ju-

83 2098 114 2151 et
128 2095 200 2151 dixit
214 2096 239 2151 ei
257 2096 420 2169 :Stephana
437 2099 473 2153 m
488 2097 536 2154 ille
551 2100 702 2170 rospondit
718 2118 724 2154 :
741 2102 864 2156 bonnam.
877 2103 912 2157 Et
965 2094 1096 2162 dicator,-
1113 2097 1142 2149 in
1166 2096 1244 2166 cuijus
1268 2104 1420 2168 conspectu,
1436 2098 1514 2153 bodie
1538 2100 1665 2171 testificor
1689 2101 1788 2172 ipsum,

84 2184 246 2256 respiciens
273 2185 390 2258 agnovit
410 2203 489 2241 eum.
505 2187 539 2241 m
563 2187 604 2242 ait
627 2188 781 2261 episeopus
799 2207 804 2245 :
824 2192 912 2258 Quaere
965 2199 1057 2238 corium
1071 2185 1201 2249 uobismc
1215 2185 1288 2239 stituit
1302 2188 1486 2256 composuisse
1499 2188 1586 2243 cubis
1597 2190 1791 2261 omnibusque

83 2274 235 2343 nepteuisii
253 2275 336 2329 seusei
359 2276 400 2331 net
412 2275 528 2331 samonio
545 2277 614 2348 quod
634 2279 687 2333 tibi
700 2278 763 2334 (ἰαί
775 2280 807 2334 ote
822 2297 910 2344 enee,
965 2288 999 2326 nr.
1012 2280 1089 2343 porte
1104 2274 1162 2342 Dei,
1179 2281 1203 2328 ct
1217 2274 1399 2344 apostotorum
1413 2277 1498 2347 ipsius
1521 2277 1595 2332 robis
1610 2279 1750 2344 nuntium,
1765 2286 1792 2336 et

82 2363 469 2422 aomlnaeeomeerisnffipoe
484 2383 589 2437 semper
609 2370 724 2438 stirpem
750 2368 865 2425 puppe?
880 2370 912 2425 de
965 2361 1148 2416 caltiamentis
1171 2363 1270 2417 ilicum.
1287 2365 1319 2419 et
1342 2366 1411 2419 sient
1433 2365 1540 2420 uidistis
1568 2383 1600 2422 co
1625 2382 1687 2439 prise
1717 2367 1791 2425 retis

83 2452 247 2519 ermenteo,
265 2469 345 2525 quom
372 2471 419 2524 epo
432 2458 564 2526 praesumi
577 2458 722 2527 sociabam,
738 2466 768 2512 ui
783 2466 911 2530 apporto-
966 2453 1153 2516 urcitanensis
1166 2454 1227 2506 sinc
1239 2452 1322 2507 altitio
1337 2453 1463 2508 uiilcbitis
1476 2471 1508 2509 eu
1523 2457 1673 2525 priunobis
1689 2456 1789 2525 diram,

83 2549 162 2597 retur
177 2542 207 2595 in
229 2544 388 2598 euerritum.
411 2544 442 2598 ti
466 2544 535 2616 priori
559 2547 668 2616 sipia-um
691 2547 789 2601 cintius
812 2551 913 2602 crure.l
965 2540 1103 2610 blitildem
1127 2542 1179 2595 01'0
1194 2540 1312 2610 st'tst'll'ltr
1329 2544 1465 2597 serviliis·
1490 2545 1526 2598 m
1541 2560 1602 2600 t'ttO
1616 2561 1712 2614 (mitti,
1728 2561 1790 2602 cum

85 2635 136 2685 Ari
158 2646 211 2686 non
237 2640 275 2687 est
300 2633 369 2687 sotis
395 2634 445 2688 ilio
469 2649 539 2688 ome
554 2650 605 2705 pro
619 2636 698 2690 erotis
713 2635 856 2706 tepidam?
871 2636 913 2691 An
966 2631 1072 2684 cauieris
1096 2631 1125 2684 in
1139 2631 1354 2702 terriculamenta
1368 2638 1399 2687 ut
1413 2640 1545 2688 exercitus
1564 2634 1680 2705 postulet
1694 2637 1790 2708 Deum,

84 2735 142 2774 soon
159 2721 209 2775 itio
224 2736 294 2776 erue
309 2722 373 2777 oeno
389 2737 434 2777 2205
448 2722 677 2794 contextumque
691 2723 725 2779 op
735 2724 913 2779 opumve.
967 2722 1091 2774 uirilem
1104 2721 1338 2791 tunmprelonpct,
1356 2728 1436 2792 otqm
1446 2724 1592 2788 continuet,
1608 2731 1633 2778 et
1645 2725 1715 2780 Deus
1727 2739 1790 2796 pro-

85 2810 184 2863 mini?
198 2810 231 2865 Et
243 2826 318 2865 nuuc
331 2811 371 2865 uit
385 2810 497 2867 doenum
512 2820 538 2867 et
551 2813 708 2868 beatissimo
717 2829 823 2884 semper
837 2816 912 2885 oirpo
968 2809 1091 2879 toirpobit
1105 2826 1165 2864 aaron
1182 2809 1349 2865 trintumdem
1364 2819 1496 2881 quintium
1515 2813 1621 2868 uixisti.
1640 2815 1677 2868 iu
1701 2822 1792 2870 uuum

85 2895 185 2962 Herio,
199 2898 343 2970 quodnisi
356 2899 435 2954 ittam
448 2915 555 2956 crucem
577 2901 709 2967 tabentis,
726 2918 781 2957 non
803 2904 913 2973 potestis
967 2914 1028 2952 casin
1044 2914 1164 2953 reuersus
1178 2900 1266 2969 frueris
1278 2901 1487 2972 propequinpue
1502 2901 1636 2972 leupario
1652 2902 1793 2959 ecclesiam

85 2987 187 3041 tabem
199 2988 393 3043 eonsiliumltt
409 2989 546 3045 continuo
557 2990 598 3045 ait
612 2990 911 3047 sacerdoszoreuereu·
968 2986 1062 3041 Sancti
1078 2989 1216 3058 Trophimi
1230 2989 1353 3043 tuncrum
1374 2991 1488 3044 Domini
1500 3006 1590 3061 pones,
1602 2999 1628 3046 et
1652 2992 1793 3048 ecetesiam

85 3073 200 3130 dissime
221 3075 338 3144 ἀοηιιηε,
354 3085 380 3132 et
401 3077 451 3132 ubi
474 3086 514 3133 est
536 3080 693 3135 beatissimo
712 3081 788 3151 oirpo
804 3080 891 3137 ilario
900 3085 914 3135 ,⁹
968 3076 1009 3130 ibi
1023 3075 1160 3145 fabricare
1174 3078 1268 3147 trecies,
1284 3085 1309 3132 et
1322 3078 1367 3148 liet
1388 3079 1429 3132 ibi
1443 3086 1560 3145 moneto,
1577 3095 1659 3151 pamm
1674 3088 1704 3135 tu
1713 3081 1793 3152 juru-

87 3163 124 3218 Et
139 3162 237 3219 statim
252 3166 407 3237 opiscopus
422 3182 486 3221 earn
503 3169 676 3223 monstravit
690 3169 797 3224 albrat
813 3173 911 3225 autem
927 3153 948 3218 C
969 3164 1010 3219 bis
1024 3181 1059 3219 nc
1073 3165 1146 3236 sotsu
1169 3166 1227 3235 piot.
1241 3166 1293 3220 Sed
1308 3182 1394 3237 neque
1408 3166 1485 3221 articul
1500 3167 1607 3239 aliquid
1624 3170 1728 3240 fulsum
1753 3171 1793 3226 ibi

88 3251 261 3308 beatissima
274 3253 355 3326 virgo
372 3254 463 3310 Maria
479 3254 564 3328 longe
575 3256 612 3312 ab
628 3258 751 3329 eoquasi
762 3259 914 3316 novemvel
967 3255 1116 3324 permittes.
1139 3255 1283 3309 Vocabitur
1304 3262 1395 3309 uittam
1419 3255 1492 3310 locus
1516 3260 1597 3311 biens
1621 3257 1721 3330 gaudii
1737 3277 1745 3313 ε
1760 3259 1795 3316 m
1823 3295 1828 3303 ·

88 3341 191 3397 decem
209 3341 325 3412 cubitis,
342 3343 438 3415 specie
453 3348 482 3399 et
496 3349 600 3400 ornatu
616 3345 698 3402 valde
713 3347 912 3417 admirabilis3

88 3436 119 3486 et
134 3431 314 3488 assistebant
328 3432 352 3487 ei
369 3433 454 3488 beata
478 3434 598 3506 Agatha,
616 3439 644 3491 et
668 3437 799 3508 quaedam
824 3436 915 3493 altera

86 3519 251 3593 virgenum
268 3521 383 3576 duobus
399 3522 497 3577 cereis.
517 3523 551 3577 m
566 3527 636 3578 tune
651 3525 786 3580 sacerdos
811 3526 852 3580 ait
878 3526 914 3581 ad

86 3609 270 3682 episcopum,
286 3608 337 3681 qui
364 3609 521 3667 assistebat
535 3612 560 3667 ei
578 3628 584 3666 :
603 3616 728 3679 Domine,
745 3623 846 3686 quanto
870 3604 913 3670 di'-

84 3706 188 3753 cuntur
208 3698 241 3753 dc
267 3699 342 3754 vebis
366 3702 394 3754 in
419 3703 551 3767 exercitu,
568 3701 638 3773 quod
663 3705 692 3757 in
715 3704 824 3776 iraterno
840 3704 914 3761 vobis

86 3787 174 3843 barbo
188 3795 213 3843 et
225 3789 324 3860 capitii
337 3791 471 3845 omnbusti
484 3799 558 3855 sunt,
574 3799 598 3846 et
623 3792 681 3846 otio
703 3793 792 3848 mutto
816 3793 914 3865 quibus

83 3893 142 3932 nen
156 3876 297 3932 creditur?
312 3878 428 3934 Etnune
442 3895 499 3946 ore,
515 3887 547 3935 ut
570 3897 655 3935 unum
679 3881 711 3937 dc
734 3882 855 3938 condetis
879 3884 915 3938 is·

85 3969 122 4022 tis
138 3968 169 4021 in
184 3969 370 4023 testimonium
393 3970 489 4024 torum
513 3984 575 4041 qum
597 3968 698 4037 dicitis,
711 3970 782 4026 mibi
805 3971 911 4028 duretis

86 4063 115 4110 ut
129 4054 251 4128 deserum
264 4056 300 4111 ud
314 4059 447 4113 emnitcm.
465 4058 546 4114 Tunc
561 4058 603 4114 ait
617 4057 666 4114 illo
680 4059 854 4132 episcopus:
873 4062 914 4116 Vi·

85 4144 162 4210 dens,
180 4145 241 4201 aide
254 4148 355 4218 faciem
368 4163 468 4202 meum
488 4148 621 4219 Nunquid
643 4157 756 4220 perarata
773 4153 831 4205 est?
846 4150 915 4206 Post

86 4233 148 4288 haec
164 4233 286 4291 accessit
301 4234 500 4309 episcopusad
512 4236 713 4294 beatissimam
722 4237 915 4312 Virginem,et

86 4323 205 4395 cognita
217 4324 282 4396 ejus
296 4323 445 4381 voluntate
461 4342 612 4399 regressus
628 4331 671 4382 est
678 4327 713 4382 ad
721 4328 912 4396 sacerdotem,

85 4415 115 4466 et
130 4410 203 4467 dixit
216 4413 242 4467 ei
261 4429 267 4468 :
285 4413 359 4482 Quod
373 4422 403 4470 tu
418 4416 680 4488 quamspmpetroro
695 4432 748 4472 non
764 4425 853 4488 poics,·
868 4417 914 4473 sed

969 3345 1034 3414 fierit
1057 3344 1118 3399 itm
1139 3344 1213 3397 intro
1236 3345 1417 3414 prouinciam.
1444 3344 1551 3399 Eturim
1573 3345 1666 3401 beatus
1694 3351 1793 3404 Petrus

968 3433 1103 3504 apostotus
1121 3434 1262 3504 Trophimo
1277 3449 1325 3488 suc
1341 3433 1474 3504 discipata
1487 3436 1624 3504 promisit,
1640 3435 1709 3506 quod
1735 3437 1793 3493 ture

968 3537 1042 3577 ccum
1059 3523 1171 3577 Domini
1185 3524 1211 3577 ci
1225 3523 1350 3577 mitteret.
1368 3521 1510 3577 Posthac
1526 3523 1627 3578 Petrus
1643 3524 1793 3582 Bartholo-

969 3627 1196 3676 maeus,seeurus
1211 3609 1282 3665 etin
1296 3610 1450 3682 pace,hora
1461 3610 1516 3666 sibi
1533 3612 1612 3668 aDeo
1623 3614 1793 3685 constituta,

969 3699 1105 3772 migravit
1120 3699 1155 3754 ad
1173 3698 1533 3772 Dominum;sepultusque
1548 3706 1593 3757 est
1607 3702 1637 3758 iu
1652 3702 1715 3759 loco
1730 3703 1793 3771 illo,

969 3787 1019 3842 ubi
1034 3804 1100 3842 oum
1115 3787 1215 3843 lancea
1230 3787 1346 3844 Domini
1363 3788 1521 3861 perignem
1536 3791 1702 3848 transierat.

1257 3877 1374 3933 CAPUT
1393 3878 1500 3934 XXXII.

1005 3971 1117 4022 interea
1132 3983 1229 4023 eomes
1245 3971 1331 4039 atque
1348 3967 1792 4041 alliprincipcsdeitinercieru·

969 4054 1070 4122 salem,
1088 4073 1151 4128 quae
1167 4055 1272 4111 melius
1289 4055 1429 4112 acterius
1446 4058 1686 4129 fieret,abincolis
1704 4063 1794 4136 reglo-

969 4144 1015 4200 nis
1028 4145 1335 4217 perquirebantTunc
1350 4151 1537 4203 accesserunt
1554 4149 1590 4204 ad
1607 4167 1660 4206 uos
1672 4151 1793 4223 quidam

968 4235 1096 4291 Suriani.
1111 4235 1186 4290 Sunt
1202 4234 1280 4290 enim
1297 4234 1336 4289 ibi
1353 4239 1493 4290 montana
1508 4236 1622 4305 Libani,
1638 4239 1667 4294 in
1684 4239 1794 4311 quibus

968 4323 1005 4378 ad
1032 4323 1184 4395 sexaginta
1209 4321 1301 4377 millia
1316 4322 1488 4378 habitabant
1503 4323 1748 4394 Christianorum,
1765 4330 1794 4384 et

968 4416 1076 4466 terram
1091 4410 1214 4478 illam,et
1229 4415 1369 4466 montana
1384 4411 1477 4468 multo
1492 4418 1622 4485 tempore
1633 4415 1792 4488 Christiani

85 4502 133 4556 bic
145 4501 268 4557 cunutus
282 4518 361 4575 quem
374 4502 455 4559 botes
470 4505 500 4559 in
514 4504 601 4574 dieite
616 4507 782 4572 tuo,nectibi
794 4506 911 4578 prodest,
929 4525 951 4590 D
969 4501 1171 4573 possederunt,
1188 4500 1238 4572 qni
1254 4505 1372 4572 propter
1384 4500 1531 4556 civitatem
1547 4503 1624 4575 Tyri,
1641 4520 1704 4576 que
1729 4505 1792 4563 vul-

84 4605 136 4645 nec
148 4599 260 4662 portare
281 4607 343 4649 eum
368 4592 446 4648 debes
462 4611 471 4648 :
488 4593 567 4661 Vade,
584 4602 610 4649 et
630 4594 708 4650 dubis
733 4611 795 4650 eum
809 4597 911 4665 conniti,

86 4679 190 4735 diceus
204 4695 211 4733 ε
229 4680 308 4751 Virpo
321 4689 410 4738 muter
424 4684 605 4751 sanctissimo,
622 4685 705 4739 mittit
716 4686 767 4740 tibi
780 4686 853 4740 niune
866 4703 914 4740 rari·

83 4768 196 4837 nutum,
212 4777 239 4825 et
259 4772 363 4843 quoties
385 4771 515 4844 defeceris
539 4775 569 4830 in
594 4773 733 4845 aliquibus
757 4776 848 4838 rebus,
871 4791 912 4831 re-

84 4856 199 4914 cordare
212 4859 293 4915 itlius
304 4859 426 4919 domim
440 4877 503 4934 que
518 4864 570 4918 tibi
582 4865 667 4918 mittit
682 4864 755 4918 tunc
765 4864 911 4932 annulum,

83 4953 111 5001 et
138 4947 290 5018 appellabis
321 4964 392 5015 eum,
421 4956 447 5004 et
472 4951 607 5005 Dominus
637 4949 825 5005 oucitiobitur
850 4951 911 5006 tibi.

86 5034 213 5102 Rursus,
229 5052 298 5091 cum
313 5041 455 5109 quereret
469 5038 606 5094 sacerdos
621 5038 658 5093 ab
674 5054 706 5094 eo
731 5038 801 5109 quid
827 5037 914 5094 vellet

85 5126 119 5179 ut
144 5124 251 5181 iaceret
277 5125 369 5182 frater
391 5143 475 5195 suus,
492 5126 642 5200 respondit
655 5127 811 5199 episcopus
826 5145 833 5183 :
851 5129 913 5184 Oret

86 5214 154 5269 bene
176 5214 292 5270 eiectum
316 5216 479 5289 episcopum,
496 5224 527 5273 ut
539 5233 589 5288 pro
603 5217 749 5272 oniinubus
771 5225 913 5288 paren-tem

85 5311 243 5359 nostrorum
256 5304 372 5361 rebbret
397 5313 450 5363 tres
471 5307 569 5362 missus
597 5305 632 5361 ud
649 5306 806 5361 Dominum.
825 5306 858 5360 m
872 5305 914 5362 ait

85 5392 193 5449 iterum
212 5394 370 5467 :Praecepit
389 5403 478 5452 muter
498 5403 602 5461 nostra,
618 5402 648 5450 ut
672 5395 797 5468 deinceps
817 5396 912 5451 lancea

83 5499 139 5539 non
164 5491 333 5540 monstretur
357 5486 416 5541 nisi
437 5501 455 5541 u
472 5485 608 5542 sacerdus
622 5483 717 5541 indute
732 5486 819 5541 sacris
834 5486 912 5542 vesit-

85 5573 135 5636 m
158 5580 186 5639 at
199 5589 271 5636 urm
296 5576 514 5658 cipraperutur,
527 5577 577 5638 m·
594 5574 630 5637 ut
643 5573 738 5637 mouit
753 5574 908 5657 episeopus

968 4590 1075 4664 gariter
1091 4606 1169 4645 niuno
1182 4589 1237 4644 Sur
1251 4589 1422 4661 appellatur,
1438 4590 1555 4647 Surioni
1569 4599 1718 4649 vocantur.
1736 4594 1792 4652 Sed

966 4679 1200 4752 insurgentibus,
1218 4696 1269 4751 per
1285 4678 1334 4735 Dei
1346 4678 1504 4749 judicium,
1523 4681 1690 4739 Sarracenis
1704 4687 1793 4756 atquc

967 4770 1080 4834 Turcis,
1096 4769 1126 4824 in
1140 4772 1221 4823 tanta
1236 4768 1425 4841 oppressione
1441 4770 1588 4827 servitutis
1602 4771 1649 4827 isti
1674 4773 1792 4831 Suriaui

968 4859 1097 4924 suerunt,
1112 4874 1163 4930 per
1178 4859 1409 4930 quadringentos
1437 4864 1465 4915 et
1490 4860 1616 4933 amplius
1641 4880 1744 4931 annua,
1760 4867 1793 4920 ut

967 4947 1052 5003 multi
1068 4964 1168 5003 eorum
1184 4945 1397 5018 compellentur
1410 4948 1534 5020 patriam
1551 4954 1579 5004 et
1593 4950 1791 5010 Christianam

968 5037 1100 5092 deserere
1115 5036 1208 5109 legem
1226 5053 1232 5092 :
1250 5036 1280 5091 Si
1295 5037 1357 5108 qui,
1375 5054 1426 5110 per
1444 5036 1491 5093 Dei
1507 5039 1643 5111 gratiam,
1660 5046 1791 5099 contem·

967 5126 1107 5200 psisscnt‚
1135 5127 1314 5198 cogebantur
1339 5127 1453 5183 tradere
1486 5127 1624 5201 pulchros
1654 5133 1792 5203 parvulos

967 5233 1037 5272 sues
1053 5216 1088 5270 ad
1107 5214 1376 5271 circumcidendum
1391 5216 1434 5274 vel
1450 5218 1685 5285 turcandum‚rel
1696 5221 1791 5294 rapie-

967 5304 1073 5359 bantur
1088 5305 1123 5360 de
1139 5303 1247 5359 finibus
1264 5305 1556 5372 matrum,interleoto
1572 5313 1654 5382 patro
1665 5309 1791 5369 etillusa

966 5394 1210 5466 parente.Quippe
1225 5392 1255 5448 in
1271 5398 1383 5451 tantam
1400 5396 1542 5453 malitiam
1559 5399 1792 5459 exarserantilla
1867 5412 1878 5427 ³

965 5481 1120 5539 homiuum
1135 5500 1242 5557 genera
1258 5489 1289 5540 ut
1304 5485 1443 5542 ecclesias
1458 5486 1508 5543 Dei
1532 5488 1743 5557 subverterent,
1760 5493 1789 5548 et

966 5572 1092 5651 apuspel
1106 5576 1275 5633 sanatorum
1290 5574 1354 5652 ejus
1367 5574 1512 5659 imagines
1527 5575 1700 5654 delassabat
1714 5593 1789 5660 quoa
