3816 6006
78 260 154 333 ’118

721 275 813 337 LUPI
836 272 1164 336 Paouoseauaau.

1733 273 1796 336 iso

95 405 145 462 bus
156 412 182 460 et
196 405 318 462 inimicis
334 405 445 474 Christi,
461 407 519 479 ipae
531 422 593 462 cum
609 407 716 464 cbristo
733 407 917 476 coronandus,
933 407 961 475 Α
975 405 1269 480 paganianntistitem
1279 422 1339 462 sua
1349 409 1448 479 posset
1457 404 1592 462 Ecclesia
1601 406 1733 463 reddere.
1744 405 1797 462 Va

92 493 221 566 pertulit

129 584 158 638 7.
175 581 292 640 (islensis
304 582 396 657 plagis
410 600 501 654 rogero
515 583 551 641 od
564 585 645 658 fidem
658 585 772 643 reducit.
791 616 823 626 -
837 607 851 636 a
867 585 919 642 His

96 670 173 729 beati
191 671 267 729 Petri
283 671 408 745 flagellis
419 673 508 730 simul
518 672 920 732 etexhortationibusanima·

96 764 146 816 tus
159 760 287 817 famulus
301 759 407 818 Christi
424 762 682 832 Laurentius,rnox
692 780 778 821 mane
793 764 921 821 factove·

97 846 141 904 nit
156 848 192 905 ad
208 865 305 924 regem
320 851 438 920 (scilicet
451 851 656 925 iladbaldum),
671 856 699 908 et
714 856 822 909 retecto
836 851 921 909 vesti·

98 938 329 1011 mento,quantia
344 943 421 997 esset
436 940 604 997 verberibus
620 941 804 1010 laceratus,ei
820 946 920 999 osten-

97 1025 152 1082 dit.
168 1026 223 1094 Oui
238 1028 365 1084 multum
381 1028 516 1098 miratus,
532 1033 561 1086 ot
575 1029 727 1104 inquirens
747 1031 814 1104 quis
839 1035 920 1087 tnnto

97 1114 159 1171 viro
174 1114 248 1173 tales
263 1133 354 1173 ausus
370 1122 448 1174 osset
464 1118 566 1192 plagas
580 1118 723 1193 infligere,
742 1123 775 1175 ut
799 1120 920 1185 audivit,

98 1200 169 1279 qula
181 1217 271 1262 causa
285 1222 344 1261 sue
360 1205 463 1263 salutis
479 1208 634 1281 episcopus
649 1210 685 1265 ab
697 1208 828 1281 apostolo
842 1208 923 1266 Chri·

99 1291 137 1350 sti
153 1296 236 1349 muts
256 1298 335 1351 asset
346 1297 493 1353 tormenta
504 1295 664 1370 plagasque
678 1298 922 1371 perpessusexti-

99 1377 176 1438 mult
189 1380 328 1451 multum,
343 1388 432 1457 atqua
447 1384 692 1443 anathematizato
706 1387 785 1443 omni
801 1386 922 1444 idolola-

99 1470 162 1526 tria
176 1470 406 1536 cultu‚abdicato
421 1472 568 1532 connuhio
583 1474 924 1550 nonlegitimo,susoepit

99 1559 189 1618 fldem
203 1559 321 1630 Christi,
337 1565 366 1619 et
381 1561 545 1635 baptizatus
562 1561 697 1621 Ecclesia
720 1564 809 1622 rebus
833 1580 924 1639 quan·

98 1651 165 1710 tum
180 1647 272 1707 valult
286 1650 316 1708 in
332 1651 470 1709 omnibus
490 1650 642 1709 consulere
667 1668 701 1709 ac
726 1653 818 1710 tavers
843 1669 925 1710 cure·

98 1736 151 1798 tii.
168 1759 183 1791 n

136 1827 164 1885 8.
179 1827 319 1885 Mollitum
331 1836 358 1887 ct
370 1832 481 1887 iustum
504 1845 519 1887 e
542 1829 630 1888 Gallia
656 1837 771 1888 reuocat.
787 1861 822 1873 -
838 1852 853 1882 a
869 1831 922 1888 Mi-

101 1914 142 1972 slt
156 1915 245 1974 etiam
261 1917 291 1972 in
307 1917 441 1987 Galliam,
458 1925 487 1976 et
501 1920 643 1976 revocavit
658 1919 802 1977 Mellitum
823 1925 853 1978 et
874 1921 924 1978 Ju-

101 2008 289 2079 tum,eosque
304 2008 340 2063 ad
357 2024 427 2064 suas
440 2006 585 2065 Ecclesias
610 2007 700 2065 libere
725 2009 924 2066 instituendas

101 2092 195 2150 redire
210 2099 356 2167 pracepit.
373 2096 428 2163 Oui
443 2099 509 2169 post
523 2113 635 2152 annum
650 2113 685 2152 ex
705 2113 764 2170 quo
790 2097 925 2155 abierant

102 2183 209 2239 reversi
224 2187 303 2239 sunt.
320 2184 355 2240 ut
368 2184 472 2241 iustus
487 2185 606 2258 quidem
621 2187 657 2242 ad
677 2186 822 2243 civitatem
848 2187 923 2243 Roill

102 2272 264 2345 (Luctator)
280 2273 327 2329 cui
342 2274 498 2347 praeiuernt
513 2274 755 2332 rediitzMellitum
770 2292 836 2332 vcro
847 2276 924 2331 Lon-

103 2360 257 2419 donienses
273 2362 576 2436 episcopumrecipere
586 2363 753 2432 noluerunt,
764 2362 925 2421 idololatris

103 2449 292 2524 pontificibus
317 2452 411 2526 magis
435 2452 543 2509 servire
568 2452 739 2526 gaudentes.
760 2453 823 2508 Non
846 2453 925 2509 enim

48 2576 54 2586 ,
103 2543 187 2597 tanta
199 2545 262 2598 erat
275 2541 301 2598 ei
317 2541 497 2612 (tedbaldo),
514 2546 626 2615 quanta
638 2541 714 2615 patri
729 2541 833 2615 ipsius,
843 2541 926 2616 regni

104 2633 244 2702 potestas,
261 2635 295 2687 ut
308 2629 396 2686 etium
412 2630 579 2688 nolentibus
605 2648 638 2687 ac
658 2630 926 2688 contradicentibus

977 498 1144 551 rumtnmen
1159 495 1223 567 ipse
1238 511 1306 551 cum
1322 511 1377 551 sua
1390 498 1476 568 genta
1486 495 1629 567 exquoad
1639 495 1795 552 Dominum

973 600 1132 641 conversus
1147 587 1202 652 cst,
1219 583 1325 640 divinis
1339 599 1370 640 se
1385 583 1499 640 studuit
1512 583 1679 657 mancipare
1693 600 1798 657 prace-

973 672 1043 746 ptis.
1059 672 1191 746 Denique
1206 677 1236 729 et
1249 673 1279 729 iu
1291 673 1468 730 monasterio
1478 672 1640 730 beatissimi
1650 673 1796 746 apostolo·

974 778 1041 817 rum
1056 761 1209 836 principis,
1226 761 1381 819 ecclesiam
1396 766 1502 819 sancte
1518 760 1569 819 Dei
1583 761 1740 819 Genitricis
1755 763 1797 820 ie·

974 850 1024 917 cit,
1039 866 1128 922 quam
1141 851 1322 908 consecravit
1333 850 1570 923 archiepiscopus
1583 850 1721 907 Mellitus.
1737 873 1752 902 a

1009 937 1036 994 9.
1053 939 1133 995 Idem
1150 943 1251 997 auctor
1265 939 1353 1013 paulo
1367 944 1434 1013 post
1455 941 1485 997 S.
1512 940 1659 996 Laurentii
1683 940 1797 998 obitum

975 1028 1147 1101 perstringit
1161 1028 1209 1085 his
1223 1029 1339 1086 verbis:
1357 1050 1372 1081 a
1387 1030 1446 1086 Hoc
1463 1029 1541 1085 enim
1566 1034 1706 1101 regnante
1730 1046 1798 1103 rege

976 1115 1080 1173 beatus
1095 1116 1334 1191 archiepiscopus
1349 1117 1524 1174 Laurentius
1538 1132 1660 1190 regnum
1682 1117 1799 1175 caeleste

976 1205 1156 1273 conscendit,
1174 1211 1262 1280 etque
1276 1207 1307 1262 in
1322 1206 1446 1263 ecclesia
1459 1210 1488 1264 et
1502 1205 1679 1263 monasterio
1688 1207 1718 1263 S.
1727 1223 1797 1280 apo·

976 1293 1043 1352 stoli
1060 1294 1145 1364 Petri,
1153 1297 1239 1367 juxta
1247 1297 1491 1369 predecessorem
1501 1312 1587 1354 suum
1598 1296 1797 1370 augustinum

977 1385 1111 1457 sepultus
1125 1390 1181 1453 est,
1196 1386 1243 1443 die
1258 1390 1363 1458 quarto
1378 1386 1528 1443 Nonarum
1538 1386 1771 1453 Februariarum,
1782 1407 1797 1436 a

977 1489 1082 1547 nempe
1098 1491 1174 1531 anno
1183 1474 1247 1543 619,
1259 1474 1302 1531 uti
1314 1474 1461 1550 colligitur
1469 1492 1504 1533 ex
1514 1475 1590 1532 Beda
1599 1475 1630 1531 in
1640 1475 1698 1531 llne
1708 1474 1799 1547 hujus

977 1562 1093 1636 capitis,
1109 1564 1180 1621 mam
1196 1563 1341 1621 Mellitum
1356 1564 1505 1621 Laurentii
1519 1579 1717 1622 successorem
1731 1566 1800 1637 post

978 1652 1129 1727 regiminis
1144 1670 1236 1712 annos
1247 1653 1378 1728 quinque
1387 1654 1520 1712 aiilrmat
1529 1653 1636 1712 obiisse
1646 1654 1797 1723 annobtl,

979 1741 1154 1799 Laurentius
1168 1758 1259 1815 prope
1273 1744 1302 1801 S.
1319 1744 1520 1818 augustinum
1536 1744 1567 1800 in
1582 1742 1752 1800 suburbana
1766 1742 1796 1798 S.

979 1831 1055 1887 Petri
1070 1831 1192 1889 basilica
1206 1832 1351 1906 sepultus,
1369 1832 1427 1890 tale
1443 1834 1550 1890 meruit
1563 1831 1756 1906 epitaphium,
1772 1831 1798 1890 si

978 1919 1183 1992 Harpbsieldio
1197 1921 1345 1978 credimus
1358 1937 1365 1976 :

1012 2010 1063 2066 ilic
1074 2025 1169 2077 suno,
1187 2010 1325 2078 Laurenti,
1341 2019 1405 2068 suat
1416 2013 1498 2082 signu
1512 2011 1553 2068 tui
1564 2011 1744 2067 momenti.

1015 2103 1058 2156 tu
1072 2113 1178 2170 quoquc
1187 2098 1324 2169 jocundus
1337 2101 1419 2156 Pater
1432 2102 1597 2171 emittetque
1609 2097 1756 2155 seman.

1014 2192 1069 2243 Pro
1081 2187 1182 2259 populo
1196 2186 1300 2243 Ctmsti
1311 2188 1436 2260 amputa
1449 2188 1610 2260 brionnus
1620 2187 1727 2257 dedisti

1015 2274 1134 2330 Artatus
1148 2276 1217 2331 tuit
1234 2276 1333 2331 henot
1348 2277 1437 2331 mutto
1450 2276 1536 2332 vitae
1548 2274 1677 2332 medeam

979 2363 1087 2419 Varum
1113 2362 1141 2418 hi
1166 2381 1268 2420 versus
1292 2364 1413 2420 Leonini
1428 2362 1617 2438 posteriorem
1630 2361 1715 2438 longe
1730 2367 1799 2419 seta·

980 2457 1040 2509 tem
1055 2454 1184 2526 sapiunt,
1201 2458 1230 2509 at
1243 2454 1366 2511 sortasse
1376 2454 1413 2510 ad
1424 2451 1519 2510 seculi
1531 2470 1560 2509 ru
1570 2454 1670 2518 linem,
1681 2454 1800 2526 quando

981 2559 1098 2599 sacrum
1113 2543 1178 2614 ejus
1193 2559 1300 2615 corpus
1316 2559 1458 2600 unacum
1473 2541 1537 2600 aliis
1552 2541 1679 2599 levatum
1694 2545 1748 2611 est,
1759 2558 1801 2598 re·

981 2630 1093 2688 terendi
1108 2635 1188 2688 sunt.

101 2803 1803 2852 m

811 2994 895 3041 anno
915 2994 1020 3042 boum
1040 2995 1093 3041 uc.
1364 3008 1377 3025 ⁸

300 3194 631 3395 LUPUS
715 3191 1604 3392 inalterabilis

666 3652 902 3759 NOTITIA
939 3651 1244 3746 HISTORICA

247 3861 425 3933 (Munsnonr,
455 3863 555 3920 iteum
583 3861 645 3920 ltut.
670 3862 782 3937 Script,
806 3863 878 3932 tv,
903 3880 933 3937 p.
958 3862 1002 3930 30.
1031 3862 1153 3920 Prooem.
1182 3863 1218 3920 ad
1248 3863 1363 3936 Lupum
1392 3861 1665 3936 Protospatarium.)

143 4216 195 4275 llic
209 4220 429 4292 auctor,genere
443 4218 565 4292 Apulus,
582 4219 612 4275 in
627 4220 714 4303 cujus
736 4220 863 4294 regionis
887 4222 965 4290 rec

107 4289 164 4346 bus
178 4293 224 4345 est
238 4289 296 4346 lere
309 4294 398 4357 totus.
409 4291 581 4347 Materensis
594 4291 665 4348 civis
680 4292 831 4348 nonnuliis
845 4309 929 4365 repu-

107 4365 187 4417 tatus
200 4367 254 4427 est‚
270 4378 305 4416 ex
327 4361 378 4417 illa
401 4362 515 4419 dicendi
538 4363 631 4418 forma
653 4363 710 4419 sibi
736 4368 877 4436 usurpata
897 4363 928 4419 in

106 4431 248 4488 Chronico
261 4433 297 4488 ad
313 4433 462 4489 ann.1093
479 4433 638 4507 persuasis,
657 4435 783 4492 Urbanus
795 4451 869 4507 popo
883 4451 928 4491 ve·

107 4505 151 4559 nit
165 4504 195 4558 in
211 4503 347 4560 linterom.
366 4505 468 4561 Nescio
483 4523 536 4561 cur
558 4505 613 4560 boc
638 4505 740 4560 eodem
755 4510 929 4578 argumento

109 4591 167 4630 non
182 4573 266 4630 illum
283 4575 401 4632 iecerint
416 4575 640 4639 Antiochenam,
656 4576 707 4646 qul
731 4577 767 4631 ad
794 4593 842 4632 an.
860 4578 929 4631 1098

109 4646 356 4703 dicatzibristiani
372 4647 499 4703 bellende
516 4649 927 4719 ueneruntusquctntioctium.

108 4718 145 4772 At
160 4717 347 4774 Latinissimc
362 4718 483 4786 dictum,
500 4719 593 4774 uertice
608 4733 659 4788 pro
679 4720 721 4772 ire
744 4717 847 4773 tritum
862 4724 927 4787 est;

109 4787 182 4843 illud
197 4789 307 4854 minus,
321 4789 399 4872 quod
413 4787 576 4845 observavit
591 4785 752 4843 Salmasius
763 4789 799 4844 ad
808 4788 928 4845 liudria·

109 4875 181 4914 num
196 4859 446 4932 Spartian1,redire
462 4875 513 4932 pro
529 4861 580 4925 ire,
589 4858 667 4914 sicut
680 4857 791 4915 reddere
800 4876 856 4985 gro
871 4868 930 4916 tre-

108 4929 220 4986 derc.A
244 4931 280 4985 ud
296 4937 453 5002 presentes
468 4929 556 4986 etiam
572 4928 658 4986 italos
678 4930 775 5004 priora
799 4930 849 4987 rta
871 4931 930 4986 duo

108 4948 249 5057 vocabufe
263 5017 339 5072 saepe
351 5001 490 5056 conlundi
502 5001 544 5057 vel
558 5000 640 5074 pueri
648 5001 930 5058 norunthliiautem

110 5072 225 5145 Lupum
240 5071 426 5127 crediderunt
440 5076 607 5140 barensem,
622 5073 692 5145 quod
707 5073 755 5129 tlte
767 5073 931 5145 simpliciter

108 5159 141 5199 oc
155 5145 235 5214 quasi
248 5145 474 5199 anonomaston
501 5144 536 5200 od
551 5162 597 5199 on.
613 5147 666 5199 886
679 5152 705 5200 et
719 5145 772 5199 890
786 5145 866 5200 ilarii
879 5143 929 5216 dy·

107 5223 216 5270 matum
228 5215 381 5286 principem
394 5216 526 5271 coenob
543 5215 588 5269 bis
604 5214 928 5283 minimedissentirem;

110 5285 139 5339 in
156 5286 243 5341 rebus
258 5285 337 5341 enim
354 5285 528 5342 barensibus
543 5285 654 5340 multus
670 5291 714 5340 cst
731 5291 769 5340 lca
792 5286 865 5350 us,si
882 5287 931 5342 lla·

110 5354 156 5419 rii,
173 5373 231 5412 non
246 5356 398 5413 Beneventi
417 5357 553 5428 princeps
569 5356 672 5411 luisset
686 5357 739 5412 A‘o
755 5304 802 5414 ille
818 5357 930 5414 utrobi-

110 5443 166 5552 ἓιω
190 5427 364 5499 descriptus.
390 5428 459 5483 Erat
482 5427 683 5499 igitur.diccs,
701 5374 929 5485 innoventanus.

135 5496 182 5562 cit,
205 5498 315 5568 quibus
340 5515 374 5554 ea
396 5496 611 5570 argumentatio
637 5499 797 5570 probatur3
818 5499 931 5573 eritque

110 5567 198 5626 etiam
214 5583 318 5643 genere
333 5568 461 5639 Gnaeus,
476 5570 543 5644 oum
555 5583 629 5642 saepe
641 5571 792 5642 praeerat,
808 5587 841 5627 uc
855 5571 930 5631 Gree-

983 4235 1026 4277 eos
1042 4220 1206 4292 impensare
1220 4218 1336 4276 ostendit
1350 4234 1453 4275 amore.
1475 4217 1547 4275 Mihi
1573 4221 1670 4275 autem
1696 4215 1807 4290 epulus

982 4296 1045 4358 est;
1062 4307 1150 4363 quam
1165 4296 1281 4364 gentem
1291 4291 1341 4345 diu
1351 4290 1602 4415 Gracisvariague
1612 4285 1805 4345 loctunaolim

983 4363 1133 4419 subditam
1148 4361 1383 4431 etcommistam,
1394 4360 1549 4433 pleraquei
1564 4357 1808 4417 lorumvocabula

983 4432 1153 4507 quotidiano
1168 4433 1256 4488 etiam
1273 4432 1302 4487 in
1318 4448 1452 4488 sermone
1468 4447 1638 4505 usurpasse,
1654 4447 1688 4487 ac
1703 4428 1807 4486 utileri

982 4520 1035 4578 per
1060 4503 1215 4559 factionem
1241 4501 1324 4569 solet,
1341 4503 1496 4575 plerosque
1514 4502 1624 4576 Apulos
1638 4502 1726 4558 etiam
1742 4504 1808 4574 post

983 4574 1091 4631 secula
1105 4575 1270 4631 Graeeorum
1287 4590 1417 4630 amorem
1428 4573 1526 4630 animo
1538 4590 1680 4641 servasse,
1692 4590 1750 4629 non
1762 4574 1807 4628 est

984 4646 1180 4703 diffitendum.
1197 4645 1305 4700 Verum
1321 4644 1446 4701 tueritne
1462 4662 1593 4710 munere,
1609 4662 1646 4700 an
1662 4649 1748 4718 gente
1763 4643 1807 4699 di·

984 4723 1050 4774 ctus
1074 4722 1253 4787 Protocpnto,·
1277 4716 1423 4788 lueritque
1449 4733 1483 4772 ex
1496 4715 1586 4773 Greci
1602 4713 1807 4789 protospatarii

984 4785 1517 4860 munerisnominegentiledeductum
1528 4804 1587 4843 sua
1598 4786 1677 4860 genti
1688 4801 1808 4854 nomen,

984 4857 1126 4931 comperti
1143 4857 1182 4913 nil
1199 4857 1302 4913 habeo.
1315 4856 1390 4914 lllud
1403 4858 1479 4924 novi,
1492 4858 1521 4914 in
1532 4856 1730 4931 antiquissimi
1741 4873 1809 4930 ope·

984 4930 1025 4985 ris
1040 4927 1155 5000 lapidea
1169 4927 1308 4986 columna
1325 4930 1403 5056 agad
1428 4929 1640 4995 Brundusium,
1663 4929 1808 4984 celerante

985 4998 1119 5073 Scipione
1132 5000 1306 5067 Ammirato,
1323 5018 1341 5056 u
1364 5000 1373 5054 i
1387 5000 1424 5056 de
1438 4999 1586 5082 logotheta
1600 5004 1629 5056 et
1642 5003 1809 5071 protonota-

985 5072 1037 5137 rio,
1048 5069 1228 5144 insculptum
1240 5070 1346 5127 litteris
1356 5070 1500 5144 sequioris
1510 5069 1561 5153 avi
1571 5069 1672 5127 haberi
1683 5069 1738 5151 boc
1748 5067 1807 5193 epi·

984 5157 1136 5215 gramma:
1160 5147 1322 5214 Protosputu
1348 5143 1445 5214 Lepus,
1472 5142 1500 5198 ni
1518 5157 1632 5197 rnvcrso
1647 5140 1748 5195 ordine
1793 5168 1807 5182 ·

984 5211 1112 5285 gardan
1128 5211 1185 5268 sit:
1204 5215 1294 5284 Lapsae
1308 5214 1480 5286 Protospntu,
1496 5218 1528 5268 ut
1550 5218 1596 5268 ote
1606 5212 1634 5267 in
1644 5209 1808 5267 orbiculata

984 5281 1509 5366 superficiedescriptum,inquanon
1533 5283 1606 5340 scile
1616 5281 1724 5339 dixeris
1734 5281 1807 5354 quid

985 5370 1115 5428 primum
1130 5355 1200 5427 quid
1216 5356 1389 5412 secundum.
1407 5354 1437 5411 Si
1448 5354 1473 5411 is
1485 5354 1539 5410 init
1550 5354 1597 5410 hic
1608 5358 1717 5422 noster,
1730 5358 1808 5410 certe

984 5427 1027 5484 vcl
1044 5425 1148 5499 patria,
1164 5425 1206 5482 vcl
1223 5425 1360 5492 incolatu,
1377 5425 1469 5482 aliave
1485 5425 1636 5481 occasione
1648 5423 1809 5481 Brundusi·

985 5516 1041 5555 nus
1064 5498 1230 5578 censendus
1252 5502 1306 5554 est.
1332 5497 1397 5554 Hac
1422 5497 1459 5553 de
1481 5496 1611 5554 auctoris
1631 5510 1757 5571 genem
1772 5495 1809 5552 de

985 5572 1070 5628 etate
1083 5567 1150 5628 vnde
1162 5567 1199 5626 ad
1215 5585 1263 5626 nn.
1280 5569 1358 5627 1088.
