3816 6006
60 256 140 317 mh

626 239 908 313 HOMILtAE.'-1.
932 251 983 313 DE
1002 250 1203 319 sabaeas.

1674 256 1764 321 *itta

43 387 126 459 ejus
142 385 225 442 lance
248 385 392 441 liberaret.
410 383 482 440 Hine
505 385 588 440 beato
606 384 661 439 lob
677 383 747 438 dicit
763 401 787 439 z«
805 385 884 439 Nau·
900 386 928 453 Α
942 385 983 440 ita
999 386 1174 459 Redemptor
1184 392 1282 444 noster
1292 405 1343 462 per
1354 391 1548 464 quadraginta
1560 392 1633 447 duas
1645 407 1764 464 genera·
1831 427 1832 431 =

62 475 133 548 quid
149 474 248 547 capies
264 473 421 529 Leviathan
437 473 544 528 hamo?
557 496 569 522 ιι
579 473 646 541 (tot.
657 477 716 540 xa.)
727 474 885 538 Subsuclis,

62 568 96 620 ut
110 563 320 636 ego,qui,dum
333 562 439 618 Filium
453 579 551 618 meum
564 567 704 634 tanquam
720 562 840 616 hamum
858 562 887 616 in

43 719 46 724 Ι
62 669 149 709 carne
160 652 318 719 abscondo,
328 650 477 707 diabolum
489 650 586 708 caruis
596 651 714 706 avidum
725 651 886 723 capiooui,

62 743 133 798 dum
149 740 244 808 illurn,
257 741 285 795 in
299 758 385 813 quem
398 742 450 812 jus
462 758 520 797 nen
530 740 667 807 hahebat,
680 740 785 814 glutire
795 741 887 812 cupit,

61 830 150 888 etiam
173 847 267 903 genus
287 829 450 885 humanum
466 830 495 885 in
512 846 569 902 quo
581 830 631 901 jus
646 830 753 885 habere
770 829 887 884 videba-

63 923 120 987 tur,
138 918 256 976 amittit.
273 920 416 988 Secundo,
433 918 646 974 consideranda
666 923 710 974 est
733 917 889 975 diversitas

62 1025 265 1082 personarum,
278 1025 341 1080 qua
356 1008 386 1062 in
403 1007 456 1064 hac
471 1012 622 1080 ponuntur
635 1006 818 1081 genealogia;
835 1025 887 1079 po-

63 1102 176 1154 nuntur
190 1101 287 1154 autem
304 1097 352 1152 hic
365 1101 426 1153 tam
442 1096 495 1152 viri
506 1114 594 1169 quam
605 1096 753 1161 mulieres,
763 1101 824 1151 tam
840 1097 889 1152 Ju-

64 1187 118 1243 dai
143 1204 232 1259 quam
260 1185 394 1259 gentiles,
415 1191 475 1242 tam
505 1203 587 1257 reges
611 1203 699 1258 quam
727 1186 888 1251 interiores,

64 1282 125 1333 tam
154 1275 334 1348 antiquiores
358 1292 446 1347 quarn
476 1274 687 1346 juniores,tam
716 1275 889 1346 boniquam

941 475 1035 530 tiores
1051 476 1128 532 venit
1144 478 1178 531 ad
1196 477 1316 534 fluvium
1342 484 1447 535 nostra
1466 480 1664 547 mortalitatis,
1676 496 1763 552 quem

941 562 1180 620 victoriosissime
1195 567 1392 637 pertransiens
1407 568 1510 623 eoelum
1529 569 1654 626 intravit.

978 653 1036 708 Nos
1052 671 1177 726 quaque,
1195 656 1298 712 tratres
1323 657 1389 724 mei,
1408 675 1459 728 per
1482 656 1613 729 Deralogi
1634 658 1664 713 in
1690 674 1764 731 qua-

941 744 1009 795 tuor
1030 742 1205 813 Evangeliis,
1230 748 1258 799 et
1273 761 1324 816 per
1345 752 1470 815 quatuor
1483 746 1705 819 Ei'angclierum
1734 746 1765 803 in

943 828 1084 901 Decalego
1113 847 1178 885 eum
1227 833 1344 903 gemina
1380 834 1521 889 charitate
1554 835 1765 907 impletionem,

943 918 1070 972 stadium
1095 918 1184 991 hujus
1212 921 1278 975 vita
1307 921 1428 978 feliciter
1455 939 1549 995 usque
1576 923 1612 978 ad
1642 928 1764 980 mortem

943 1007 1106 1073 currimus;
1125 1025 1213 1081 quam
1238 1009 1309 1066 salvi
1325 1014 1520 1080 transcuntes
1538 1012 1567 1066 in
1592 1017 1675 1068 terra
1700 1029 1767 1084 pro·

943 1095 1093 1151 missionis
1115 1098 1308 1154 desideratam
1332 1100 1462 1171 requiem
1487 1100 1642 1156 mirumne.
1659 1101 1767 1166 Quarto

944 1183 1032 1239 etiam
1044 1186 1113 1240 orde
1131 1188 1325 1242 attendendus
1335 1193 1388 1244 est.
1402 1188 1559 1244 Ordinatur
1569 1189 1677 1262 quippe
1692 1206 1766 1261 prs·

944 1273 1021 1328 satus
1038 1291 1178 1330 nuiucrus
1194 1293 1245 1346 per
1260 1280 1319 1331 tres
1335 1280 1450 1332 tesseres
1466 1278 1598 1345 decades,
1613 1276 1642 1332 id
1658 1284 1702 1334 est
1716 1294 1768 1351 per

64 1364 157 1422 mali:
180 1381 281 1421 omnes
308 1365 387 1420 enirn
414 1364 521 1420 Christi
551 1363 749 1436 redemptione
778 1364 890 1437 indige·
944 1367 1071 1434 quatuor
1087 1365 1186 1419 aleuas.
1201 1365 1296 1420 Prima
1311 1366 1495 1437 protenditur
1509 1367 1544 1422 ab
1560 1365 1705 1421 Abraham
1722 1383 1768 1422 us·

64 1453 277 1511 bautlltideo
306 1453 340 1509 de
369 1452 502 1508 emnium
528 1469 633 1525 genere
663 1469 779 1508 carnem
809 1470 889 1508 sum·
945 1468 1001 1522 quc
1016 1452 1051 1504 ad
1068 1452 1156 1506 David
1175 1469 1281 1526 regem,
1297 1453 1324 1508 id
1335 1453 1466 1509 estavia
1479 1454 1614 1510 credendi
1627 1455 1768 1526 usquead

65 1544 135 1616 psit,
153 1547 185 1598 ut
200 1558 301 1599 omnes
317 1543 481 1598 redimeret.
499 1542 581 1597 Sicut
596 1543 674 1597 euim
691 1541 761 1597 mali
778 1542 890 1614 indige·
944 1539 1088 1611 regimen,
1102 1543 1229 1604 secunda
1245 1559 1261 1597 a
1276 1542 1364 1597 David
1377 1559 1470 1615 usque
1486 1543 1520 1597 ad
1535 1541 1768 1617 transmigratio·

65 1633 137 1689 bant
152 1636 336 1704 peccatorum
363 1631 545 1699 remissione,
563 1632 603 1687 ila
627 1630 696 1686 boui
720 1631 890 1702 indigebant
944 1645 1026 1697 neru;
1043 1629 1128 1683 tertia
1144 1647 1160 1684 a
1176 1631 1432 1704 transmigratione
1447 1647 1539 1705 usque
1555 1632 1590 1687 ad
1607 1632 1767 1688 Christum.

52 1722 147 1796 :regni
164 1720 303 1776 coelorum
320 1721 563 1792 apertione,quod
580 1720 636 1775 nisi
651 1737 701 1791 per
715 1720 888 1792 sanguinem
946 1717 977 1772 ln
993 1735 1050 1789 quo
1066 1718 1166 1774 ordine
1181 1720 1251 1774 ordo
1266 1721 1357 1776 nostri
1373 1720 1520 1793 prefectus
1535 1725 1699 1793 nostraeque
1714 1721 1770 1777 sal·

65 1810 175 1867 Christi
190 1815 303 1882 poterat
322 1809 438 1882 aperiri.
451 1809 505 1864 Sed
529 1814 557 1864 et
581 1808 671 1880 aliqui
696 1807 765 1863 mali
782 1809 846 1863 ideo
861 1809 890 1863 in
946 1807 1069 1862 rationis
1098 1808 1192 1874 nobis,
1218 1808 1321 1865 fratres
1346 1810 1414 1877 mei,
1435 1810 1697 1866 demonstratur.A
1713 1811 1770 1867 lide

65 1900 121 1956 hac
135 1898 322 1972 generatione
345 1903 447 1954 sancta
469 1898 692 1964 interseruntur,
709 1901 740 1952 ut
755 1899 891 1952 ostenda·
946 1895 1024 1950 enim
1040 1913 1103 1968 quaa
1119 1901 1163 1951 cst
1188 1898 1409 1953 tundamentum
1426 1899 1558 1954 omnium
1573 1898 1724 1967 virtutum,
1742 1902 1771 1955 et

64 1994 116 2046 tur
129 1987 272 2044 malitiam
290 2004 347 2044 nen
363 1988 465 2043 obesse
480 1986 637 2053 sanctitati,
649 1986 798 2058 quoniam.
807 1988 893 2056 juxta

66 2077 249 2152 prophetam,
263 2100 276 2126 ιι
289 2077 387 2132 anima
403 2093 467 2148 qua
483 2075 653 2148 peccaverit,
666 2076 729 2147 ipsa
741 2076 891 2141 morietur,

66 2172 96 2224 et
111 2166 191 2222 filius
207 2184 264 2222 uon
287 2165 412 2238 portabit
435 2165 620 2237 iniquitatem
647 2166 748 2236 patris,
759 2170 788 2220 et
812 2172 893 2236 pater

68 2273 127 2314 nen
143 2254 270 2329 portabit
286 2254 471 2326 iniquitatem
487 2253 538 2309 filii
556 2255 660 2321 (Erech.
671 2255 759 2323 ινιιι).
770 2277 783 2303 ιι
799 2254 892 2308 lasti·-

67 2345 109 2402 tia
119 2344 193 2417 justi
209 2361 298 2416 super
312 2360 379 2399 eum
398 2343 462 2412 erit,
476 2348 504 2398 et
519 2343 656 2415 impietas
678 2343 759 2414 impii
776 2344 831 2398 erit
846 2360 893 2397 su-

68 2434 287 2508 pereumNen
315 2431 393 2488 enim
423 2436 507 2488 nocet
522 2433 598 2487 bono
613 2432 687 2504 patri
706 2432 817 2487 malitia
847 2432 892 2487 sui

69 2524 134 2591 tllii,
146 2523 171 2579 si
183 2528 280 2579 tamen
297 2526 384 2594 prout
399 2522 495 2593 potuit
509 2537 576 2576 eum
592 2521 724 2576 correxit.
739 2522 795 2577 Nec
810 2525 894 2576 naret

69 2614 145 2669 bono
161 2612 219 2667 filio
238 2610 349 2666 malitia
366 2610 411 2666 sui
427 2610 529 2682 patrie,
547 2610 569 2665 si
587 2627 655 2664 eum
678 2610 811 2665 imitatus
836 2629 893 2666 riou

69 2702 166 2758 luerit.
176 2700 254 2756 Alias
269 2705 297 2755 ct
312 2699 425 2756 malitia
442 2698 493 2753 tilii
509 2703 593 2754 nocet
604 2698 680 2771 patri
691 2699 895 2772 negligentiam

69 2794 189 2864 apparet
203 2790 233 2844 in
250 2789 322 2857 Heli,
334 2794 363 2844 et
379 2788 492 2844 malitia
506 2786 599 2859 patris
613 2791 695 2842 nocet
707 2788 765 2843 litio
782 2793 894 2860 patrem

68 2879 206 2936 imitanti.
219 2878 301 2935 Unde
326 2878 468 2933 Dominus
481 2894 505 2931 :a
523 2878 592 2948 Ego,
608 2876 714 2948 inquit,
728 2894 793 2931 sum
819 2877 895 2933 Deus

70 2969 187 3036 zelotes,
200 2967 352 3023 vindicans
374 2971 492 3038 peccata
507 2969 622 3036 patrum
646 2966 676 3018 in
699 2965 784 3033 tilica,
803 2983 895 3038 usque

70 3059 99 3114 in
110 3058 226 3114 tertiam
238 3061 267 3112 et
277 3061 411 3129 quartam
424 3054 640 3127 generationem
651 3054 746 3120 (daed.
756 3059 831 3122 aaa»
839 3055 894 3109 Sed

947 1983 1008 2040 sine
1025 2002 1082 2056 qua
1097 1985 1171 2039 nihil
1193 1991 1288 2058 potest
1310 1987 1423 2059 placere
1439 1988 1497 2043 Deo
1522 1989 1612 2056 (ltebr.
1627 1988 1677 2060 ιιι),
1693 1988 1770 2045 viam
1839 2005 1841 2010 ’

946 2074 982 2129 ad
1009 2074 1158 2128 Christum
1189 2076 1355 2148 incipimus.
1375 2080 1441 2142 Qua
1471 2095 1528 2132 aon
1558 2078 1676 2147 sufficit,
1702 2078 1772 2151 quia
1844 2109 1847 2113 ,

947 2186 960 2212 ιι
976 2163 1047 2217 tides
1063 2163 1125 2218 sinc
1148 2165 1285 2235 operibus
1310 2170 1424 2220 mortua
1449 2171 1493 2221 est
1509 2168 1574 2234 (lac.
1587 2171 1629 2236 u),
1642 2189 1656 2217 ιι
1672 2167 1721 2222 sed
1737 2182 1772 2223 ex
1861 2224 1868 2234 ,

948 2267 981 2306 ea
997 2251 1180 2322 pellicientes
1192 2258 1220 2306 cl
1232 2271 1284 2324 per
1294 2254 1525 2325 quatuordecim,
1536 2256 1565 2311 id
1576 2260 1620 2311 est
1627 2272 1679 2328 per
1687 2256 1774 2312 Deca-

947 2339 1004 2412 logi
1017 2345 1044 2395 et
1054 2342 1408 2414 quatuorllvangcliorum
1418 2344 1772 2419 doetrinamadrcgnum,

948 2447 1005 2500 ιριο
1017 2429 1127 2485 scilicet
1138 2447 1191 2485 uos
1203 2434 1230 2485 et
1242 2431 1314 2486 alios
1325 2432 1397 2487 bene
1409 2449 1507 2506 regere
1518 2433 1658 2501 sciamus,
1670 2449 1772 2506 perve-

949 2519 1056 2575 nimus.
1068 2519 1122 2573 Srd
1139 2536 1191 2574 nec
1203 2519 1249 2574 hic
1264 2520 1404 2575 debemus
1416 2537 1538 2589 cessare,
1550 2521 1609 2579 imo
1624 2523 1659 2578 ad
1674 2527 1773 2579 trans-

949 2608 1152 2680 migrationem
1165 2609 1268 2662 divinae
1285 2609 1539 2682 contemplationis
1554 2614 1613 2667 tote
1629 2610 1773 2668 desiderio

948 2697 1081 2763 tendere,
1093 2714 1181 2768 quam
1199 2714 1249 2768 per
1259 2698 1489 2769 quatuordecim,
1502 2699 1530 2754 id
1542 2703 1586 2755 est
1598 2716 1649 2771 per
1662 2705 1772 2772 septem

949 2786 1025 2840 dana
1042 2785 1168 2857 Spiritus
1185 2786 1288 2851 sancti,
1300 2787 1330 2841 in
1347 2786 1464 2858 gemina
1478 2787 1620 2844 charitate
1634 2789 1772 2862 duplicati

950 2873 1140 2945 acquirimus.
1149 2873 1251 2928 Unctis
1263 2875 1340 2928 eninr
1357 2875 1483 2946 Spiritus
1495 2877 1577 2932 docet
1588 2895 1641 2933 nos
1652 2880 1678 2946 (l
1687 2883 1772 2936 Joaa.

951 2965 980 3029 ιι)
995 2963 1116 3018 interius
1126 2981 1183 3033 quo
1197 2963 1315 3018 tendere
1326 2963 1494 3032 debeamus,
1504 2970 1531 3021 et
1546 2966 1711 3022 iutlammat
1722 2983 1775 3022 nos

950 3069 1001 3123 por
1016 3069 1113 3106 verum
1130 3067 1270 3118 amorem,
1288 3055 1319 3106 ut
1333 3056 1392 3106 toto
1412 3052 1555 3109 desiderio
1571 3054 1726 3109 aterrenis
1739 3055 1775 3110 ad

72 3165 124 3203 acc
135 3145 297 3205 econtrario
308 3143 423 3201 bonitas
438 3142 529 3215 patris
540 3141 658 3214 prodest
668 3142 744 3198 malo
756 3143 825 3208 filio,
838 3142 896 3198 imo
913 3126 934 3193 C
952 3145 1093 3204 cateruae
1104 3139 1213 3193 mundo
1225 3140 1260 3193 ad
1275 3143 1364 3194 Deum
1379 3140 1632 3212 transmigremus.
1643 3143 1699 3198 Sed
1715 3142 1776 3200 hae

72 3242 165 3303 nocet,
177 3237 246 3292 dum
259 3232 440 3307 propositum
450 3237 478 3286 et
488 3231 653 3303 proximum
664 3231 720 3286 sibi
730 3232 896 3304 exemplum

73 3326 155 3398 sequi
170 3322 340 3381 contemnit.
357 3323 415 3377 Nee
430 3320 546 3375 bonitas
562 3320 613 3375 lilii
630 3321 748 3392 prodest
763 3321 839 3376 malo
850 3339 898 3394 pa-

70 3417 119 3482 tri,
130 3415 180 3487 qui
195 3430 248 3469 nec
262 3413 349 3468 verbo
365 3426 418 3466 nee
433 3409 564 3481 exemplo
580 3425 646 3464 eum
663 3408 810 3464 iustruxit.
827 3412 897 3465 'ler-

71 3505 112 3559 tio
128 3519 195 3559 vero
222 3517 364 3555 numerus
389 3498 584 3554 attendendus
605 3502 658 3552 est.
683 3498 898 3554 Enumerantur

71 3592 119 3647 hic
135 3590 328 3664 quadraginta
344 3589 407 3643 dua
434 3586 635 3659 generationes
659 3604 750 3659 usque
767 3588 802 3642 ad
819 3588 898 3642 Chri·

72 3685 162 3736 stum.
179 3678 310 3735 Totidem
328 3695 443 3749 quoque
464 3675 668 3731 mansionibus
684 3675 734 3731 lilii
757 3677 844 3732 Israel
860 3677 896 3732 ad

71 3774 179 3825 terram
198 3767 400 3840 promissionis
422 3769 624 3838 pervenerunt.
642 3765 700 3820 Nos
716 3783 831 3839 quoque
846 3783 898 3838 per

70 3860 202 3930 ejusdem
218 3857 332 3911 numeri
349 3864 576 3924 sacramentum,
592 3854 621 3908 id
638 3859 682 3909 cst
699 3871 749 3927 per
764 3854 896 3928 Decalogi

70 3949 100 4004 in
117 3951 242 4020 quatuor
253 3945 423 4018 Evangelia,
436 3949 464 3999 et
475 3961 525 4016 per
536 3949 661 4015 quatuor
672 3943 894 4017 Flv'augeliorum

71 4038 101 4092 in
118 4036 343 4106 Decalogo,eum
361 4033 477 4107 gemina
491 4032 631 4089 charitate
647 4030 846 4104 impletionem
861 4034 896 4088 ad

72 4133 178 4181 terram
195 4122 397 4196 promissionis
420 4125 448 4176 et
471 4122 506 4177 ad
523 4120 672 4176 Christum
697 4121 895 4192 pervenimus.

72 4215 233 4287 Decalogus
248 4211 324 4268 euim
341 4215 370 4266 et
389 4215 514 4283 quatuor
534 4209 689 4282 Evangelia
703 4210 766 4265 sine
781 4211 898 4284 gemina

73 4304 223 4368 charitate,
233 4301 283 4357 Dei
294 4298 428 4355 videlicet
442 4303 469 4353 ct
484 4297 618 4370 proximi,
632 4315 689 4353 non
706 4304 830 4371 possunt
844 4316 897 4357 nos

73 4393 109 4447 ad
126 4398 233 4447 terram
249 4388 452 4462 promissionis
468 4392 495 4442 et
515 4388 550 4441 ad
566 4386 711 4442 Christum
729 4389 895 4460 perducere.

951 3227 1169 3299 transmigratio
1191 3227 1448 3300 contemplationis
1472 3229 1596 3302 aenigma
1609 3235 1654 3287 cst
1668 3236 1696 3287 et
1711 3248 1776 3288 um·

952 3316 1153 3388 brebitariis
1176 3320 1258 3387 parte
1283 3316 1360 3372 enim
1385 3316 1432 3373 hic
1458 3320 1672 3392 cognoscimus,
1691 3324 1719 3376 et
1742 3337 1777 3377 cx

951 3409 1033 3477 parte
1049 3405 1257 3477 prophetamus
1268 3409 1293 3471 (l
1301 3406 1361 3461 Cor.
1374 3410 1447 3475 xm).
1460 3429 1474 3456 ιι
1486 3407 1566 3464 Unde
1582 3408 1725 3465 Dominus
1740 3410 1776 3466 ad

951 3495 1069 3566 Moysen
1083 3511 1089 3548 ι
1103 3493 1187 3549 «Noa
1205 3495 1313 3550 videbit
1337 3512 1394 3566 me,
1417 3495 1522 3568 inquit,
1540 3497 1626 3553 homo
1651 3503 1679 3554 et
1701 3498 1778 3556 vivet

952 3584 1047 3651 (anrt.
1068 3584 1175 3655 xxxia).
1191 3606 1204 3632 ιι
1217 3585 1379 3656 Propterea,
1395 3585 1499 3641 lralres
1520 3587 1588 3652 mei,
1601 3587 1636 3642 ab
1652 3586 1707 3643 hae
1722 3606 1777 3643 un·

951 3672 1047 3727 bratili
1065 3673 1319 3744 contemplationis
1345 3675 1602 3747 transmigratione
1621 3677 1656 3731 ad
1678 3693 1776 3734 veram

952 3762 1000 3817 Dei
1018 3760 1158 3816 visionem
1175 3761 1316 3817 debemus
1332 3762 1480 3828 festinare,
1492 3764 1643 3836 cupientes
1658 3765 1776 3822 dissolvi

951 3855 979 3905 et
995 3867 1059 3905 esse
1075 3866 1142 3904 cnm
1158 3849 1272 3904 Christo
1289 3851 1423 3922 (Philipp.
1440 3853 1471 3923 ι).
1487 3853 1530 3907 ad
1546 3854 1624 3924 quod
1642 3871 1777 3926 perqua-

951 3939 1113 3993 tuordecim
1129 3938 1325 4010 pervenimus,
1342 3940 1370 3994 id
1388 3948 1430 3995 est
1451 3957 1502 4011 per
1516 3940 1623 4014 duplex
1643 3947 1776 4015 septena-

952 4028 1038 4095 rium,
1052 4028 1105 4082 hoc
1121 4032 1166 4082 est
1185 4045 1237 4099 per
1252 4027 1399 4100 duplicem
1415 4029 1544 4101 eorporis
1558 4034 1585 4085 et
1601 4031 1705 4087 anima
1730 4048 1776 4087 re·

951 4117 1131 4189 quicunquae
1147 4117 1176 4170 in
1189 4116 1370 4188 depositione
1384 4118 1473 4189 hujus
1489 4118 1676 4176 mortalitatis
1686 4119 1777 4191 justis

952 4206 1108 4261 confertur.
1121 4204 1203 4260 Unde
1221 4204 1379 4260 Psalmista
1394 4222 1400 4261 ε
1415 4229 1428 4256 «
1444 4207 1515 4262 Cum
1531 4208 1653 4279 dederit,
1669 4208 1774 4283 inquit,

952 4294 1065 4350 dilectis
1081 4294 1142 4349 suis
1163 4311 1311 4361 somnum,
1328 4311 1394 4350 ecca
1410 4295 1562 4353 haereditas
1582 4298 1709 4367 Domini,
1724 4299 1776 4355 sslii

951 4401 1063 4439 merces
1080 4385 1193 4437 l'ructus
1209 4382 1317 4438 ventris
1329 4385 1413 4450 (Paul.
1426 4385 1546 4457 exarui.»
1557 4388 1596 4441 Ac
1607 4387 1630 4442 si
1648 4388 1774 4443 diceret:

73 4482 154 4538 Unde
170 4480 312 4536 Dominus
328 4478 357 4532 in
373 4475 526 4550 Evangelio
538 4493 565 4531 :a
582 4476 611 4530 ln
628 4475 684 4541 his,
698 4476 805 4548 inquit,
823 4478 897 4534 ‹lua-
913 4494 937 4559 D
952 4479 1024 4528 Dum
1042 4477 1111 4527 sunt
1125 4471 1154 4527 in
1171 4472 1225 4527 hoc
1247 4471 1353 4528 sarculo
1366 4472 1450 4528 electi
1474 4490 1541 4529 cum
1565 4475 1705 4547 reprobis,
1722 4475 1775 4532 ulii

73 4572 129 4627 bus
144 4569 369 4631 mandatis,tota
382 4565 428 4620 lex
451 4566 557 4636 pendet
579 4570 607 4620 et
634 4567 780 4637 prophetae
792 4567 896 4636 (llattlt.

62 4663 152 4728 san).
167 4681 180 4707 ιι
194 4660 228 4713 ut
242 4657 398 4713 Psalmista
413 4672 419 4708 :
433 4654 550 4721 «Viam,
564 4654 669 4725 iuquit,
691 4656 897 4711 mandatorum

71 4752 191 4803 tuorum
217 4745 345 4811 cacurri,
365 4759 431 4798 cum
457 4742 585 4797 dilatasti
611 4759 660 4796 cor
688 4759 785 4798 meum
811 4746 897 4810 (l‘sal.

72 4839 181 4904 carru),
194 4857 207 4885 ιι
225 4834 367 4890 subaudis
392 4848 442 4903 per
456 4831 627 4887 charitatem
645 4847 709 4902 quar
734 4832 900 4888 extenditur

72 4925 161 4983 ctiam
178 4923 318 4996 usquead
333 4919 586 4984 inimicum.Quod
598 4917 666 4974 alibi
678 4937 826 4993 exponens
837 4923 896 4977 ait:

74 5040 88 5066 a
100 5013 204 5070 Omnis
215 5010 479 5068 consummationis
493 5007 551 5063 vidi
564 5010 661 5076 tinem,
674 5009 765 5065 latum
781 5012 899 5067 manda·

73 5110 139 5162 turn
164 5107 249 5157 tuum
265 5100 353 5155 nimis
370 5097 461 5170 tlbid.)
476 5119 488 5145 ιι
502 5100 614 5163 Quanto
644 5098 721 5154 enim
748 5100 839 5156 Deum
870 5105 899 5156 et

75 5191 241 5267 proximum
267 5187 426 5244 ferventius
449 5184 610 5257 diligimus,
637 5190 717 5242 tanto
741 5188 856 5244 facilius
871 5194 900 5245 et

73 5281 203 5338 velocius
227 5279 366 5334 mandata
393 5275 444 5332 Dei
474 5274 682 5347 percurrimus.
700 5275 782 5331 Sicut
810 5278 900 5351 igitur

75 5370 127 5426 filii
145 5367 231 5425 lsrael
248 5385 299 5439 per
312 5363 505 5439 quadraginta
520 5364 594 5419 duas
610 5364 776 5421 mansiones
791 5367 826 5421 ad
842 5367 898 5422 tlu-

74 5450 155 5516 vium
170 5456 307 5515 Jordanis
322 5457 525 5527 pervenerunt,
537 5469 625 5524 quem
638 5452 714 5509 sicco
730 5455 803 5526 peda
815 5454 899 5511 mira·

65 5548 482 5610 -bilitertranseuntesterram
491 5540 694 5618 promissionis
704 5541 896 5616 intraverunt,

953 4563 1047 4618 liberas
1060 4579 1125 4616 cum
1139 4560 1207 4615 tiliis
1218 4559 1329 4615 ancillae
1345 4561 1432 4616 simul
1443 4560 1628 4633 vapulantur,
1640 4564 1775 4637 aslligun-

952 4658 1010 4718 tur,
1028 4656 1055 4706 et
1070 4651 1224 4722 patiuntur
1245 4649 1449 4705 tribulationes
1479 4648 1568 4723 hujus
1593 4653 1703 4707 mundi.
1720 4654 1775 4709 Sed
1864 4707 1871 4714 .

956 4763 969 4791 a
982 4757 1047 4796 cum
1065 4739 1176 4794 dederit
1192 4739 1333 4793 Dominus
1344 4738 1457 4794 dilectis
1468 4739 1530 4795 suis
1541 4757 1678 4796 sommrm
1691 4763 1704 4790 ιι
1716 4758 1777 4798 cor·

954 4828 1060 4902 paralis
1076 4828 1187 4894 mortis,
1203 4851 1216 4876 «
1234 4845 1298 4882 ecce
1310 4850 1323 4876 ι
1337 4845 1414 4883 nunc
1436 4829 1524 4883 datur
1539 4829 1580 4884 eis
1592 4853 1605 4879 a
1623 4829 1776 4888 hareditas

953 4917 1078 4979 Domini,
1095 4916 1146 4970 lilii
1164 4933 1274 4972 merces
1298 4917 1411 4972 tructus
1432 4917 1553 4984 ventris,
1567 4940 1580 4966 ιι
1595 4918 1706 4975 scilicet
1719 4919 1775 4976 vir·

953 5006 1069 5080 ginalis.
1083 5006 1201 5076 Propter
1229 5005 1282 5060 hoc
1302 5005 1380 5060 euim
1398 5004 1488 5061 Filius
1505 5007 1552 5061 Dei
1581 5024 1612 5064 se
1640 5006 1776 5066 humilia·

953 5097 1003 5160 vit,
1019 5101 1046 5150 et
1061 5096 1096 5150 de
1110 5093 1228 5167 Virgine
1244 5099 1330 5148 natus
1345 5100 1399 5161 est,
1413 5100 1444 5150 ut
1459 5101 1596 5152 aternam
1612 5097 1697 5154 nobis
1713 5115 1775 5156 me·

954 5189 1067 5241 rcrctur
1081 5184 1291 5239 haereditatem.
1309 5184 1428 5255 Propter
1447 5184 1502 5241 hoe
1518 5191 1561 5242 ost
1577 5187 1671 5244 lactus
1685 5189 1777 5261 parti-

954 5291 1021 5346 ceps
1044 5272 1165 5327 vilitatis
1197 5277 1312 5339 nostrae,
1335 5277 1366 5329 ut
1395 5290 1448 5330 nos
1478 5275 1585 5332 laceret
1612 5277 1777 5333 coheredes

954 5361 1144 5418 beatitudiuis
1159 5378 1228 5428 suae,
1250 5361 1390 5418 claritatis
1413 5380 1483 5430 saae,
1499 5365 1597 5438 gloria
1613 5384 1683 5423 sua.
1699 5365 1776 5422 Vile·

954 5456 1037 5507 scant
1058 5450 1150 5522 igitur
1171 5449 1265 5518 nohis,
1278 5451 1382 5507 fratres
1406 5454 1582 5520 charissimi,
1594 5455 1711 5522 divitia,
1727 5454 1776 5511 ho·

953 5557 1050 5610 aures,
1073 5539 1237 5618 voluptates
1265 5544 1294 5599 et
1321 5539 1419 5619 gloria
1447 5542 1610 5618 seculares,
1635 5542 1777 5605 vilescant
