3816 6006
72 374 75 378 ¹
156 290 213 353 stt
416 287 468 349 An
492 287 748 351 conuenienti
771 287 937 348 APPEND.
963 288 999 348 ll.
1017 322 1055 333 -
1071 289 1215 352 MONUM
1238 290 1288 350 Du
1310 288 1434 351 BELLO
1457 286 1597 351 SAGRO.
1802 288 1861 350 ill!

158 421 308 479 nutatione
323 421 366 478 sie
380 420 485 494 positis
500 438 593 488 orare,
609 424 638 478 et
660 419 859 493 eleemosynas
883 420 984 493 egenis
997 424 1025 491 Α
1037 421 1165 478 Alteram
1180 439 1246 478 vera
1262 426 1373 495 partem
1386 423 1415 478 iu
1431 421 1520 479 altius
1531 420 1652 496 pelagus
1668 421 1861 494 prudentissi-

157 510 322 585 impertire,
338 526 391 583 par
405 510 557 567 universes
579 509 705 565 civitatis
721 514 827 565 sancte
844 508 982 566 eeclesias
1039 528 1085 566 me
1100 511 1191 580 misit,
1206 512 1364 585 nt‘ignaris
1381 512 1549 568 sarracenis
1565 510 1713 585 peregrini
1726 511 1860 568 esseHie·

159 601 360 672 processiones
376 599 422 672 pie
438 599 540 666 locere,
551 603 611 654 tam
622 599 719 654 Datini
737 616 827 670 quam
841 599 931 654 Greci
943 602 984 654 et·
1037 599 1166 656 rusalcm
1182 602 1323 657 adeuntes
1339 606 1447 674 aparte
1462 600 1545 673 Cypri
1558 604 1741 672 putarentur.
1750 600 1783 656 n
1793 617 1860 656 eum

159 705 216 760 que
231 689 307 762 Syri,
324 687 442 745 interim
458 688 621 760 nudipedes
635 704 693 743 non
709 686 899 744 cessavimus.
916 689 985 744 Pro·
1038 691 1190 747 Sarraceni
1206 691 1240 746 l8
1255 708 1342 747 naves
1358 691 1393 746 de
1407 689 1501 746 classe
1511 689 1650 745 Venetica
1663 687 1861 762 perspicerent

156 777 986 836 acrescatemncstrimanesummodeliamathaconsur-
1039 780 1074 834 ad
1092 797 1122 835 se
1137 780 1319 852 appropiare,
1347 784 1490 852 tanquam
1518 779 1553 834 do
1583 777 1780 834 emolumento
1799 779 1860 851 J‘am

155 870 344 942 gentes,cum
356 866 984 940 geutemnostranrpercohcrtcsprocedere,
1039 869 1182 940 acquisito
1201 873 1352 942 coepcrunt
1376 869 1515 937 exultare,
1532 872 1561 924 et
1585 872 1686 923 eontra
1710 866 1861 924 Veneticae

158 956 328 1024 utdecebat,
341 955 538 1022 ordinassent,
554 955 754 1012 bencdictione
765 960 792 1010 ct
803 954 986 1011 absolutionc
1039 961 1212 1030 aptaverunt
1224 976 1255 1015 so
1271 959 1406 1032 navigare
1421 961 1449 1014 et
1464 958 1500 1014 ad
1516 973 1645 1030 pugnem
1660 973 1710 1013 eos
1725 956 1863 1012 audacter

158 1044 356 1118 epatrieroha
368 1043 476 1117 popule
493 1045 570 1111 date,
583 1043 692 1101 bellum
704 1045 985 1117 committiturapud
1040 1046 1197 1118 suscipere.
1214 1047 1311 1102 Nostri
1326 1051 1424 1103 antem
1438 1051 1580 1119 tanquam
1591 1046 1627 1102 ad
1643 1051 1791 1102 certamen
1807 1044 1862 1102 hel·

157 1134 279 1191 Azotum
295 1134 398 1190 urbem
414 1134 564 1205 quendem
581 1133 714 1206 quintam
731 1133 984 1201 Philisthincrnm,
1039 1133 1130 1190 licum
1145 1136 1331 1192 verecundari
1349 1135 1532 1202 similantes,
1550 1139 1577 1190 ct
1593 1138 1688 1190 astute
1707 1133 1796 1190 aliam
1813 1151 1861 1190 ne·

159 1239 238 1280 nuno
253 1228 352 1279 autem
368 1222 502 1279 lbeninm
518 1223 636 1278 dictam.
649 1224 716 1288 Quae
732 1222 761 1277 in
777 1221 907 1278 viculum
921 1239 986 1294 par·
1039 1225 1108 1298 vigii
1125 1229 1237 1297 partem
1253 1226 1397 1297 potiorem
1414 1229 1441 1281 ct
1456 1229 1646 1297 postremam,
1664 1223 1693 1279 in
1718 1239 1776 1294 que
1791 1241 1861 1295 pra·

156 1310 259 1369 vulum
270 1312 386 1369 redacta
397 1315 454 1368 est.
467 1312 554 1367 Porro
563 1328 662 1385 pugna
676 1310 733 1366 iste
746 1328 803 1367 non
817 1310 904 1384 lenge
915 1311 987 1366 hora
1040 1313 1135 1368 dictus
1152 1314 1209 1368 dux
1225 1319 1295 1381 crat,
1313 1315 1456 1386 paulatim
1472 1317 1684 1387 exspectantes,
1700 1329 1752 1367 ncc
1765 1313 1862 1386 iugero

156 1400 347 1476 protrahitur.
363 1400 436 1457 Nam
452 1417 519 1456 cum
534 1399 732 1472 perspicerent
747 1404 863 1456 nostros
874 1400 987 1473 probis·
1040 1402 1317 1475 disposuerunt,nec
1331 1419 1461 1476 pugnare
1470 1418 1537 1458 cum
1546 1402 1587 1457 eis
1600 1405 1860 1474 presumpserunt,

156 1491 231 1547 sime
244 1494 374 1547 armatos
390 1507 439 1547 ees
466 1489 619 1561 impetere,
645 1488 786 1544 centinuc
810 1488 919 1546 milites
942 1488 985 1544 illi
1040 1497 1186 1562 quotenus
1197 1492 1375 1562 jamdictum
1387 1492 1536 1564 navigium
1551 1494 1733 1563 postremum
1748 1495 1863 1545 temse-

155 1584 298 1652 tenquem
316 1579 413 1651 aliquo
429 1595 516 1634 onere
526 1578 660 1634 fascinati
671 1577 701 1633 in
712 1579 812 1651 lugam
825 1579 894 1634 moti
906 1582 984 1647 sunt,
1039 1579 1076 1636 lis
1092 1597 1182 1652 qnam
1198 1581 1287 1636 remis
1303 1597 1458 1653 exsurgere
1473 1579 1626 1636 Sarraecni
1642 1579 1864 1652 cernerentlgi·

155 1673 184 1726 et
199 1670 268 1742 luge
282 1686 334 1742 pro
350 1667 471 1723 consilio
487 1668 533 1723 usi
550 1672 630 1723 sunt.
644 1668 760 1724 Pedites
781 1685 848 1723 uero
863 1669 985 1723 detrun·
1039 1673 1088 1724 tur
1102 1668 1247 1725 Veneticis
1262 1669 1351 1724 crevit
1365 1669 1497 1742 spiritus,
1514 1672 1543 1724 ct
1564 1668 1752 1724 indicibiliter
1768 1669 1798 1723 in
1815 1685 1864 1724 ece

158 1759 215 1816 eati
232 1761 312 1814 sunt.
329 1758 468 1813 Tentoria
481 1774 582 1813 eorum
593 1760 697 1812 cuncta
708 1774 775 1812 cnm
787 1758 874 1813 rcbus
885 1757 985 1812 multi·
1039 1757 1197 1828 irruerunt,
1215 1763 1243 1814 et
1257 1758 1387 1830 undiquc
1404 1758 1445 1813 ita
1460 1775 1509 1814 eos
1524 1757 1712 1813 accinxerunt
1727 1756 1864 1814 allecum

158 1847 301 1905 lormibus
314 1846 345 1901 iu
355 1863 458 1919 campo
469 1849 682 1904 remanserunt.
692 1846 758 1901 Tria
769 1863 873 1918 nempe
882 1845 984 1903 vexilla
1039 1847 1112 1920 luga
1129 1848 1245 1920 uspiam
1260 1848 1386 1920 reperire
1401 1864 1457 1903 non
1471 1851 1600 1920 possent.
1617 1848 1698 1903 Tunc
1713 1845 1822 1902 mirum
1834 1845 1863 1902 iu

159 1935 385 2010 pretiosissima,
399 1951 463 2008 quae
475 1935 617 1992 Stendarz
628 1935 827 2006 nominamus,
839 1937 875 1990 ab
886 1936 928 1991 eis
939 1952 985 1991 ex·
1039 1937 1160 1993 modum
1176 1937 1345 1993 Sarracenis
1370 1936 1513 2003 coercitis,
1539 1951 1633 2008 neque
1657 1952 1745 1991 nares
1769 1950 1864 2007 neque

160 2028 324 2082 cesserunt.
337 2023 478 2081 Utensilia
489 2024 578 2080 etiem
589 2024 791 2080 multiformia.
808 2023 946 2081 calcitras
957 2028 985 2080 et
1039 2030 1133 2082 neutra
1149 2025 1331 2098 aliquorsum
1353 2026 1474 2081 evadere
1501 2027 1669 2096 potuerunt,
1697 2024 1748 2080 sed
1774 2041 1863 2080 naves

160 2113 334 2188 puluinaria.
351 2112 471 2169 Cerram
496 2129 613 2185 quoque
638 2112 763 2168 multam
779 2129 846 2169 cnm
862 2113 985 2169 sarcinis
1039 2132 1140 2171 eorum
1156 2114 1284 2170 Venetici
1312 2113 1447 2188 ingressi,
1474 2114 1721 2169 detruncaverunt
1748 2129 1861 2169 omncs.

160 2219 261 2260 secum
272 2201 364 2258 nestri
376 2203 563 2258 reduxerunt.
577 2201 710 2258 Gamales
721 2201 854 2258 videlicet
865 2203 986 2271 400,asi·
1040 2204 1109 2260 Fido
1125 2208 1203 2260 caret
1217 2205 1295 2275 qnod
1312 2202 1387 2259 ultra
1404 2202 1565 2259 humanum
1581 2202 1714 2258 anditum
1730 2201 1760 2257 in
1781 2202 1862 2258 nari-

161 2308 214 2349 nos
229 2291 417 2365 quingentos.
434 2289 568 2347 Sedecim
593 2289 674 2345 milia
699 2307 733 2345 ex
760 2290 803 2346 cis
822 2290 985 2363 praeliatum
1040 2294 1124 2349 bush
1146 2310 1193 2349 ses
1205 2292 1399 2348 occidentium
1411 2292 1555 2365 sanguine
1567 2290 1656 2346 lluido
1668 2291 1862 2363 tingerentur.

159 2384 311 2451 venerunt,
328 2396 454 2452 quorum
468 2396 518 2434 sex
528 2377 621 2434 millia
635 2379 778 2434 interlecti
795 2385 873 2435 sunt.
886 2381 925 2435 De
937 2397 987 2436 ne·
1040 2384 1140 2454 ltaque
1156 2399 1242 2438 naves
1258 2379 1360 2436 multis
1371 2385 1482 2436 onusta
1493 2379 1598 2452 opibus
1613 2379 1779 2452 capientur.
1797 2378 1864 2435 Cor·

161 2471 231 2528 stris
242 2474 339 2526 autem
356 2468 450 2541 pauci.
468 2472 545 2523 Gens
558 2467 694 2539 equidem
705 2473 804 2525 nostru
815 2474 879 2524 oeta
894 2469 987 2525 millia
1040 2471 1161 2545 poribus
1173 2470 1291 2542 quidem
1307 2474 1387 2525 extra
1397 2485 1484 2524 naves
1496 2473 1565 2524 tunc
1578 2467 1706 2540 jactetis,
1719 2485 1812 2541 usque
1827 2468 1863 2524 ad

161 2558 297 2617 estimati
306 2563 385 2626 sunt,
394 2557 444 2614 sed
453 2556 753 2629 andacesprobissimi
759 2563 800 2623 ‚et
811 2559 845 2613 ad
856 2575 987 2632 pugnan-
1041 2565 1167 2633 quatuor
1182 2558 1272 2615 millia
1286 2575 1428 2631 passuum
1444 2557 1540 2614 salum
1556 2558 1709 2613 rubescere
1737 2557 1863 2614 eircum-

163 2651 235 2706 dnm
250 2647 335 2705 ualde
349 2646 482 2712 animati,
496 2650 523 2702 et
534 2662 633 2702 amore
649 2646 700 2702 Dei
712 2646 786 2714 lreti,
803 2651 831 2702 et
842 2650 987 2703 conliden-
1041 2666 1158 2722 quaque
1173 2648 1320 2704 videretis.
1335 2647 1445 2703 Deinde
1460 2664 1528 2703 curn
1544 2646 1620 2703 ultra
1632 2647 1805 2703 Ascalonem
1816 2663 1864 2703 ex·

162 2739 205 2795 tia
219 2738 284 2809 ejus
299 2735 416 2808 penitus
432 2734 620 2791 corroborati.
1041 2737 1182 2811 ploraturi
1197 2736 1307 2808 aliquid
1333 2736 1456 2808 proficui
1482 2735 1661 2809 navigarent,
1692 2734 1793 2790 obvias
1809 2734 1865 2791 sibi

162 2854 217 2905 Sub
230 2851 346 2902 Gemini,
359 2850 458 2901 phoebo
471 2850 526 2913 μω
541 2853 605 2899 ,unc
618 2850 660 2899 bi,
674 2851 761 2900 9035„
775 2857 842 2912 opo,
1042 2830 1212 2900 repererunt
1224 2827 1352 2881 itineres
1367 2824 1439 2880 alias
1454 2825 1577 2881 dirersis
1592 2823 1740 2880 alimentis
1755 2824 1866 2880 conier-

163 2927 232 2975 Gens
245 2923 300 2974 ruit
313 2922 424 2972 infande
437 2921 543 2970 ltomiui
555 2921 652 2971 virtute
667 2923 795 2984 subarta;
1042 2929 1097 2982 tas,
1115 2915 1223 2989 quibus
1237 2915 1352 2970 inerant
1364 2913 1443 2988 ligna
1457 2912 1629 2985 proceritate
1645 2929 1762 2986 magna,
1778 2917 1807 2969 et
1821 2911 1865 2970 di·

163 2997 278 3060 (2⁰f110ra
292 3007 365 3046 ΜΟ
380 3006 494 3058 quornm
508 3005 557 3056 l‘er
571 3005 680 3054 etunl¹⁰s
694 2992 895 3057 allophylorum
1042 3009 1130 3073 recta,
1147 3008 1176 3059 et
1191 3003 1407 3075 cornponondas
1423 3002 1576 3058 machinas
1600 3001 1780 3075 spectabilia.
1797 3000 1866 3060 Illas

163 3068 243 3121 ΕΜ
258 3080 319 3125 em
332 3065 412 3130 ΝΜ
427 3064 493 3114 ⁶⁰⁰¹
510 3076 616 3128 ‘Imque
631 3066 722 3126 ¹¹⁸⁸l⁰³
734 3064 830 3115 hiem&
1043 3110 1158 3168 queque
1173 3109 1240 3149 cum
1254 3092 1445 3147 munimentis
1460 3091 1607 3164 plurimis,
1630 3091 1778 3162 etiamque
1793 3107 1865 3149 aura

473 3195 589 3252 CAPUT
608 3196 679 3252 xlx,
1002 3167 1024 3235 C
1042 3188 1071 3239 et
1081 3181 1504 3257 argente,numismatibusque
1515 3179 1617 3236 multis
1629 3198 1636 3247 ;
1650 3181 1866 3255 piquequoque

357 3289 395 3344 De
409 3287 559 3357 receptione
572 3295 677 3343 coactae
690 3289 789 3342 aucis,
1040 3277 1068 3328 ct
1083 3271 1237 3337 ciminum,
1248 3275 1277 3327 et
1288 3269 1417 3326 diversas
1428 3269 1539 3341 species
1553 3270 1811 3326 odoramentorum
1822 3269 1865 3325 di·

1040 3361 1161 3434 ripiunt.
1178 3360 1269 3415 Nares
1285 3375 1402 3431 quoqne
1417 3358 1626 3432 aliquantased
1639 3363 1748 3415 terrem
1763 3358 1864 3432 fugiti-

1039 3468 1091 3506 ves
1105 3449 1135 3505 in
1151 3449 1246 3505 littore
1262 3449 1325 3521 ipso
1341 3449 1567 3505 combusserunt
1581 3448 1651 3521 igni,
1661 3448 1711 3504 sed
1726 3453 1756 3504 et
1765 3447 1865 3521 plures

1041 3541 1169 3610 integras
1184 3536 1393 3594 Ptolemaidem
1409 3538 1602 3594 adduxerunt.
1621 3536 1788 3594 Latificavit
1811 3537 1866 3594 ita-

1041 3646 1097 3701 qrc
1112 3627 1254 3684 Dominus
1270 3626 1392 3682 clientes
1408 3643 1488 3694 snos,
1511 3631 1540 3682 et
1563 3626 1709 3683 donativis
1729 3624 1867 3697 plurimis

1041 3716 1243 3790 multiplieiter
1257 3714 1454 3788 locupletavit.

198 3403 277 3463 Bello
287 3405 384 3458 autom
394 3418 445 3473 per
456 3400 506 3457 Dei
517 3402 681 3474 potentiam
695 3402 737 3458 sic
753 3407 899 3475 snperato,
911 3405 985 3460 etad

162 3493 286 3567 gloriam
300 3490 395 3564 ipsius
410 3494 438 3544 et
465 3489 670 3546 exaltationem
694 3491 924 3560 Christianismi,
956 3497 987 3548 ut

146 3580 147 3586 '
163 3580 342 3647 dictumest,
359 3578 444 3646 lacte,
462 3593 529 3632 cum
540 3578 692 3634 [lominica
707 3596 792 3635 cruce
808 3581 945 3637 remcavit
956 3581 985 3636 in

163 3666 341 3727 Hierusalem
363 3666 537 3741 patriarcha.
552 3668 613 3732 Qua
639 3671 719 3722 extre
740 3674 854 3740 portem
870 3669 986 3726 Dauidi-

163 3774 228 3814 eem
243 3774 310 3813 cum
326 3754 454 3830 gloriosa
468 3755 653 3826 precessione
679 3761 826 3829 suscepta,
843 3763 871 3813 et
893 3776 986 3832 usqne
1502 3822 1508 3837 ,

163 3846 200 3903 ad
214 3840 368 3902 basilicam
383 3841 662 3915 Dominicisepnlcri
678 3842 836 3901 honorifice
850 3847 984 3917 deducta,
1349 3822 1465 3878 CAPUT
1488 3822 1557 3878 m·

164 3938 197 3994 Te
210 3939 296 3994 Deum
310 3935 454 3991 laudamus
464 3936 625 4000 cantantes,
637 3932 834 4007 Omnipotenq
851 3937 886 3992 de
902 3938 986 3994 bene,
1059 3913 1133 3981 Quod
1146 3913 1266 3986 papates
1280 3912 1542 3983 llicrosclymiteans
1557 3910 1623 3966 adeo
1638 3927 1691 3966 aloa
1705 3913 1741 3967 ait
1754 3911 1849 3984 despe-

163 4025 239 4082 fieiis
254 4025 317 4084 suis
331 4022 460 4080 universi
474 4021 576 4078 landos
592 4022 785 4080 reddidimus.
1171 3992 1228 4040 πω
1243 4000 1366 4055 quamv*
1383 4000 1500 4083 mem
1515 3989 1584 4039 ml
1595 3990 1729 4082 minim*

1075 4074 1201 4146 Oquam
1217 4072 1327 4128 honum
1343 4076 1372 4127 et
1385 4071 1546 4144 gloriosum
1562 4071 1736 4127 hominibus
1752 4088 1868 4144 semper

481 4147 595 4205 CAPUT
608 4147 664 4203 XX·
1039 4162 1132 4219 Deum
1147 4161 1253 4218 hebere
1268 4160 1298 4216 in
1314 4161 1493 4233 adjutorium
1510 4158 1618 4218 suum!
1635 4159 1657 4216 0
1673 4176 1763 4232 quam
1783 4161 1868 4217 besta

162 4242 200 4298 De
213 4240 329 4298 dventu
346 4240 514 4305 l'eactoram,
534 4244 560 4291 et
583 4237 679 4293 recreati
691 4238 791 4308 praelio
812 4255 906 4294 cornea
921 4256 985 4296 cerr·
1039 4267 1121 4325 ςρῃς,
1133 4253 1217 4323 cujus
1232 4254 1277 4306 est
1287 4249 1429 4305 Dominus
1441 4249 1517 4306 Deus
1528 4249 1608 4321 ejus!
1624 4249 1766 4304 Dicebant
1780 4265 1865 4322 ergo:

459 4317 501 4364 ινα
517 4307 691 4365 samm·
1039 4364 1052 4392 e
1070 4341 1188 4410 Eamus,
1205 4345 1233 4396 et
1243 4343 1359 4413 gentem
1368 4338 1565 4396 Christianam
1576 4338 1695 4394 omnine
1705 4338 1867 4394 confunde·

195 4428 264 4484 Post
272 4425 508 4484 triduumantem
518 4438 657 4495 prospero
673 4440 811 4480 successu
828 4425 868 4481 ita
887 4427 982 4498 potiti,
1039 4446 1115 4495 mus,
1132 4433 1160 4484 et
1176 4428 1348 4484 memoriam
1363 4444 1465 4482 eornm
1481 4428 1518 4483 de
1530 4432 1608 4484 terra
1623 4426 1786 4484 deleamus·
1812 4427 1866 4484 ne

160 4516 420 4574 socundirumores
430 4510 983 4572 subsecutisunt.DeVenetorumenim
998 4543 1022 4608 D
1038 4517 1190 4592 gomenim
1200 4514 1474 4585 modonenhebent,
1485 4515 1718 4588 membracepite
1730 4520 1863 4572 carent.-

159 4602 252 4660 clesse
267 4603 296 4658 in
313 4601 468 4659 Palaestina
481 4617 532 4673 per
547 4599 702 4672 plerosque
717 4604 819 4672 portus
839 4602 985 4675 applicate
1038 4608 1145 4663 Verum
1160 4606 1305 4674 dicebant,
1320 4605 1553 4677 qniaDeumnos
1566 4604 1672 4661 habere
1687 4621 1746 4661 non
1761 4605 1866 4660 crede-

160 4709 228 4749 cum
243 4690 420 4758 audivimus,
434 4689 590 4762 jucundati
615 4706 731 4745 snmus.
761 4690 820 4746 Hoc
847 4692 984 4763 equidem
1038 4697 1118 4752 hant.
1132 4695 1305 4751 Balduinnm
1314 4694 1545 4766 perdideramus,
1556 4695 1605 4750 sod
1620 4710 1716 4767 regem
1728 4692 1864 4749 omnium

160 4781 210 4837 diu
228 4779 504 4852 lamspromiserat,
521 4777 653 4850 Cumque
681 4778 739 4833 dnx
767 4777 982 4852 Veneticorurn,
1041 4786 1131 4840 Deum
1147 4782 1376 4855 assumpsimus.
1400 4782 1487 4838 Illum
1511 4783 1541 4839 in
1570 4782 1743 4839 necessitate
1765 4787 1867 4836 nostra

161 4868 212 4940 qui
226 4866 342 4940 navigio
357 4865 426 4922 huic
439 4863 671 4936 principabatur,
688 4863 873 4921 Ptolemaida
889 4866 984 4939 appli-
1040 4873 1248 4940 invocavimus,
1265 4877 1293 4928 ot
1307 4889 1358 4945 per
1373 4871 1458 4928 illum
1478 4872 1651 4928 mirabiliier
1670 4869 1867 4943 triumphari·

161 4955 280 5023 cuissst,
297 4955 465 5010 intimatum
481 4957 525 5008 esi
538 4952 564 5007 θὶ
575 4954 911 5027 statimproutgesrum
923 4957 985 5012 lue·
1041 4980 1117 5018 mus.
1135 4960 1265 5018 Forsitan
1282 4977 1339 5016 non
1360 4966 1423 5017 crat
1438 4979 1497 5027 rex,
1526 4978 1613 5033 quem
1641 4960 1713 5015 sorte
1744 4958 1868 5013 lartuitn

160 5050 207 5104 rat
219 5045 297 5118 apud
312 5045 446 5115 doppem.
463 5045 540 5096 terre
555 5040 665 5096 selllssssl
681 5045 711 5096 (tl
728 5043 813 5110 marl,
830 5048 987 5117 elquemo-
1040 5051 1272 5124 perdideramus.
1289 5049 1345 5104 Sed
1362 5049 1420 5117 hic,
1432 5051 1482 5122 qui
1496 5049 1677 5122 nupervicit,
1694 5062 1752 5102 noa
1769 5046 1866 5101 solum

161 5135 198 5192 da
213 5132 372 5206 Babylonii,
386 5133 473 5202 prout
498 5129 660 5198 vetuerant,
679 5131 795 5203 negotio
823 5149 876 5199 suo
891 5135 985 5208 exple·
1040 5146 1084 5197 ost
1098 5158 1148 5196 rox
1163 5140 1192 5194 in
1206 5137 1400 5206 Hierusalem,
1417 5139 1467 5194 sed
1484 5143 1512 5195 ct
1536 5138 1662 5195 inomni
1686 5142 1775 5192 terre.
1791 5134 1868 5190 Vere

160 5226 190 5280 te
200 5223 264 5295 jam
275 5219 355 5277 illinc
362 5218 505 5274 abierant.
522 5219 602 5284 Quod
614 5219 639 5274 si
655 5218 779 5276 celerato
795 5237 882 5278 cursu
899 5223 985 5281 vellet
1040 5230 1124 5286 lateri
1139 5245 1192 5285 nos
1203 5226 1331 5300 oportuit
1343 5228 1420 5299 quod
1432 5244 1529 5300 regem
1544 5228 1575 5283 in
1587 5223 1866 5299 praeliehabuimus‚

160 5326 210 5368 ees
224 5306 373 5382 prosequi,
389 5306 447 5363 Dec
458 5306 590 5376 juvante,
613 5306 713 5379 procul
729 5308 819 5364 dubio
835 5327 884 5367 cos
904 5329 984 5370 asse·
1039 5335 1107 5375 cum
1121 5319 1151 5373 in
1168 5316 1290 5391 negotiis
1306 5316 1415 5372 nostris
1431 5333 1488 5389 pree
1505 5317 1645 5373 omnibus
1661 5314 1745 5370 illum
1762 5311 1866 5368 antici·

159 5398 211 5470 qui
219 5400 327 5471 posset.
338 5394 531 5467 Qui,ccusilio
548 5396 711 5452 navitarum
725 5398 826 5454 statim
841 5400 982 5474 adhibito,
1038 5407 1214 5481 paverimus.
1231 5406 1281 5460 Hic
1296 5404 1374 5459 enim
1388 5410 1684 5479 praesteestsomper‚
1696 5407 1865 5475 cipressus

158 5485 265 5545 hilaria
278 5484 462 5561 navigatione
475 5483 709 5555 adhibita,nnam
723 5487 831 5562 navigii
849 5491 905 5547 sui.
922 5509 985 5565 par·
1037 5497 1176 5553 omnihus
1191 5494 1240 5568 qui
1252 5493 1478 5552 invocentillnm
1494 5495 1524 5552 in
1539 5488 1659 5553 veritate
1675 5492 1760 5567 (Psoi.
1771 5507 1864 5548 cxciv.

158 5578 229 5652 tem,
243 5575 274 5638 ia
296 5591 355 5653 que
368 5575 432 5653 ipse
444 5575 505 5635 dux
518 5577 590 5647 erat,
606 5592 708 5635 versas
730 5576 856 5652 deppam
874 5581 983 5658 emisit,
1039 5588 1092 5664 18).
1109 5587 1227 5643 Viderat
1242 5582 1320 5641 enim
1337 5600 1391 5642 noe
1406 5584 1438 5642 in
1467 5585 1633 5644 humilitate
1662 5585 1766 5640 nostra
1779 5579 1864 5639 valde
