3816 6006
59 207 119 293 tas
737 223 862 285 casm
884 222 1093 284 annonam.

60 358 206 418 Tancredi
221 355 415 413 familiaribus
431 357 635 427 accenditque
647 354 727 410 nullo
744 354 887 411 suitbeni-
900 357 928 422 Α
941 354 1123 427 indignatus.
1140 352 1345 407 Verumtamen
1362 350 1511 423 qnoniam.

58 448 147 522 gnior
161 446 311 512 dominus,
325 459 410 501 nemo
426 443 542 516 largior·
560 461 645 500 nemo
661 448 720 499 tam
737 442 862 500 blandus
879 457 885 498 :
941 444 987 498 Est
1000 443 1118 515 prr-odom
1130 441 1242 515 prodire
1257 449 1346 507 tenua
1361 443 1387 497 si
1400 458 1453 497 aon
1470 441 1551 496 datur
1565 443 1648 507 ultro,

59 536 141 602 huic,
156 537 288 607 inquam,
303 532 505 591 vehementius
530 532 662 599 instanti,
679 531 767 587 tacita
780 531 822 587 sic
842 548 887 586 re·
1320 548 1327 570 ·
1532 530 1639 586 Henna.

59 624 322 698 spondebatmens
338 637 423 678 mea:
441 622 519 693 quod
544 620 727 694 polianicus,
744 620 768 675 si
784 637 885 692 super·
939 619 1008 676 licet
1035 619 1216 693 incomptam
1250 636 1322 675 rem.
1340 660 1346 674 .
1365 661 1371 673 .
1390 662 1396 674 .
1415 659 1421 673 .
1439 619 1474 674 ad
1508 624 1639 690 posteros
1666 623 1765 676 trans-

58 709 282 784 iuero‚accipies
296 707 429 782 sepultus
439 725 445 764 :
456 725 513 764 non
528 713 556 765 ta
570 708 696 764 landabo
711 707 741 763 in
756 706 885 776 vitatum
940 709 1055 765 mittam
1072 726 1078 763 ε
1095 708 1363 780 ornabitauguror,
1380 708 1505 779 benigna
1520 707 1675 779 posteritas
1686 707 1764 781 qnod

58 801 188 858 landabo
203 804 269 873 post
283 798 615 872 mortemmagnitrcabo
626 803 693 870 post
702 815 887 854 consumma·
940 797 1071 854 hodierni
1084 797 1252 854 inornatum
1263 796 1334 852 mihi
1343 795 1618 868 reliquerunt..Unde
1627 795 1762 864 invicem,

57 890 191 947 tionem:
210 886 884 960 tuncenimnequelaudatusmeqnelaudans,
939 885 1070 953 elector,
1088 887 1240 953 debemus,
1257 902 1310 959 ego
1335 885 1387 940 tibi
1419 884 1600 958 supplicare;
1622 889 1653 941 tu
1681 885 1764 959 igno·

58 984 109 1036 aut
124 980 157 1036 in
170 977 326 1035 elationem
342 977 500 1049 surgit,aut
516 975 624 1032 corruit
635 976 664 1031 in
674 975 883 1032 adulationem.
940 992 1019 1032 scere
1034 975 1117 1042 mihi,
1130 976 1208 1048 quod
1224 992 1303 1030 nunc
1313 976 1417 1045 ‚jejuna
1431 973 1619 1040 orati0,nunc
1634 974 1763 1048 pinguis,

58 1069 147 1126 Porro
162 1066 280 1124 invidus
294 1066 412 1132 tacebit,
428 1065 612 1121 obmutescet
627 1080 758 1132 susurro,
774 1081 842 1120 cum
858 1068 885 1121 te
939 1068 972 1119 ut
987 1064 1079 1132 aiunt,
1093 1064 1221 1121 Minerva
1237 1080 1254 1118 a
1269 1080 1329 1118 sura
1344 1066 1420 1118 l'astu
1437 1062 1564 1117 materiae
1580 1062 1665 1136 longe
1678 1064 1764 1135 dege·

56 1157 213 1224 exstincto,
230 1172 353 1212 munera
367 1154 534 1222 cessabunt,
558 1150 665 1225 quihus
689 1169 767 1208 nunc
791 1153 884 1209 inces-
939 1154 1050 1208 neravit
1066 1170 1073 1208 :
1090 1154 1199 1226 quippe
1214 1169 1280 1208 cuni
1300 1152 1360 1206 lraec
1383 1150 1430 1206 vix
1454 1151 1581 1207 Maronis
1597 1151 1765 1225 pertingant

57 1252 161 1304 santsr
184 1263 203 1302 a
224 1244 383 1318 superstite
399 1247 597 1308 muneratum,
613 1258 763 1298 venenosae
778 1240 885 1314 linguai
938 1241 1072 1306 vertices,
1095 1241 1161 1297 illas
1186 1242 1274 1297 terme
1299 1239 1412 1295 inutilis
1436 1238 1538 1312 lingua
1561 1239 1697 1297 balbutit.
1719 1242 1785 1296 Ma'

56 1335 226 1392 fabularum
241 1350 288 1389 me
299 1331 479 1389 venditorem
491 1331 763 1401 circumagerentte
777 1334 887 1402 empto·
939 1331 1057 1402 quidem
1074 1331 1101 1385 in
1115 1330 1168 1386 hac
1185 1334 1266 1401 parto
1281 1329 1374 1384 santio
1390 1328 1540 1384 infirmum
1558 1346 1564 1383 :
1581 1329 1630 1384 sed
1643 1330 1762 1400 doejus,

56 1441 129 1480 rem.
148 1424 230 1480 Hanc
243 1421 398 1495 igitur,sed
413 1425 443 1476 ct
458 1419 544 1475 aliam
560 1419 664 1474 hahuit
677 1436 795 1474 causam
812 1419 885 1475 dila·
940 1419 968 1474 id
983 1425 1028 1475 est
1043 1420 1149 1474 Christi
1167 1419 1304 1474 tirnritate
1319 1424 1399 1474 totns
1414 1420 1535 1490 pendeo,
1553 1420 1638 1490 cnjus
1655 1418 1764 1474 vexilli-

56 1513 120 1570 tio:
140 1512 219 1585 qaod
237 1511 311 1568 meis
335 1510 398 1582 ipsa
422 1508 532 1564 viribus
550 1508 697 1573 diffidens,
711 1507 827 1564 interim
842 1525 887 1563 ex·
939 1509 1033 1564 lerum
1049 1514 1077 1564 et
1092 1508 1258 1581 triumphos
1274 1507 1438 1563 describere
1452 1505 1586 1575 intendo;
1604 1524 1621 1563 a
1644 1523 1702 1580 qno
1718 1524 1763 1563 se-

55 1602 240 1674 spcctabam,
256 1599 280 1655 si
297 1598 364 1672 quis
377 1599 413 1654 ad
426 1598 488 1654 hac
503 1596 637 1653 solertior
650 1596 803 1668 stylumsi
819 1597 886 1668 quis
939 1598 1068 1653 cundum
1090 1597 1162 1670 elegi
1185 1604 1224 1662 te,
1240 1596 1370 1663 Amulio,
1395 1595 1560 1667 patriarcha
1582 1597 1761 1664 doctissime,

56 1688 203 1746 Tancredi
219 1688 392 1743 muneribus
407 1685 563 1758 obligatior
577 1684 819 1740 anhelarethlios
834 1703 885 1740 an·
939 1686 1103 1753 doctorem;
1120 1685 1170 1758 qni
1180 1685 1293 1757 pagina
1305 1701 1375 1740 mera
1387 1685 1536 1756 superllna
1547 1685 1763 1752 reseces,rimas

54 1784 113 1834 tem
132 1775 293 1850 negligere,
306 1775 379 1831 alios
393 1777 518 1847 torpere,
535 1772 619 1840 alios,
637 1772 709 1844 proh
725 1772 821 1829 nelast
839 1790 884 1830 re·
900 1732 924 1798 B
939 1774 1073 1847 impleas,
1089 1775 1214 1832 obscura
1229 1773 1369 1841 illustres,
1385 1774 1468 1830 arida
1482 1774 1764 1847 superfundssznul·

55 1869 108 1923 niti
135 1864 286 1938 comperio
308 1879 493 1921 susurrones.
517 1861 615 1934 Papael
640 1862 689 1918 ubi
715 1862 884 1931 reverentia,
937 1862 997 1920 tius
1012 1863 1120 1920 etenim
1136 1863 1265 1920 liberalis
1281 1863 1408 1920 scientim
1424 1868 1452 1920 te
1467 1863 1657 1937 cognovimus
1678 1881 1763 1921 exor-

55 1957 103 2012 ubi
117 1956 253 2022 libertas,
270 1953 322 2010 ubi
337 1968 470 2018 munera,
487 1949 538 2005 ubi
553 1949 639 2006 toties
653 1948 702 2006 ille
717 1950 884 2023 principum
939 1956 1008 2019 tem,
1025 1953 1185 2025 prasertim
1203 1950 1315 2008 mellita
1335 1952 1407 2006 mihi
1432 1952 1488 2008 erIt
1514 1968 1694 2026 quecunque
1709 1953 1764 2011 erit

52 2046 143 2101 decus
158 2044 301 2100 obscuros
315 2038 625 2107 illustravit,ohnoxios
639 2038 772 2104 absolvit,
783 2039 885 2111 inopes
938 2041 1079 2097 correctio
1093 2045 1154 2106 tna,
1171 2041 1194 2096 si
1211 2058 1299 2112 quem
1319 2041 1440 2097 sortitus
1465 2058 1532 2097 sum
1557 2046 1763 2115 praeceptorem

53 2133 80 2189 di
124 2133 175 2189 'iti
191 2131 263 2187 Mihi
278 2147 347 2201 ergo
362 2128 495 2185 relictum
517 2128 632 2200 suscepi
654 2126 784 2183 laborem
802 2144 808 2183 :
826 2146 883 2184 non
939 2147 1011 2202 puer
1020 2132 1170 2200 juvenem,
1187 2147 1264 2185 nunc
1281 2146 1396 2202 quoque
1411 2136 1601 2188 correctorem
1618 2136 1645 2187 te
1668 2132 1763 2204 impc-

52 2139 153 2294 ntme
162 2224 301 2291 suscepto
312 2217 486 2290 dignusscd
500 2216 570 2288 quia
580 2215 661 2288 digni
673 2214 822 2288 dedignari
830 2223 878 2271 tur
938 2221 1051 2275 travero
1065 2220 1109 2274 vir
1122 2235 1233 2275 senem.
1576 2216 1581 2225 ’

449 2541 654 2629 INCIPIT
683 2538 1024 2630 TANCREDUS
1061 2541 1365 2632 nhnULrHt.

284 2746 306 2803 1.
324 2778 357 2789 -
376 2746 506 2803 tancredi
519 2754 656 2819 parentes.
898 2746 1038 2814 Ghostcm
1053 2746 1210 2818 feriendum
1234 2763 1300 2814 esse,
1327 2764 1382 2803 aon
1405 2747 1564 2803 rodendum.
1580 2748 1621 2804 De
1647 2764 1678 2804 ss
1702 2747 1766 2820 ipsc

89 2838 265 2894 Tancrcdus
293 2836 377 2891 claras
407 2834 509 2908 stirpis
537 2851 657 2908 germen
673 2833 882 2903 clarissimum,
938 2834 1011 2890 nihil
1027 2835 1132 2901 dicere,
1148 2840 1179 2891 at
1193 2835 1249 2891 dici
1266 2835 1473 2892 insatiabiliter
1494 2836 1767 2910 sitiebat:pr0inde

56 2932 194 3000 parentes
214 2924 337 2982 eximios
348 2922 526 2979 Marchisum
542 2923 647 2980 habuit
661 2929 689 2980 et
702 2924 836 2979 Emmam
853 2937 883 2978 :z
938 2939 1058 2979 somnos
1075 2923 1193 2996 vigiliis,
1214 2924 1342 2997 quictem
1365 2924 1469 2990 labori,
1494 2925 1658 2980 satietatem
1685 2925 1764 2995 tami,

56 3022 137 3090 patre
164 3015 286 3088 quidem
315 3013 394 3069 haud
424 3011 562 3085 ignobilis
588 3010 676 3077 filins,
699 3029 717 3068 a
744 3011 885 3068 maternis
938 3011 1031 3067 otium
1048 3012 1307 3085 studio,postrem0
1322 3013 1580 3086 superfluaomnin
1594 3014 1766 3071 necessariis

56 3110 155 3161 autem
173 3102 315 3159 tratribus
330 3117 421 3174 nepos
432 3099 885 3173 longesubhmiormamcaetera
939 3103 1141 3173 postponebat.
1159 3101 1226 3158 Sola
1249 3107 1312 3158 erat
1336 3100 1433 3158 laudis
1454 3101 1556 3174 gloria,
1573 3120 1637 3174 qnae
1648 3102 1767 3173 juvenis

55 3193 173 3250 familias
189 3190 271 3247 illius
286 3189 489 3264 praedecessm,
505 3207 522 3244 a
535 3188 716 3245 contermina
731 3186 802 3245 sutis
821 3203 885 3243 esse
940 3195 1068 3245 mentem
1084 3190 1216 3263 agitaret,
1227 3193 1313 3261 cujus
1324 3191 1511 3262 quotidianos
1526 3191 1682 3247 mercanda
1696 3191 1766 3248 titu-

54 3279 269 3340 duxittaudari
282 3279 403 3348 vicinia;
429 3278 532 3333 matris
556 3294 622 3334 vero
646 3278 751 3333 tratres
774 3275 885 3332 militiai
938 3277 992 3347 los,
1009 3279 1124 3334 facilem
1137 3279 1229 3335 crebri
1247 3279 1375 3335 vulneris
1391 3279 1517 3336 ducebat
1527 3281 1676 3350 jacturam
1694 3297 1701 3335 :
1718 3296 1766 3336 eo·

54 3389 114 3427 sua
128 3370 258 3444 gloriam
281 3372 363 3425 extra
387 3384 535 3440 supraque
559 3366 696 3439 patriam,
713 3366 741 3422 id
757 3372 802 3422 est
817 3365 887 3420 Nor·
940 3384 997 3439 que
1012 3384 1064 3423 nec
1079 3384 1131 3424 suo
1147 3369 1284 3439 parcebat
1299 3369 1447 3442 sanguini,
1465 3385 1517 3425 nec
1534 3367 1632 3424 hostili
1649 3368 1766 3441 :dispu-

55 3460 221 3525 manniam,
236 3457 414 3514 extulerunt.
431 3455 501 3522 Quis
523 3456 602 3512 enim
618 3455 760 3512 wiscardi
785 3454 885 3527 probi·
939 3457 1022 3512 tabat
1047 3474 1147 3513 secum
1171 3455 1201 3512 in
1224 3457 1287 3513 dies
1311 3458 1429 3521 animus
1445 3458 1585 3530 prudens,
1602 3473 1694 3529 eaque
1710 3459 1766 3513 trs·

53 3553 145 3605 tatem
162 3565 223 3603 non
239 3547 352 3619 pmbet,
369 3546 455 3617 cujus
479 3543 565 3618 signa
588 3546 642 3600 sub
659 3562 728 3610 uno,
744 3548 776 3599 ut
792 3543 885 3609 aiunt,
940 3544 1075 3617 quentior
1090 3562 1157 3601 eum
1173 3546 1317 3617 coquebat
1332 3548 1473 3613 anxietas,
1491 3546 1568 3619 quod
1585 3545 1695 3602 militiae
1706 3563 1766 3602 sua

56 3638 101 3693 die
117 3638 240 3694 Graecus
261 3634 501 3708 alemannusque
529 3633 687 3705 imperator
703 3637 887 3690 tremuerunt
941 3634 1101 3691 certamina
1115 3640 1257 3706 praecepto
1272 3636 1389 3691 videbat
1404 3635 1521 3691 abutare
1537 3634 1682 3691 dominico
1695 3652 1701 3690 :
1715 3636 1769 3691 Do·

57 3724 209 3781 victricia?
226 3725 350 3780 Romam
373 3739 501 3796 namque
521 3739 659 3795 praesens,
675 3721 887 3778 absshlemanno
941 3723 1040 3779 minus
1055 3723 1163 3795 quippe
1178 3723 1328 3779 maxillam
1345 3741 1517 3796 percussum
1529 3725 1664 3796 jubet,et
1678 3723 1769 3780 alium

59 3813 202 3871 liberavit.
220 3813 386 3870 Graecorum
399 3816 509 3879 autem,
521 3811 550 3865 in
568 3811 599 3878 B,
616 3810 696 3882 prole
710 3809 814 3866 bellica
827 3811 888 3866 vin·
941 3810 1106 3885 percussori
1122 3811 1265 3883 praebem3
1282 3812 1387 3868 militia
1401 3830 1469 3869 vcro
1485 3811 1628 3881 saeculari,
1645 3830 1698 3869 nec
1723 3830 1771 3869 co·

59 3904 152 3961 cende
180 3919 289 3975 regem,
316 3899 484 3974 subjugavit
508 3898 656 3971 regionem
675 3916 682 3954 ε
702 3898 806 3971 reliqui
822 3915 888 3956 vero
943 3904 1030 3973 gnato
1041 3900 1179 3972 sanguini
1189 3917 1323 3972 parcere:
1334 3901 1476 3958 Dominus
1487 3901 1617 3958 tunicam
1628 3901 1771 3958 auferenti

60 3994 168 4049 tratres
183 4006 307 4046 numero
332 3991 375 4045 11.
401 3986 602 4060 Campaniam,
619 3986 794 4057 Calabriam,
809 3989 889 4059 Apu·
943 3989 1071 4044 dandam
1082 3993 1188 4058 essaei
1203 3989 1341 4061 penulam
1356 3991 1509 4059 admonet;
1526 3989 1637 4047 militiae
1649 3989 1773 4047 necessi·

59 4080 131 4138 liam
145 4078 277 4136 contenti
291 4077 446 4134 debellare.
463 4075 659 4148 Excipiendus
675 4079 720 4131 est
736 4075 887 4149 Rogerius,
904 4111 928 4175 D
943 4082 988 4134 tas
1004 4078 1147 4135 ambabus
1163 4078 1286 4150 spoliato
1303 4078 1416 4151 reliqua
1439 4097 1504 4152 quai
1528 4084 1688 4153 supersunt
1708 4096 1773 4136 esse

60 4173 108 4226 cui
123 4169 250 4226 subacta
262 4166 413 4240 gentilitas
428 4165 537 4233 Sicula,
553 4163 678 4238 gloriam
689 4164 801 4237 peperit
816 4166 891 4221 inter
944 4168 1112 4224 auferenda.
1129 4167 1194 4223 llaec
1210 4168 1307 4240 itaque
1324 4169 1527 4241 repugnantia,
1545 4171 1569 4225 si
1585 4169 1702 4242 quando
1725 4169 1773 4224 in·

61 4261 170 4316 tratres
184 4257 361 4314 aWiscarda
376 4255 535 4312 secundam
551 4271 557 4309 :
576 4254 626 4310 sed
643 4253 672 4309 in
689 4253 734 4309 his
751 4271 807 4310 non
824 4254 891 4310 diu·
946 4255 1061 4312 dultum
1077 4255 1281 4329 estindulgere
1292 4256 1539 4330 quieti,sapientis
1550 4257 1603 4313 viri
1616 4258 1772 4314 audaciam

60 4349 121 4404 tius
136 4363 187 4404 mc
203 4345 276 4401 sinit
290 4344 440 4401 immorari
456 4345 558 4401 eadem
574 4360 637 4416 quae
653 4343 683 4399 in
699 4342 753 4399 has
769 4360 815 4398 me
836 4343 891 4399 im·
945 4345 1087 4417 sapiebat.
1103 4347 1139 4399 At
1153 4349 1307 4417 postquam
1325 4345 1433 4400 Urbani
1449 4363 1530 4418 papa
1547 4347 1691 4402 sententia
1706 4344 1772 4401 uni·

61 4438 146 4494 misit
158 4452 258 4491 moras
273 4433 412 4491 narratio.
944 4433 1036 4490 versis
1049 4433 1281 4489 Christianorum
1290 4432 1412 4506 gentilia
1420 4435 1632 4507 expugnaturis
1643 4438 1773 4506 peccato-

62 4546 148 4616 ηιμ-α
176 4541 307 4598 samu
329 4539 451 4607 indm,-
475 4539 509 4595 ap
536 4540 637 4595 penum
659 4555 769 4595 ,amm
788 4554 817 4594 ,50
840 4537 893 4594 dis.
946 4540 1012 4580 rum
1027 4521 1159 4579 omnium
1176 4521 1377 4578 remissionem
1389 4521 1527 4594 ascripsit
1544 4540 1550 4578 :
1568 4528 1638 4578 tunc
1652 4523 1771 4579 demum

434 4612 523 4684 ponit.
947 4611 1031 4685 quasi
1055 4611 1141 4683 sopiti
1165 4609 1246 4683 prius
1271 4615 1438 4683 experrecta
1463 4616 1509 4667 est
1531 4610 1585 4666 riri
1601 4611 1771 4680 strenuitas,

99 4705 188 4762 Nunc
201 4702 286 4758 redeo
301 4701 338 4757 ad
353 4700 538 4757 Tsncredum
556 4715 562 4753 :
578 4698 675 4771 ipsum
698 4703 892 4771 neopaternae
946 4702 1206 4772 viresassumptae‚
1223 4699 1299 4756 oculi
1329 4699 1431 4772 aperti,
1458 4700 1582 4756 audacia
1605 4698 1771 4773 geminata:

65 4810 136 4866 opes
147 4791 187 4848 ad
198 4789 415 4858 lasciviam,nec
427 4789 463 4844 ad
479 4787 646 4860 superbiam
662 4787 749 4843 traxit
764 4787 895 4859 potentia
947 4789 1029 4863 prius
1042 4805 1180 4860 namque,
1197 4792 1228 4843 ut
1243 4788 1444 4860 prescriptum
1462 4794 1517 4857 est,
1534 4788 1651 4845 animus
1661 4790 1728 4859 ejus
1742 4786 1773 4843 in

66 4887 272 4955 cognatorum.
296 4878 399 4934 Adhuc
424 4876 593 4934 adolescens
614 4877 737 4947 juvenes
765 4876 894 4949 agilitate
947 4879 1058 4936 bivium
1072 4878 1228 4935 secabatur
1237 4877 1395 4949 ambiguus
1408 4876 1776 4951 utriussequereturvesti·

67 4985 231 5037 armorum,
248 4984 364 5023 morum
378 4966 518 5039 grauitate
539 4982 625 5022 senes
645 4965 869 5021 transcendebat
886 4982 893 5020 ι
948 4968 1010 5043 gia,
1026 4967 1177 5041 evangelii,
1194 4984 1233 5023 an
1249 4967 1352 5022 mundi
1369 4984 1376 5023 :
1393 4967 1574 5039 experientia
1596 4984 1663 5023 vero
1679 4983 1776 5023 armo·

67 5075 147 5115 nunc
172 5056 230 5125 his,
245 5072 324 5112 nunc
339 5053 398 5111 illis
412 5072 519 5111 novum
541 5052 659 5109 virtutis
683 5053 892 5125 spectaculum.
949 5075 1013 5114 rum
1030 5058 1065 5112 ad
1081 5056 1186 5112 Christi
1200 5056 1374 5127 obsequium
1390 5063 1628 5129 revocata,supra
1640 5056 1777 5113 credibile

66 5149 181 5205 Extunc
196 5148 406 5219 praceptorum
421 5143 472 5199 Dei
488 5142 610 5200 sedulus
625 5141 751 5214 auditor,
768 5160 897 5199 summo·
949 5145 1044 5202 virum
1059 5143 1193 5200 accendit
1208 5143 1353 5198 militandi
1371 5144 1521 5215 duplicata
1545 5144 1669 5201 occasio.
1687 5145 1779 5218 lgitur

66 5253 136 5311 pere
150 5233 290 5292 studebat
304 5236 333 5289 et
345 5232 446 5288 audita
456 5231 664 5304 recolligere,et
679 5237 822 5303 quantum
836 5250 897 5305 per·
950 5234 1018 5289 data
1032 5229 1207 5288 commeatui
1229 5246 1328 5301 opera,
1344 5230 1423 5285 brevi
1446 5248 1510 5303 quae
1535 5231 1699 5287 necessaria
1710 5233 1780 5288 sunt

66 5325 205 5382 mittebat
219 5338 381 5379 coecorum
396 5319 588 5388 conversatio,
598 5318 750 5375 recollecta
763 5319 895 5394 implere,
951 5328 1052 5395 parata
1067 5325 1136 5377 sunt
1151 5336 1158 5375 :
1176 5334 1228 5374 nec
1245 5335 1369 5390 magnas
1384 5319 1505 5391 quidem
1520 5337 1662 5393 expensas
1685 5319 1780 5392 coegit

66 5412 179 5472 nemini
194 5411 358 5479 detrahere,
384 5409 474 5466 ctiam
501 5425 569 5465 cum
596 5407 653 5465 sibi
677 5408 895 5476 detrahebatur,
951 5411 1037 5467 hoino
1054 5408 1104 5483 qui
1120 5407 1149 5463 in
1165 5423 1275 5463 morem
1293 5425 1311 5462 a
1325 5424 1415 5480 puero
1432 5409 1553 5465 duxerat
1564 5413 1778 5481 resantequam

65 5501 257 5587 dignabatur.
272 5499 332 5562 imo
345 5498 466 5561 besica
480 5495 663 5561 sucnuitatis
677 5497 894 5574 praemittebat,
950 5499 1087 5563 venirent
1100 5496 1131 5559 in
1146 5512 1245 5572 suum,
1261 5494 1354 5574 injus
1369 5497 1521 5558 traducere
1536 5497 1665 5558 alienum
1676 5513 1684 5556 ε
1696 5513 1780 5562 arms
