3816 6006
162 240 240 305 loos
662 234 861 297 sonuum.
879 234 1134 299 -nlnuurm
1155 211 1370 299 tirrannus.x
1466 238 1468 243 ’
1790 236 1864 300 ssa

162 379 264 442 mator,
282 374 311 430 in
325 370 434 428 domino
463 367 599 440 glorietur
626 386 655 426 se
667 369 802 425 mandam
825 370 926 427 babere
939 384 986 426 cor
999 369 1027 438 Α
1041 369 1419 429 etabominatiouessuasin
1427 372 1584 444 conspectu
1591 370 1736 428 tremendi
1744 372 1864 444 judicis,

162 467 188 539 (l
199 467 259 522 Cor.
273 463 304 535 1.)
1041 466 1069 517 et
1084 461 1265 534 angelorum,
1281 465 1310 517 et
1324 460 1457 517 omnium
1474 459 1781 518 sanctorumviderint
1792 479 1866 519 reve·

199 553 338 627 Sequitur
352 569 420 625 pars
435 551 529 619 tertia,
546 550 575 605 in
592 567 711 622 quanos
723 549 857 623 prohibet
868 549 986 622 Aposto-
1041 551 1104 608 lari.
1121 552 1162 607 Ne
1176 552 1276 624 igitur,
1294 552 1408 622 iratres,
1423 549 1473 606 illo
1489 555 1551 606 tam
1576 567 1683 624 magua
1708 554 1737 606 et
1762 555 1867 609 eterno

164 643 211 700 lus
223 641 367 713 judicare.
384 641 452 696 Tria
465 643 545 706 sunt,
562 639 665 693 iratres
682 638 748 706 mei,
767 639 802 694 de
818 637 987 710 quibusnec
1041 640 1152 714 pudore
1162 639 1350 706 erubescatis,
1363 640 1524 696 erubescite
1536 655 1623 703 nunc,
1634 644 1662 695 ct
1672 641 1866 714 paenitemini,

165 732 306 788 debemus
322 748 374 786 nec
388 744 545 800 possumus
551 727 684 798 judicare
699 744 705 783 :
722 728 762 782 De
777 727 866 783 dubio
878 726 988 783 scilicet
1041 734 1070 785 et
1083 744 1146 801 qaae
1159 729 1252 785 dicitis
1268 731 1298 784 in
1312 729 1439 786 cordibns
1453 737 1478 784 et
1495 728 1672 784 meabilibus
1685 732 1786 785 vestris
1800 747 1866 786 com-

164 821 251 886 iacto,
267 820 302 875 de
317 817 407 873 dubia
422 816 593 885 intentione,
612 818 647 871 de
663 816 751 872 dubio
775 817 841 872 fine.
858 816 987 872 Dubium
1039 820 1199 890 pungimini
1213 820 1298 887 (Psoi.
1315 818 1362 889 ιν.)
1379 819 1459 873 Tunc
1474 817 1562 875 etiam
1577 823 1696 874 econtra
1710 819 1867 876 omnisho-

164 909 275 965 lactum
290 911 335 963 est
349 907 467 977 quando
484 922 541 960 nou
557 921 622 960 vere
637 905 748 961 scimus
760 922 795 960 an
808 905 873 977 quis
889 903 988 961 lecerit
1042 924 1080 963 na
1095 925 1182 980 opera
1198 912 1378 976 sanctorum,
1395 924 1460 980 qua
1477 924 1528 979 pro
1544 896 1712 964 bumilitate
1735 908 1814 964 clam
1831 911 1866 965 la·

165 996 283 1069 aliquod
300 997 421 1051 lactum.
439 994 533 1049 Dubia
549 993 670 1049 intent-io
686 999 730 1050 est
745 995 862 1066 quando
877 994 987 1050 scimus
1042 997 1167 1064 ciebant,
1183 1001 1212 1051 et
1226 995 1314 1051 etiam
1329 1011 1432 1051 omncs
1442 1011 1544 1050 eorum
1556 995 1867 1068 bonavolunlatespe

163 1083 649 1156 esselactum,sedquaintentione
660 1084 769 1138 lactum
780 1083 817 1139 sit
829 1082 987 1148 nescimus,
1042 1086 1147 1141 tabunt
1160 1085 1196 1140 ad
1213 1084 1331 1140 laudem
1341 1087 1370 1140 et
1385 1084 1509 1157 gloriam
1526 1100 1637 1140 eorum.
1655 1084 1739 1142 Unde
1754 1088 1786 1140 at
1801 1087 1867 1142 sub-

164 1171 986 1248 utquandovidemusaliquemloquicumuxorealterius.
1043 1173 1142 1230 ditur:
1158 1175 1191 1230 tn
1206 1182 1270 1229 tanc
1281 1175 1342 1229 lacn
1357 1173 1410 1229 erit
1419 1173 1569 1246 anianique
1577 1174 1725 1229 electorum
1740 1175 1866 1243 (Uelleo.

163 1265 278 1322 Dubius
295 1263 363 1318 finis
379 1267 423 1318 ast
438 1267 471 1316 ut
486 1262 603 1333 quando
620 1261 730 1316 scimus
743 1278 807 1317 esse
823 1262 942 1330 lactum,
961 1266 989 1317 et
1044 1265 1111 1330 Qun
1126 1264 1204 1318 enim
1220 1265 1315 1335 maj0r
1329 1263 1405 1329 laus,
1417 1263 1511 1333 major
1521 1261 1758 1336 honoretgloria
1769 1263 1868 1336 poterit

163 1352 242 1409 mala
256 1351 417 1406 intentione
435 1350 543 1405 lactum
560 1365 635 1415 esse,
646 1350 696 1404 sed
709 1354 807 1405 tamen
819 1349 989 1423 ignoramus
1043 1369 1117 1419 esse,
1136 1368 1225 1424 quam
1241 1352 1357 1423 quaudo
1372 1350 1447 1407 servi
1469 1351 1693 1407 vocabunturet
1721 1351 1795 1408 irent
1810 1351 1866 1421 dlii,

164 1460 202 1499 an
221 1437 988 1511 sitindealiquisdamnandus,velveniamperpoe·
1044 1442 1163 1515 quando
1187 1441 1293 1496 terreni
1324 1441 1393 1497 lient
1421 1438 1560 1515 caelestes,
1591 1440 1712 1512 quaudo
1739 1440 1868 1497 homines

165 1530 537 1585 nitentiamconsecuturus
547 1544 553 1583 :
564 1528 595 1582 in
606 1527 859 1599 quibusomnibus
869 1532 991 1583 temera·
1045 1532 1116 1587 fient
1131 1529 1182 1599 dii,
1196 1531 1313 1603 quando
1329 1529 1547 1600 benedicentur,
1558 1532 1587 1585 et
1600 1528 1829 1587 honorabuntur
1845 1535 1870 1587 et

79 1673 81 1677 ,
165 1617 990 1690 riumjudiciumcaveredebemuszlltsietiamhancin
1045 1619 1322 1693 glorificabuntura
1346 1618 1445 1674 (licina
1472 1619 1634 1691 majestate.
1660 1618 1722 1674 Nos
1745 1619 1869 1686 interim,

165 1709 294 1782 pejorem
310 1711 422 1780 partem
439 1706 533 1779 magis
549 1705 694 1762 declinare
710 1705 873 1777 videantur,
892 1711 990 1761 tamen
1046 1711 1160 1776 iratres,
1179 1708 1377 1781 turpitudines
1393 1712 1508 1763 nostras
1519 1705 1667 1780 lacrymis,
1681 1707 1869 1765 contessioni·

165 1814 219 1853 nos
234 1797 263 1851 in
280 1794 384 1852 molius
398 1795 622 1851 estimationem
638 1800 768 1851 nostram
784 1800 893 1852 vertere
904 1796 990 1851 debe·
1045 1798 1111 1864 bus,
1128 1797 1320 1864 orationibus,
1336 1796 1529 1870 eleemosynis
1545 1800 1709 1870 tergamus.
1731 1798 1870 1863 Quoniam

166 1903 244 1941 mus.
262 1885 344 1941 Unde
359 1883 515 1957 Apostolus
532 1902 538 1939 :
558 1887 594 1940 ln
609 1888 672 1956 qais
686 1902 713 1940 es
729 1888 777 1957 qni
787 1885 898 1957 judicas
921 1887 989 1941 atie·
1045 1888 1095 1960 qui
1111 1886 1165 1942 hoc
1181 1885 1341 1954 iaciunt,et
1356 1885 1380 1941 si
1397 1901 1453 1941 non
1470 1885 1530 1942 sint
1545 1885 1581 1940 de
1590 1886 1732 1958 perlectis
1743 1887 1794 1961 qui
1800 1886 1871 1959 judi·

165 1973 380 2031 nttmseronm?
395 1974 449 2029 Suo
464 1974 652 2041 dominandi,
668 1982 719 2030 ant
739 1975 821 2030 eadit.
838 1976 926 2031 Stabit
939 1990 990 2030 na·
1036 1965 1162 2043 cabant,
1178 1980 1276 2031 tamen
1292 1979 1378 2030 erunt
1393 1974 1481 2042 beati,
1498 1974 1639 2046 quoniam
1662 1977 1745 2032 Beati
1761 1992 1871 2050 qaorum

166 2072 229 2131 tein,
244 2071 338 2136 potens
353 2071 391 2119 est
405 2065 481 2119 enim
496 2067 571 2119 Dens
585 2071 704 2119 statuere
720 2064 800 2118 illam
816 2063 902 2134 (ltom.
921 2064 990 2136 inv.)
1044 2067 1168 2123 remissa}
1182 2073 1246 2122 sant
1260 2066 1421 2136 iniquitates
1434 2071 1460 2120 et
1473 2079 1591 2135 quoram
1605 2071 1675 2120 tecta
1685 2073 1754 2121 sant
1766 2074 1870 2138 peccota

166 2153 196 2209 Si
210 2152 291 2208 vides
307 2151 604 2224 presbyterumloqui
617 2168 684 2206 cum
698 2169 784 2208 uxore
795 2151 931 2224 alicujus,
944 2153 990 2209 dio
1045 2156 1131 2228 (Psoi.
1146 2159 1235 2225 xxxi.)
1245 2156 1333 2211 Tecta
1348 2154 1412 2209 dico
1428 2170 1464 2209 ue
1476 2152 1632 2209 videantur
1641 2153 1687 2210 vel
1704 2155 1742 2211 ad
1758 2171 1869 2228 paenam

166 2241 244 2298 anim
260 2241 302 2295 illi
318 2257 408 2296 manu
423 2240 516 2296 leuata
532 2240 709 2296 benedicere.
723 2241 904 2296 Suntautem
915 2258 990 2314 qua·
1044 2243 1133 2299 valed
1144 2244 1297 2316 pudorem.
1309 2243 1348 2298 De
1359 2259 1486 2314 quorum
1500 2257 1687 2299 numeronos
1699 2242 1868 2301 iaciatlbeus

167 2330 235 2385 dam
252 2334 352 2402 aperta
366 2333 395 2384 et
409 2329 574 2396 manifesta,
592 2329 626 2384 de
641 2329 748 2401 quibus
761 2330 846 2386 nobis
856 2329 991 2401 judicare
1045 2337 1074 2389 et
1088 2331 1230 2388 Dominus
1245 2336 1345 2388 noster
1364 2331 1415 2405 qui
1430 2330 1459 2386 in
1483 2329 1627 2387 Trinitate
1651 2331 1786 2405 perlecta
1806 2333 1869 2390 rint

168 2418 356 2492 permittitur.
373 2418 454 2474 Unde
472 2416 646 2490 Apostolus;
664 2440 677 2468 n
695 2418 742 2474 Sic
770 2423 887 2475 nonest
915 2418 992 2476 intor
1045 2424 1073 2477 et
1087 2424 1190 2493 regnat
1205 2419 1291 2476 Deus.
1308 2425 1411 2476 Amen.

168 2524 220 2564 vos
237 2507 286 2580 qui
297 2507 410 2579 judicet
425 2507 500 2564 inter
515 2508 633 2564 fratrem
649 2510 678 2562 ct
701 2508 830 2565 tratrem.
847 2530 860 2560 n
879 2510 990 2580 ltaque,
1349 2510 1502 2567 HOMlLIA
1519 2509 1567 2566 v1.

171 2597 286 2664 iratres,
298 2614 356 2652 non
368 2595 463 2653 aliena
477 2598 575 2664 corda,
590 2596 633 2654 vel
649 2596 899 2670 intentionesque
911 2599 992 2671 igno·
1243 2614 1380 2656 nortuum
1400 2615 1501 2656 asana
1516 2615 1675 2656 suasurus.

172 2703 283 2755 ramus,
295 2687 474 2759 judicemus
488 2687 536 2743 sed
549 2691 674 2742 nostras.
687 2685 833 2759 Scriptum
842 2691 886 2744 est
895 2687 990 2744 enim:
1083 2690 1150 2745 Cam
1163 2689 1285 2745 audisset
1309 2691 1427 2747 ioannes
1451 2691 1482 2744 in
1504 2690 1622 2745 vinastis
1650 2706 1738 2762 opere
1763 2692 1866 2757 Cbn'sti,

172 2777 260 2832 Nolite
278 2775 414 2847 judicare,
444 2785 468 2833 ct
496 2793 551 2831 non
571 2775 772 2847 judicabimini
795 2776 901 2848 (tant.
930 2777 993 2848 vn.)
1046 2779 1155 2835 mittens
1169 2778 1236 2835 <laos
1251 2795 1286 2834 ex
1299 2778 1443 2848 discipulis
1456 2779 1515 2834 nnis
1537 2779 1578 2834 ait
1597 2779 1644 2835 tttt
1659 2778 1768 2853 (notit.
1791 2783 1833 2849 u,)
1843 2783 1868 2836 et

172 2866 259 2922 Notite
272 2865 460 2933 condemnare,
476 2874 565 2922 cinon
578 2866 834 2922 condemnabimini
848 2866 924 2938 (Lae.
941 2866 993 2939 vt.)
1048 2866 1169 2939 reliqua.
1186 2866 1327 2934 Audistis,
1343 2868 1447 2924 iratres
1462 2865 1641 2936 charissimi,
1652 2885 1689 2924 ex
1703 2869 1868 2943 Euangeliou

171 2956 242 3011 Etsi
255 2957 432 3027 ttostnetipeos
442 2955 639 3027 indiceremus,
664 2972 720 3010 non
747 2957 841 3027 atique
852 2956 992 3027 judicare·
1048 2953 1181 3022 lectione,
1191 2957 1268 3028 quod
1281 2956 1482 3024 Christus,suo
1492 2955 1671 3013 incarcerato
1684 2974 1867 3030 praecursore,

170 3061 234 3100 mar
248 3047 274 3110 (l
287 3045 346 3101 Cor.
363 3045 412 3118 xl.)
430 3043 474 3100 Ait
488 3061 556 3117 ergo
573 3045 684 3101 :Nolite
703 3053 765 3100 ante
793 3053 896 3116 temptas
916 3045 993 3117 jadi-
1049 3045 1438 3118 divinitatissuaepotantiam
1447 3044 1648 3118 coepitclarius
1658 3046 1866 3105 demonstrare.

170 3150 242 3190 care.
258 3137 330 3191 Ante
343 3140 458 3207 tempus
470 3134 594 3205 judicat,
610 3134 659 3205 qui
684 3137 841 3206 autequam
858 3135 896 3190 sit
910 3135 945 3190 de
965 3151 995 3191 re
1011 3120 1032 3186 C
1051 3135 1215 3207 Disponeus
1237 3135 1346 3207 quippe
1372 3135 1505 3191 ordinate
1521 3135 1666 3205 universa,
1692 3136 1790 3193 noluit
1810 3142 1868 3193 ante

170 3228 267 3279 certus
279 3222 402 3294 judicat.
418 3223 493 3278 Dum
509 3227 605 3277 autem
622 3239 726 3279 sumus
738 3222 768 3277 in
784 3222 838 3278 hac
852 3222 994 3292 vita,alio·
1049 3223 1234 3280 manifestius
1249 3223 1405 3298 predicare
1421 3224 1490 3297 quia
1500 3241 1662 3297 precursor
1671 3242 1735 3282 suae
1751 3244 1870 3300 precur-

170 3329 236 3368 rum
253 3312 454 3385 cogitationes,
476 3328 563 3383 opera
585 3315 613 3366 et
640 3310 707 3366 finis
733 3328 854 3383 operum
880 3312 993 3369 occulta
1048 3312 1871 3387 sionisolficiumconsummasset,utscilicetquemadmo

170 3406 239 3457 sunt
254 3401 348 3471 nobis,
365 3405 393 3457 et
406 3400 469 3455 ideo
485 3400 520 3455 de
534 3401 576 3455 eis
588 3399 722 3471 judicare
737 3405 888 3472 peccatum
903 3405 956 3458 est.
1047 3402 1870 3477 dumioanneseumpraecurreratnascendo‚pradicaudo

206 3490 345 3561 Sequitur
359 3506 427 3561 pars
442 3492 556 3560 quarta,
573 3488 602 3542 in
617 3504 675 3559 qua
691 3488 818 3543 ostendit
840 3489 993 3561 Apostolus
1047 3495 1076 3547 et
1086 3491 1272 3563 baptizando,
1284 3491 1871 3564 itaeumprecurrerctetmoriendoll'en·

171 3578 287 3650 quando
301 3593 402 3633 secure
417 3576 452 3632 de
468 3577 553 3631 nobis
565 3575 609 3632 vel
625 3576 659 3631 de
675 3575 740 3631 aliis
760 3577 894 3648 judicare
913 3583 992 3651 pote·
1048 3579 1413 3653 denteigiturLucilero,id
1421 3579 1581 3636 estloanuc
1589 3578 1626 3635 ad
1637 3581 1871 3656 occasum,coepit

170 3666 274 3721 rimus.
295 3667 391 3734 Nolite,
413 3665 520 3737 inquit,
540 3665 677 3737 judicare,
706 3665 879 3738 quoadusque
902 3670 994 3724 veniat
1046 3668 1190 3724 verussol
1201 3668 1335 3739 justitiae,
1352 3669 1557 3734 Christus,sui
1581 3666 1754 3741 splendoris
1783 3671 1870 3728 radios

169 3756 311 3811 Dominus.
328 3755 358 3810 ln
381 3771 448 3826 quo,
477 3755 591 3820 iratres,
619 3754 808 3828 innuitquod
837 3760 906 3811 tunc
934 3757 992 3812 Deo
1047 3756 1190 3830 paulatim
1206 3758 1417 3814 demonstrare.
1436 3759 1492 3814 Uoc
1505 3762 1551 3815 cst
1566 3773 1634 3827 ergo
1647 3759 1731 3830 quod
1747 3758 1796 3817 hic
1811 3759 1870 3816 dici·

170 3844 269 3900 omnia
284 3843 397 3900 occulta
413 3844 648 3899 nobisrevelanie
655 3843 865 3914 judicabimus,
878 3844 902 3901 si
913 3845 991 3901 scili·
1046 3847 1338 3904 turzcamaadisset
1360 3848 1554 3917 iocansnetc.
1583 3850 1658 3903 Sunt
1688 3853 1793 3906 sutem
1817 3855 1869 3905 tres

169 3936 214 3988 cet
228 3933 371 3989 fuerimus
390 3933 425 3988 de
440 3933 585 4004 perlectis.
616 3935 745 3998 Quatuor
770 3933 846 3988 enim
874 3935 991 3991 ordines
1046 3939 1143 4007 partes
1172 3936 1262 4007 hujus
1290 3935 1444 3992 lectionis:
1466 3936 1564 3992 Prima
1591 3936 1727 3993 continet
1754 3936 1869 3996 ioannis

168 4026 255 4077 erunt
271 4022 432 4093 injudicio.
448 4021 501 4076 Alii
517 4021 790 4091 enimjudicabunt,
804 4026 832 4077 ot
847 4024 992 4095 nonjudi-
1046 4023 1313 4096 interrogationem,
1344 4025 1473 4080 secunda
1498 4023 1603 4080 Christi
1637 4025 1867 4098 responsionem,

169 4111 288 4178 buntur,
313 4115 345 4165 ut
369 4110 497 4182 perlecti.
515 4110 570 4165 Alii
592 4111 806 4182 judicabuntur
836 4115 865 4167 et
892 4112 990 4168 salva·
1044 4113 1267 4188 tertia-loannis
1291 4113 1585 4170 commendationem.
1615 4111 1758 4171 Ostendit
1785 4115 1869 4190 igitar

167 4200 287 4265 buntur,
308 4203 339 4255 ut
363 4199 548 4255 mediocriter
558 4199 635 4255 boni.
658 4200 712 4256 Alii
725 4199 939 4271 judicabuntur
963 4207 991 4258 et
1044 4203 1232 4275 evangelista,
1249 4203 1467 4274 quando,unde,
1485 4220 1536 4275 per
1549 4218 1635 4275 quos,
1652 4206 1681 4259 et
1696 4203 1770 4276 quid
1785 4204 1866 4262 ioan·

166 4288 395 4354 damnabuntur,
412 4292 445 4343 ut
460 4287 522 4344 lalsi
540 4287 708 4344 Christiani.
724 4288 780 4342 Alii
796 4306 854 4344 non
873 4290 989 4361 J'udica·
1044 4307 1096 4347 nas
1111 4291 1269 4348 Dominum
1285 4292 1504 4366 interrogaverit
1520 4308 1527 4347 :
1544 4291 1690 4359 Quando?
1701 4292 1773 4351 Cam
1785 4293 1867 4351 ondit·

166 4377 551 4444 bunturetdamnabuntur,
562 4377 986 4436 utinirdeles.UndeJoannes:
1020 4454 1023 4457 ι
1042 4396 1084 4436 ses
1099 4398 1179 4452 opera
1195 4382 1306 4438 Christi.
1323 4381 1352 4437 Si
1368 4381 1463 4438 credis
1479 4398 1496 4437 a
1511 4397 1569 4454 quo
1589 4380 1737 4450 audisset,
1753 4383 1865 4440 creden·

166 4467 220 4535 Qui
235 4466 398 4530 concredit,
414 4466 520 4537 inquit,
532 4468 592 4537 jam
609 4466 749 4537 judicatas
763 4474 810 4522 est.
841 4468 988 4524 litamina·
1003 4491 1027 4555 D
1043 4469 1114 4524 dum
1130 4471 1266 4542 estquod
1283 4471 1421 4544 aspiritu
1439 4469 1594 4527 revelante.
1612 4470 1648 4526 nt
1661 4472 1744 4543 quod
1760 4473 1866 4529 etiam

167 4555 312 4611 litantem
335 4564 399 4611 tiano
423 4557 553 4610 borninas
578 4555 734 4611 abscondita
756 4556 941 4623 teiwbrnram,
964 4568 990 4616 et
1044 4557 1196 4631 discipulis
1212 4559 1284 4628 suis,
1301 4577 1376 4632 quos
1387 4561 1552 4632 frequenter
1561 4559 1598 4615 ad
1607 4558 1712 4615 iesum
1727 4560 1864 4627 mittebat,

165 4646 353 4717 manifestabit
364 4645 481 4700 consilia
494 4644 617 4700 cerdinm
640 4645 729 4711 (ionii.
752 4647 803 4713 nu)
819 4644 847 4700 id
873 4651 917 4702 est
939 4664 989 4703 oc·
1044 4647 1141 4703 nisibi
1152 4652 1213 4704 tam
1225 4648 1399 4721 lectaquam
1410 4647 1866 4720 dictaejusrcportarentUnde?

166 4733 244 4789 culta
254 4734 368 4789 lactaet
378 4731 662 4804 etiamcogitationes
673 4731 803 4788 occultas
814 4734 987 4806 propalabit,
1043 4734 1079 4790 dc
1093 4751 1207 4792 carcere
1224 4735 1274 4792 ubi
1289 4740 1352 4792 crat
1367 4736 1397 4791 in
1420 4735 1555 4792 vinculis.
1574 4735 1605 4791 ln
1620 4750 1679 4808 quc
1696 4737 1796 4806 nobis,
1812 4737 1864 4792 irc·

165 4827 226 4877 tam
242 4823 385 4878 bonorum
401 4837 490 4893 quam
506 4819 661 4876 malorum.
679 4822 771 4887 Tunc,
787 4822 900 4890 iratres,
912 4828 989 4895 pate-
1041 4823 1111 4890 tres,
1129 4823 1305 4880 imitandum
1317 4824 1454 4896 proponit
1466 4820 1643 4896 exemplum,
1663 4827 1698 4879 ut
1712 4826 1740 4881 si
1764 4825 1796 4883 in
1809 4826 1864 4880 vin·

165 4909 857 4982 buntoccultaadultoria,occultaeturpitudines,
869 4913 988 4985 etiguo-
1042 4909 1127 4977 culis,
1142 4911 1165 4966 si
1182 4912 1211 4966 in
1239 4911 1421 4981 infirmitate,
1446 4913 1470 4970 si
1483 4912 1512 4968 in
1541 4912 1640 4985 aliquo
1655 4912 1863 4987 impedimento

165 4998 274 5066 minias,
291 5015 354 5071 qua
371 5001 445 5054 liunt
459 4999 487 5053 in
504 4998 633 5054 tenebris
648 5003 676 5054 at
690 4999 719 5053 iu
736 4999 892 5055 cubilibus.
905 5003 986 5058 Tunc
1042 5000 1150 5055 detenti
1165 5002 1339 5075 quandoque
1351 5003 1503 5073 fuerimus,
1515 5000 1675 5059 familiares
1686 5010 1810 5062 nostros
1820 5019 1863 5079 pm

163 5086 984 5162 ctiampatebuntoccultaturpiumvoluntatumquam-
1042 5088 1126 5144 nobis
1143 5090 1178 5144 ad
1197 5090 1354 5148 Ecclesiam
1369 5091 1533 5158 mittamus,
1550 5089 1697 5164 quibona
1725 5092 1770 5149 ibi
1795 5094 1863 5151 dicta

162 5176 624 5232 visnonvenerintadellectum
645 5176 983 5249 Pensatcsrgo,sratres,
1041 5178 1083 5233 vcl
1102 5178 1487 5236 lactauobismanilestent.
1516 5182 1567 5238 Per
1590 5178 1690 5252 quos?
1707 5199 1763 5254 per
1784 5181 1862 5238 disci-

151 5270 291 5337 ·ponsnte,
309 5269 436 5337 quantus
452 5265 553 5336 pudor,
567 5271 675 5337 quanta
685 5265 835 5337 turpitudo
846 5272 874 5323 ct
885 5270 984 5325 contu·
1039 5268 1125 5342 pulos
1140 5286 1220 5334 suos,
1237 5270 1286 5340 qui
1302 5268 1390 5325 etiam
1405 5270 1431 5326 ei
1447 5270 1478 5325 in
1492 5269 1618 5326 vinculis
1632 5268 1826 5339 assistebant,
1840 5274 1862 5325 et

161 5353 204 5409 sio
220 5359 288 5409 tunc
303 5352 413 5408 tenebit
429 5353 575 5424 reprobos,
593 5370 659 5409 cum
675 5371 777 5411 omnes
802 5355 984 5427 turpitudine
1040 5359 1215 5432 magistrum
1231 5358 1358 5415 suumin
1369 5359 1499 5416 adversis
1509 5375 1568 5415 non
1578 5357 1862 5432 dereliqueruntmd

199 5531 238 5600 (l)
253 5529 337 5602 Vulg.
355 5547 413 5587 non
429 5531 516 5588 babet
530 5531 685 5588 electorum.
