3816 6006
64 198 135 280 aaa
577 218 687 285 aua.
709 222 762 287 aa
782 196 921 290 uorans
943 200 1046 291 ursr'.
1069 216 1275 296 arenosos.
1712 205 1778 304 tn

67 342 158 408 ‘tactis
168 344 353 408 referentium
363 350 417 409 est.
428 342 627 428 Quadraginta
637 354 745 412 etenim
759 356 819 414 iere
834 357 897 416 dies
910 360 937 428 Α
953 363 1041 433 atque
1055 359 1190 434 pluribus
1205 362 1375 438 interiectis,
1387 364 1509 428 'eeteros
1523 367 1554 426 ia
1569 368 1668 446 iugem
1678 373 1775 435 vertit.

64 438 101 497 'i'n
116 439 271 497 Sclavenia
286 438 407 508 luimus,
423 441 453 497 in
470 443 579 515 quibus
593 447 707 501 tantam
727 445 894 520 spissitudi-
952 448 1150 509 Occurrebant
1179 455 1290 514 interea
1313 455 1440 530 pacilica
1463 457 1567 517 littere
1586 459 1776 534 'imperatoris

68 542 140 586 nem
154 526 328 586 nebularum
344 531 423 603 passi
439 546 544 588 sumus
560 535 592 588 ut
600 533 718 607 palpare
733 538 761 591 et
776 551 827 609 per
837 549 896 593 mc
950 536 1172 600 circumdabant
1184 552 1240 601 nos
1256 546 1388 621 undique
1402 547 1502 605 hostes
1517 538 1714 623 imperatoriis
1725 538 1777 611 ab

65 622 133 675 tum
150 626 296 676 removere
311 635 361 677 eas
376 621 491 678 anobis
516 621 703 695 aliquatenus
728 638 893 697 possemus.
949 624 995 681 iis.
1026 628 1099 687 Cum
1125 649 1193 690 vero
1221 635 1405 693 venissemus
1446 630 1699 709 Thessalonicam,
1727 626 1776 699 'in-

66 706 149 765 lnter
164 707 224 763 bac
248 724 346 765 comes
370 709 489 766 assidue
512 710 541 765 in
568 712 725 785 postremis
746 728 892 788 pugnans,
948 712 1083 775 firmatus
1108 723 1153 776 est
1176 721 1342 797 episeopus,
1363 728 1392 780 et
1416 725 1558 782 remansit
1581 742 1648 784 cum
1674 720 1776 803 paucis

68 810 187 871 semper
197 796 338 870 populum
349 796 508 855 defendens
519 805 594 868 epam
602 806 630 857 gt
638 812 792 875 nunquam
804 803 892 876 prior,
947 790 1024 850 infl'ss
1038 791 1195 856 civilatem·
1210 802 1278 859 POSi
1292 804 1352 860 ΜΒ
1367 797 1502 861 venimus
1517 804 1553 862 &d
1564 806 1724 879 quamdam
1735 806 1776 865 Bi·

67 900 186 958 semper
201 884 322 943 ultimus
337 884 553 960 hospitabatur.
566 890 601 945 ut
616 888 683 946 noea
695 890 744 946 ata
761 891 891 961 meridie,
946 882 1077 956 etatem,
1094 890 1211 946 nomine
1227 892 1349 948 aoasam
1364 911 1371 961 ;
1387 894 1437 949 ubi
1454 891 1521 950 eum
1538 890 1692 952 manresa
1707 896 1773 971 ejas

63 973 117 1031 ‘alii
132 990 264 1047 vespere,
279 990 377 1033 comes
389 991 456 1032 vero
482 977 649 1050 trequenter
677 979 774 1036 media
798 985 891 1049 nocte,
947 969 1024 1028 vives
1039 974 1068 1030 ln
1082 992 1138 1033 110⁸
1154 978 1248 1035 mulla
1263 980 1341 1037 malti
1356 980 1541 1049 molirentur,
1556 976 1705 1057 pabflspss'r
1719 978 1773 1043 ab·

66 1151 118 1210 Dei
134 1150 367 1210 misericordiam
382 1159 412 1210 et
426 1153 542 1212 comitis
565 1154 694 1212 laborem
718 1161 746 1213 et
764 1156 894 1231 episcopi
947 1149 1107 1209 diruuntur
1121 1156 1325 1228 antemuralia,
1342 1159 1457 1231 capitur
1485 1149 1590 1232 ingens
1617 1156 1771 1234 praedast

66 1239 236 1308 canalium,
251 1235 293 1297 s'io
309 1240 453 1299 exercitus
477 1244 611 1300 transivit
626 1249 659 1300 ut
673 1244 788 1301 nullum
804 1246 892 1313 lame,
946 1239 1049 1297 civitas
1065 1241 1093 1297 in
1110 1242 1301 1315 deditionem
1313 1249 1401 1319 atque
1415 1245 1504 1304 illatis
1520 1244 1614 1322 signis
1625 1244 1656 1304 ln
1669 1232 1770 1308 eivita-

65 1329 184 1387 nullum
198 1329 228 1385 iu
246 1334 347 1404 aperta
359 1330 564 1406 congressione
578 1332 617 1389 ibi
633 1334 831 1406 perderemus.
849 1335 892 1392 Ob
945 1331 1016 1397 iem,
1037 1334 1066 1386 et
1079 1331 1240 1391 acclamata
1258 1334 1394 1404 Tbelosa,
1412 1330 1490 1409 quod
1503 1341 1566 1392 erat
1578 1336 1697 1411 sigrium
1710 1334 1769 1395 cla·

62 1414 158 1489 illum,
175 1430 251 1486 reor,
265 1430 385 1476 causam
409 1418 502 1477 voluit
524 1421 602 1478 Deus
628 1423 788 1480 exercitum
804 1440 891 1481 suum
946 1418 1037 1492 motis
1052 1419 1180 1491 comitia,
1190 1420 1392 1480 discessimus.
1403 1422 1547 1482 Venimus
1557 1420 1690 1482 adelicia
1702 1414 1770 1483 civi·

62 1507 191 1567 transi're
216 1524 268 1582 per
288 1505 482 1577 Sclaveniam,
500 1513 532 1564 ut
546 1515 677 1584 agrestes
692 1510 827 1569 homines
841 1514 891 1587 qui
945 1509 1047 1576 talem,
1063 1510 1181 1566 nomine
1197 1510 1345 1581 Βῠᾶθῦἷῠῖι
1363 1510 1415 1569 Ubi
1430 1528 1497 1569 ⁰⁰¹1]
1520 1508 1633 1571 mliii&
1648 1511 1684 1571 66
1698 1518 1769 1592 ΜΒἏ

62 1595 158 1653 baum
172 1596 358 1671 ignorabant,
365 1598 482 1672 cognita
496 1598 604 1656 virtute
618 1604 646 1655 et
661 1600 803 1673 patientia
816 1601 892 1658 mili·
946 1593 1767 1676 ῑῐηρθΐᾶῗθῐῑῧιρΐῦνῖΰᾶῙῢῑᾶὃῦᾶῑθΰῒηῃῦθᾶὲθΐθνθῃθῦῒι

61 1687 125 1741 tum
142 1684 221 1758 ejus,
232 1687 287 1740 aut
301 1683 460 1758 aliquando
480 1686 626 1743 alteritate
641 1686 824 1762 rasiptsoan'q
841 1695 910 1747 aut·
943 1680 1768 1775 multiexipsisinterlectisuntetaliquantulacap't'aprit-

61 1768 281 1828 inexcusabiles
296 1770 347 1828 Dei
358 1768 471 1844 judicio
480 1774 672 1832 adducantur.
685 1776 815 1834 Tandem
825 1783 893 1851 post
945 1770 1375 1851 (ia-Veneruniibinobislegflfi
1385 1778 1489 1847 nostri,
1502 1782 1576 1852 ‘1⁰6⁸
1586 1769 1768 1852 limitem·

60 1860 159 1918 mulia
170 1850 307 1917 laborum
322 1860 452 1935 pericula
471 1864 549 1936 apud
571 1864 723 1933 Scodram,
740 1866 776 1922 ad
792 1878 890 1941 regem
945 1861 1768 1949 musadimperatcre'mqui‚acccp'taabecpacu1iia‚·cln-

53 1946 233 2008 'atavorum
249 1948 445 2023 pervenimus,
459 1964 496 2008 ‘ac
509 1964 579 2009 cum
594 1970 627 2010 eo
642 1962 741 2011 comes
758 1955 891 2028 nequeo.
944 1950 994 2006 nia
1005 1967 1143 2024 prospera
1155 1952 1240 2010 nobis
1251 1954 1328 2027 apud
1341 1955 1545 2028 imperatorem
1557 1956 1766 2030 promiserimt

54 2040 101 2096 ter
113 2038 333 2096 adventassem
348 2041 580 2108 eor.ilrmavlt,et
590 2042 685 2099 multa
700 2044 726 2100 ei
742 2045 887 2115 retribuit,
944 2034 1769 2118 Quidpterataoverbalegatoruminperato'rtsetnmtr'e

54 2118 89 2186 'nt
103 2126 252 2211 exercitus
282 2144 384 2186 secure
412 2145 507 2186 emere
531 2134 560 2186 et
581 2146 709 2205 quarere
724 2133 890 2191 necessaria
944 2145 1008 2185 rum
1030 2132 1234 2203 pervenerunt,
1249 2136 1404 2202 utcomes,
1420 2132 1520 2190 relicto
1537 2132 1766 2206 exeratu,'solds

53 2218 169 2292 posset.
180 2218 237 2275 Sed
253 2216 315 2274 hec
329 2217 428 2291 opinio
444 2218 507 2276 sola
523 2218 596 2289 luit;
612 2236 680 2277 nana
696 2222 777 2295 pacis
792 2223 888 2295 petita
943 2218 1541 2293 cumpaucis,etinermisadimperatorem
1549 2218 1766 2280 festinaretlli·

52 2304 112 2364 bats
126 2304 279 2383 poenituit,
295 2316 363 2363 cum
379 2322 431 2380 per
446 2307 511 2379 etus
526 2308 708 2366 occasionem
732 2310 836 2378 Sclavl,
853 2312 889 2368 de
943 2306 1047 2361 oebant
1057 2307 1135 2363 enim
1147 2306 1217 2380 quia
1228 2307 1517 2375 boimundus,etdux
1528 2297 1768 2386 lotharingie,tt

52 2392 140 2452 tuobe
163 2392 251 2452 sclito
275 2396 415 2465 direntes,
432 2401 548 2454 nostroe
573 2395 765 2468 interficiunt,
781 2402 810 2456 et
825 2412 888 2473 que
944 2393 1131 2452 Flandrensis
1146 2412 1254 2464 comes,
1271 2400 1299 2454 et
1314 2396 1363 2454 alii
1378 2397 1525 2471 principes
1539 2398 1596 2456 ban
1610 2399 1768 2472 piscaban-

54 2484 196 2565 'poterant
205 2482 242 2539 ab
255 2483 417 2541 inermibus
426 2484 581 2558 arripiunt.
592 2484 888 2552 Quasivimuslocnm
942 2487 1040 2551 tanat
1054 2489 1222 2558 properaret
1237 2500 1334 2543 carnes
1349 2486 1501 2544 convenire
1516 2480 1766 2560 imperatoremm

53 2566 146 2649 iugo,
160 2584 222 2629 uon
242 2567 373 2630 ultionis.
391 2572 540 2630 Hactenus
561 2575 599 2631 de
622 2572 786 2633 sclavonia.
801 2574 888 2633 Veni·
942 2571 1045 2631 itinere
1060 2573 1334 2649 Hierosolymitano,
1351 2579 1385 2631 ut
1399 2580 1551 2649 assumpta
1565 2582 1650 2633 cruos
1664 2566 1724 2634 dux
1737 2572 1768 2634 'ei

59 2666 125 2719 ttius
140 2652 328 2729 Diracitlum,
344 2661 524 2735 credidimus
543 2668 607 2720 esse
622 2663 652 2719 in
668 2664 763 2736 patria
776 2669 886 2744 nostra,
943 2654 1102 2736 imperator
1117 2663 1146 2718 in
1162 2664 1290 2720 exercitu
1314 2664 1365 2721 Dei
1384 2662 1467 2720 iler'et
1480 2680 1487 2734 ;
1502 2665 1539 2721 ad
1564 2664 1625 2721 hec
1649 2664 1767 2724 nonest

56 2746 262 2808 &intimantes
273 2748 479 2823 iln'per'atorem
493 2749 888 2818 alexiumetsatellites'suos
941 2749 1148 2823 imperatorem
1159 2751 1268 2809 dixisse
1279 2748 1765 2826 omniacitmcomitese'acturtirti,

56 2836 146 2896 bobis
160 2848 226 2895 esse
241 2837 346 2896 iratres
359 2842 390 2895 'et
403 2836 598 2912 coadjutores.
615 2830 660 2896 illi
676 2855 742 2899 vero
757 2840 817 2898 ritu
832 2841 889 2899 leo·
942 2843 970 2895 et
980 2840 1016 2896 de
1030 2855 1062 2897 se
1077 2844 1106 2897 et
1121 2841 1156 2897 de
1170 2840 1235 2898 aliis
1250 2858 1319 2913 quar¹
1330 2840 1444 2898 itineris
1460 2840 1526 2898 usui
1542 2840 1767 2900 lorentl’retei·

54 2928 132 2985 buin
143 2926 394 2994 incrudescentes,
402 2918 540 3002 pacltlcos
550 2929 696 3001 homines,
704 2928 777 2985 nihil
787 2931 887 2988 minus
940 2938 976 2984 'ca
990 2926 1168 2987 nuntiabunt
1190 2928 1301 2986 bellum
1328 2929 1491 3000 imminere,
1508 2933 1548 2998 et,
1563 2929 1589 2986 si
1607 2930 1767 2990 aucteritas

59 3026 151 3099 quara
168 3014 253 3073 arina
268 3016 439 3090 cogitantes,
449 3016 662 3092 invadunt,per
677 3020 888 3076 occultatruci·
941 3015 1014 3073 tanti
1029 3017 1083 3072 viri
1100 3016 1225 3087 abesset,
1242 3016 1378 3073 fortassis
1392 3015 1612 3073 incommedum
1627 3016 1765 3075 lore.th-

60 3102 141 3174 tant,
159 3104 190 3161 in
206 3105 388 3174 nemoribus,
403 3105 519 3162 invicia
535 3107 655 3164 remotis
672 3124 689 3163 a
704 3107 885 3182 castrisque
901 3088 923 3156 C
942 3121 999 3177 que
1014 3122 1079 3161 cum
1106 3106 1207 3179 paucis
1232 3106 1401 3162 adventaret
1427 3118 1535 3176 comes,
1552 3108 1585 3160 ut
1600 3100 1667 3162 cut'n
1683 3100 1765 3163 sner-

59 3194 197 3268 peterant
211 3193 263 3266 p'er
275 3188 367 3250 tetam
382 3201 497 3251 noctem
513 3194 696 3252 furabantur.
711 3186 747 3252 bt
761 3195 830 3253 licet
844 3198 886 3254 sic
941 3192 1017 3250 citus
1045 3208 1118 3251 suus
1142 3193 1279 3263 venisset,
1296 3193 1468 3266 compositis
1496 3202 1564 3249 cum
1587 3182 1764 3273 imperutct's

56 3281 235 3348 insanirent,
251 3286 352 3339 tamen
367 3283 426 3340 dux
439 3300 540 3342 eorum
565 3300 666 3357 pacem
687 3284 885 3358 promittebat,
940 3282 1088 3351 omnibus,
1104 3281 1196 3339 nullis
1219 3283 1249 3339 in
1276 3300 1389 3340 moram
1414 3283 1505 3339 iteret.
1519 3281 1622 3338 Victus
1643 3270 1761 3341 aedem

59 3359 86 3430 ei
101 3384 156 3447 per
169 3372 253 3446 pacis
266 3369 401 3429 inducias
420 3362 556 3430 Pontium
573 3372 754 3430 Rainardum
768 3375 886 3432 interlo·
940 3387 1038 3428 comes
1053 3376 1106 3439 est,
1124 3376 1156 3428 ut
1170 3371 1224 3429 hac
1239 3373 1302 3429 sola
1314 3371 1377 3428 vice
1397 3370 1497 3428 relicta
1516 3370 1651 3445 presidio
1665 3364 1696 3427 in
1711 3374 1763 3429 'ca-

59 3464 175 3530 ecmnt,
191 3464 222 3517 et
234 3452 353 3517 Petrum
368 3461 432 3534 ejus
447 3461 565 3518 fratrem
582 3460 743 3518 mortaliter
755 3461 888 3536 plagave-
940 3460 1019 3530 stris,
1031 3460 1189 3518 exercitum
1205 3462 1388 3534 precederet,
1400 3459 1608 3518 etsicincrmis
1620 3460 1762 3518 conemu-

55 3546 139 3623 l'uirt,
155 3550 188 3607 'et
207 3552 291 3605 erant
314 3547 346 3604 iri
370 3548 519 3624 principes
548 3548 736 3607 nobilissimi.
755 3555 886 3624 Cumque
939 3548 1092 3624 tinopolim
1107 3550 1195 3608 venit.

54 3628 142 3697 loeas
158 3632 281 3695 ultionis
293 3637 378 3694 nobis
392 3634 554 3708 oilcrretu'r,
567 3636 678 3712 placuit
687 3638 757 3706 iter,
771 3656 830 3696 non
846 3638 887 3696 in·
1266 3636 1382 3694 CAPUT
1401 3638 1437 3695 ll.

54 3728 206 3802 tatianam
216 3724 353 3794 vindicta,
366 3727 416 3783 sed
429 3726 593 3802 incepimus
604 3727 658 3783 iter
672 3730 817 3785 nostrum.
830 3728 886 3785 lla·
976 3723 1070 3782 Facile
1086 3728 1184 3783 autem
1199 3743 1246 3783 res
1266 3730 1349 3801 gesta
1372 3726 1514 3783 hactenus
1529 3734 1576 3782 me
1590 3718 1763 3800 scriptoram

56 3814 179 3873 baiulus
194 3804 308 3871 litteras
318 3814 434 3871 obviam
450 3812 635 3889 imperatoris
646 3815 681 3872 de
692 3832 773 3890 paee,
786 3817 821 3874 de
832 3818 887 3874 ira·
940 3815 1117 3886 quibusdam
1133 3814 1237 3870 laetitia
1253 3821 1281 3871 at
1295 3814 1497 3889 prosperitatis
1511 3813 1662 3889 gressibus
1672 3804 1764 3872 cadri·

53 3892 206 3974 amitae,
217 3908 256 3972 at,
269 3907 301 3960 ut
316 3903 358 3960 ita
373 3902 522 3973 dicam,de
538 3905 693 3974 filiatione,
711 3904 771 3961 hac
787 3910 885 3964 autem
930 3904 1067 3971 tabatnr,
1091 3920 1155 3976 qua
1184 3907 1264 3961 tanto
1294 3901 1462 3960 acerbitatis
1475 3909 1504 3960 et
1516 3902 1653 3961 meroris
1675 3903 1764 3962 abab

55 3992 244 4050 lethotenus.
256 3992 331 4049 liam
347 3997 414 4049 ante
429 3996 458 4049 et
473 3997 558 4061 retro,
576 3993 758 4050 dextrorsum
771 4000 799 4050 et
814 3993 885 4051 sini·
940 4006 1019 4047 nuno
1034 3986 1149 4063 p'ienrit,
1166 3995 1199 4046 ut
1212 3991 1368 4066 ineoepisse
1391 4009 1438 4048 me
1460 3991 1574 4060 taedeat,
1591 3996 1660 4046 'eum
1676 3982 1763 4065 perd·

55 4082 217 4150 sttorsum,
233 4081 333 4150 Turci,
349 4081 480 4151 Comani,
497 4080 569 4139 Husi
584 4086 612 4138 et
628 4082 767 4155 Tenaces,
784 4080 885 4140 Pince—
939 4094 1003 4136 care
1017 4085 1116 4135 notan
1131 4079 1179 4135 sit.
1197 4079 1270 4148 Quid
1293 4096 1359 4136 vero
1375 4078 1573 4157 potissimum,
1591 4082 1619 4135 et
1634 4078 1763 4153 mimum

19 4187 21 4190 ·
58 4168 117 4253 bati
128 4174 158 4228 et
168 4169 287 4244 bulgari
298 4166 383 4228 nobis
397 4170 623 4228 insidiabantur.
637 4172 768 4238 Quadam
786 4175 885 4229 antem
939 4156 1762 4241 aggrediendicere‘lrinimperatorisfraudulentissimam

54 4256 103 4315 dle
115 4270 187 4315 cum
203 4270 336 4314 essemus
352 4257 382 4314 in
396 4258 471 4314 valle
487 4256 656 4332 Pelagonia,
666 4260 821 4331 episcopus
832 4259 884 4317 Po·
939 4274 973 4314 ac
985 4255 1186 4313 detestabilem
1197 4257 1407 4314 admonitionis
1417 4255 1674 4314 dolositatemibn
1684 4260 1763 4315 eier-

57 4336 180 4415 iiiensls,
195 4344 291 4420 gratia
306 4346 510 4403 convenienter
528 4346 709 4418 hospitandi,
726 4365 792 4403 cum
810 4365 883 4420 pau·
939 4345 1014 4402 citus
1035 4344 1125 4401 nostri
1151 4345 1353 4418 turpissimam
1383 4345 1493 4419 lugam,
1509 4349 1538 4401 et
1552 4343 1762 4417 inopinabilem

53 4433 149 4511 lisper
173 4451 191 4491 a
215 4434 321 4491 'eastris
349 4428 545 4504 discessisset,
562 4434 759 4492 aPincenatis
781 4442 923 4525 captusD
939 4426 1763 4515 desperationemtlinmortostantorumprincipumcau‘·

56 4528 122 4592 sst;
139 4522 191 4597 qui
207 4518 376 4595 dejicientes
390 4538 457 4580 eum
473 4520 508 4579 de
525 4521 616 4590 mula,
633 4522 840 4596 spoliaverunt,
857 4530 885 4581 et
940 4521 1572 4596 merandaperpetaimaronsmonameata
1581 4520 1762 4594 'relinquerat

56 4610 86 4667 tn
97 4611 195 4685 capite
204 4610 333 4683 graviter
342 4609 696 4685 percusseruntbedquia
707 4616 886 4686 tuntuspon·
941 4610 1004 4666 llaec
1019 4614 1116 4667 autem
1132 4611 1299 4684 quicunque
1314 4624 1401 4667 nosse
1416 4608 1615 4689 desiderat,ab
1631 4609 1697 4667 attis
1712 4613 1762 4691 pb·

57 4700 128 4757 tiiex
140 4699 238 4756 adhuc
253 4699 361 4774 populo
376 4701 428 4757 D‘ei
457 4705 519 4757 erat
545 4701 739 4770 necessarius,
755 4720 806 4775 per
821 4705 885 4775 ejus
939 4699 998 4755 tius
1013 4714 1102 4772 quam
1119 4700 1231 4756 anobis
1244 4698 1382 4773 requirat.
1398 4698 1457 4755 lion
1480 4702 1573 4754 unum
1596 4697 1681 4754 valde
1703 4696 1763 4756 tirs-

53 4782 294 4845 misericordiam
322 4788 386 4844 vite
410 4791 574 4847 reservatus
598 4795 651 4846 est.
668 4790 742 4847 Nam
758 4806 835 4848 nnus
850 4793 885 4850 de
939 4786 1091 4856 manabile,
1107 4787 1223 4845 silentio
1243 4787 1365 4862 dignum
1381 4792 1569 4854 excusamus,
1584 4787 1674 4861 qued,
1690 4787 1761 4845 dum

56 4866 235 4946 i’lbeeuatis,
251 4877 322 4932 dum
348 4890 453 4934 aurum
475 4878 511 4934 ab
527 4893 559 4934 eo
575 4882 725 4951 quareret,
743 4879 885 4937 ecateris
940 4893 1041 4933 ornnes
1054 4877 1147 4932 nostrl
1157 4881 1254 4933 castra
1263 4877 1439 4949 relinquere,
1450 4875 1578 4948 arripere
1588 4875 1699 4957 litgium,-
1710 4875 1761 4955 de·

57 4966 125 5021 sum
141 4962 327 5022 defendebat.
344 4969 459 5023 Interea
484 4982 574 5023 sonus
599 4967 657 5023 exit
680 4962 710 5022 in
726 4964 840 5037 castris,
857 4968 886 5025 et
939 4982 1035 5022 serere
1050 4964 1155 5032 socios,
1167 4964 1313 5021 dimittere
1328 4965 1437 5033 omnia,
1449 4972 1513 5037 que
1526 4964 1562 5019 da
1574 4967 1635 5019 tata
1649 4962 1762 5038 longla-

57 5044 464 5124 s'icintelmoramhostlum,
475 5055 656 5127 etimpetum
672 5054 817 5112 sociorum
832 5055 885 5112 eri·
937 5055 1007 5128 quis
1031 5052 1199 5127 regionibus
1228 5055 1456 5127 asportaverant,
1473 5040 1693 5133 medlttiretr'tui,
1709 5058 1762 5127 pei

56 5140 148 5219 pitur.
156 5132 268 5199 Taliter
277 5144 330 5216 per
339 5141 462 5201 insidias
472 5158 539 5200 eum
549 5143 733 5201 venissemus
743 5145 779 5200 ad
791 5146 884 5218 quod·
939 5140 1120 5199 salutiieram
1132 5140 1306 5214 peanitentiae
1322 5146 1408 5214 atque
1419 5141 1528 5213 jejunii
1538 5147 1634 5214 opem,
1647 5134 1683 5196 ad
1694 5142 1761 5223 tsn-

56 5228 127 5288 dam
142 5234 275 5288 castrum
291 5232 367 5306 quad
384 5236 504 5290 vocatur
521 5232 652 5300 bucinat,
669 5232 772 5289 didicit
786 5240 885 5291 comes
938 5237 999 5288 tam
1015 5230 1186 5287 constantia
1201 5230 1402 5286 fortitudinem
1416 5233 1487 5286 suut
1499 5228 1623 5298 reducti,
1635 5233 1669 5286 ut
1679 5228 1761 5287 salut

56 5314 135 5393 quod
150 5318 180 5375 in
196 5319 343 5395 augustiis
358 5321 514 5393 cujusdam
530 5321 638 5377 montis
648 5320 796 5378 Pincenati
807 5339 885 5379 exer·
939 5321 1034 5395 pudor
1048 5319 1130 5393 prius
1145 5319 1251 5376 habita
1266 5318 1478 5393 desperationis
1486 5322 1514 5374 at
1522 5318 1597 5391 luge
1606 5315 1762 5374 venemen-

55 5398 148 5465 cltum
162 5414 301 5466 nostrum
317 5409 435 5491 aggredi
449 5409 575 5478 vellent,
592 5410 642 5483 qui
656 5427 722 5466 cum
740 5408 885 5469 militibus
939 5409 1052 5466 tissime
1067 5425 1116 5465 eos
1131 5408 1265 5465 alliceret
1283 5409 1319 5465 ut
1341 5409 1377 5464 de
1400 5407 1447 5464 his
1475 5396 1618 5464 hacteuus
1646 5405 1759 5464 dictum

55 5492 884 5572 'q'ttibttsdatulnoccultisremauens,Plncenatlsoccurrit,
939 5500 987 5556 sit.
