3816 6006
92 270 154 365 μ]
500 269 550 331 ΑΒ
573 267 830 332 consumebat
850 267 1108 359 appenninas.
1128 303 1148 313 -
1175 270 1341 333 APPEND.
1364 271 1389 332 l.
1735 274 1797 336 848

95 400 284 478 oppressione
298 399 442 469 liberavit,
458 405 487 460 et
503 401 531 459 in
547 420 577 463 se
592 398 919 472 reconciliatumexsul·
932 401 960 470 Α
975 400 1089 460 Surdus
1101 402 1193 476 audit,
1202 404 1460 479 mutusloquitur,
1475 419 1655 479 possessusa
1665 407 1797 469 damone

95 492 229 551 tentibus
239 492 289 566 qui
306 509 373 550 eum
388 493 579 560 adduxerant
588 493 623 548 ad
639 494 760 550 domum
777 509 862 548 suam
876 509 920 548 re·
949 537 954 541 .
974 491 1116 549 liberatur
1140 493 1242 563 (tram.
1259 513 1298 562 xa,
1314 498 1353 565 5).
1378 497 1464 552 Facto
1492 501 1591 554 autem
1621 514 1719 567 mane,
1745 517 1797 573 pro

97 583 189 640 misit.
975 582 1073 638 audite
1089 584 1240 652 miraculo,
1257 601 1314 640 uon
1332 585 1427 642 solum
1439 591 1584 658 parentes,
1596 589 1799 648 verumetiam

137 672 176 728 to.
192 671 391 728 Admiratione
421 669 542 744 dignum
568 675 596 727 ei
620 671 819 726 recordatione
840 668 920 725 aliud
974 670 1074 727 vicinae
1090 673 1243 729 affinitatis
1260 674 1429 741 multi‚cum
1445 675 1644 734 oblationibus
1658 676 1801 737 laudesot

96 761 346 832 manifestandum
363 766 406 817 est
431 760 566 816 fidelibus
589 759 774 828 miraculum,
791 759 867 831 quad
884 758 920 826 ad
975 760 1085 832 gratias
1099 762 1157 818 Deo
1172 768 1201 819 et
1216 763 1245 819 S.
1264 764 1320 819 ldrn
1334 763 1518 836 gratulantes
1533 763 1713 837 obtulerunt,
1728 751 1801 842 gau·

96 850 213 907 laudem
225 850 269 907 sui
282 850 409 905 nominis
420 854 448 905 et
459 850 493 905 ad
503 849 714 904 venerationem
727 848 920 904 sanctissimae
975 850 1137 924 dentesque
1153 858 1347 909 recesserunt.

96 940 152 996 lde
167 939 289 1013 peregit,
306 939 341 1002 ab
360 939 463 994 merita
482 941 555 1008 ejus,
573 937 672 992 (lirina
687 937 851 1004 elementia,
869 954 920 991 su·
1011 940 1055 996 li.
1072 941 1159 997 licata
1174 941 1273 1014 itaque
1289 943 1339 999 lda
1353 942 1539 1001 dilectionem
1556 943 1617 1012 Dei,
1629 963 1695 1018 quaa
1706 947 1803 1019 prima

95 1027 236 1105 predictis
251 1027 361 1101 aequala
376 1026 535 1088 miraculis.
553 1027 631 1083 ldem
648 1044 713 1082 vero
729 1025 921 1099 inimicusge·
975 1034 1029 1098 cst,
1046 1035 1074 1085 ot
1089 1029 1211 1102 proximi
1227 1036 1347 1103 generat
1362 1049 1503 1100 amorem,
1520 1048 1610 1106 quam
1634 1035 1801 1092 vicensim-

96 1117 174 1176 neris
191 1117 322 1186 humani,
340 1116 390 1189 qui
406 1133 521 1188 semper
535 1125 667 1189 terrqaam
682 1117 722 1173 ico
737 1117 848 1186 rapiens
863 1117 921 1171 cir·
976 1117 1275 1191 buisscdiguoscitur,
1285 1123 1580 1193 postmortemetiam
1592 1140 1649 1181 non
1660 1125 1800 1182 deseruit.

95 1210 155 1277 cuit
170 1222 295 1281 quaereas
316 1222 395 1280 quoin
418 1205 525 1262 deuoret
536 1206 560 1278 (f
574 1207 645 1262 Patr.
662 1223 689 1271 v,
707 1207 744 1277 8),
761 1205 920 1278 quamdam
975 1206 1034 1263 Hac
1050 1208 1141 1280 igitur
1156 1208 1311 1265 dilectione
1326 1209 1517 1282 propinquos,
1534 1228 1587 1268 nea
1609 1212 1801 1271 nanneticae

95 1295 337 1354 deterritorfoltot
351 1295 453 1351 ariensi
467 1294 921 1367 mulierculaminvasit,eJ'usque
975 1294 1152 1368 longinquos
1164 1296 1330 1364 nonnullos,
1340 1315 1460 1356 sanasse
1475 1316 1491 1354 a
1505 1300 1594 1358 variis
1609 1298 1801 1374 languoribus

95 1386 232 1461 spiritum
245 1384 784 1459 bonurnexpulit,ctineasibiseden1
796 1383 920 1456 paravit.
976 1384 1126 1457 probatur.
1143 1385 1271 1457 Contigit
1294 1391 1392 1442 autern
1408 1388 1486 1458 quod
1501 1387 1637 1462 improba
1651 1394 1679 1446 et
1694 1390 1802 1448 misem

94 1476 259 1551 Peragratis
275 1474 382 1549 quippe
397 1491 463 1530 eum
481 1473 531 1529 illa
546 1472 646 1528 multis
658 1477 826 1529 sanctorum
837 1472 920 1541 loeis,
975 1473 1133 1530 infirmitas
1145 1474 1280 1541 febrium,
1294 1474 1345 1530 filii
1355 1474 1400 1530 sui
1412 1475 1514 1544 filiam,
1530 1477 1656 1537 Bolonie
1671 1481 1800 1539 comitis·

94 1570 230 1639 parentes
246 1581 303 1620 non
319 1563 502 1637 pmfleientes
518 1563 553 1618 ad
567 1561 686 1635 propria
709 1562 816 1618 reversi
839 1567 919 1618 sunt.
975 1563 1181 1632 sau1‚nomiue
1197 1563 1459 1635 blachtildcmtwt,
1472 1566 1712 1641 acriterarripuit
1725 1585 1731 1626 :
1743 1570 1800 1628 ista

95 1655 299 1728 ’torquebatur
314 1652 410 1709 acrius
426 1651 532 1708 misera
548 1669 636 1724 quam
654 1652 735 1724 prius
750 1652 919 1724 adremone,
973 1667 1041 1706 vero
1052 1669 1109 1707 non
1124 1651 1271 1707 modicum
1283 1669 1335 1725 per
1345 1657 1463 1724 tempus
1476 1654 1576 1710 nimiis
1586 1656 1686 1713 attrita
1695 1658 1800 1716 dolori·

94 1743 271 1816 amissisque
286 1741 391 1798 anima
415 1740 604 1814 corporisque
623 1739 793 1808 virtutibus,
810 1739 957 1851 diseer-B
975 1739 1170 1808 husitandam
1184 1741 1433 1813 confidensatque
1449 1760 1628 1815 presumens
1644 1746 1680 1805 de
1695 1748 1800 1806 beatis

94 1851 167 1909 pens
178 1837 205 1889 et
216 1831 363 1888 dilanians
373 1848 403 1887 se
415 1831 534 1903 jacebat
548 1829 647 1903 ligata.
666 1829 757 1885 Mater
771 1847 837 1887 vero
853 1848 917 1897 sua,
973 1828 1054 1885 sime
1071 1829 1125 1884 ldae
1141 1828 1306 1897 sanctitate,
1323 1829 1413 1887 simul
1432 1836 1461 1886 et
1475 1833 1541 1904 ejus
1554 1851 1590 1889 ex
1604 1851 1663 1906 qua
1677 1836 1797 1894 descen·

94 1922 246 1981 recordata
269 1920 435 1979 sanctitatis
450 1924 478 1975 et
493 1919 627 1992 potentia
642 1918 834 1975 sanctissime
852 1919 918 1987 lde,
973 1917 1056 1973 derat
1070 1917 1335 1991 consanguinitate,
1347 1920 1623 1994 sanandasepulero
1633 1927 1796 1983 venerando

44 2064 46 2068 ,
94 2029 186 2086 sapor
198 2009 369 2084 hujusmodi
393 2008 595 2065 infirmitatem
620 2007 737 2079 habite,
754 2006 844 2064 filiam
861 2026 920 2064 una
973 2022 1040 2066 cum
1061 2005 1163 2063 multis
1187 2023 1219 2064 se
1241 2008 1798 2081 praesentavitzquae,dumdevotiset

94 2117 162 2177 oum
173 2097 324 2156 nonnullis
334 2095 641 2171 parentibus,infrrmae
652 2096 797 2169 gavisuris
808 2096 919 2153 delibe-
973 2094 1177 2167 multiplicatis
1192 2096 1328 2169 precibus
1343 2097 1518 2157 beatissimae
1534 2100 1639 2158 merita
1652 2102 1798 2176 postulas·

94 2189 207 2246 ratione
222 2186 310 2244 simul
322 2191 350 2243 et
361 2185 487 2242 sanitate
501 2183 614 2259 puella,
626 2185 662 2240 ad
674 2185 703 2240 S.
717 2184 876 2258 Michaelis,
888 2187 918 2241 in
973 2189 1026 2253 set,
1039 2190 1105 2257 post
1115 2184 1332 2258 aliquantulum
1348 2203 1436 2242 morra
1450 2205 1523 2245 sana
1537 2194 1566 2244 et
1580 2190 1737 2250 incolumia
1752 2211 1796 2251 ra·

94 2275 267 2353 quamultis
277 2277 328 2332 Ida
339 2275 527 2331 sanctissima
540 2273 716 2346 operabatur
727 2273 862 2343 salutem,
874 2292 919 2331 ve·
973 2273 1071 2330 cessit.
1084 2274 1131 2330 Sic
1144 2274 1255 2347 utique,
1267 2275 1454 2344 mandatum,
1465 2277 1542 2349 quod
1554 2278 1583 2334 in
1596 2279 1796 2353 lege-amioum

95 2364 380 2426 nemnteoolcsiam.
396 2363 461 2431 Qui,
477 2364 548 2419 dum
564 2367 631 2419 ante
646 2364 801 2435 cujusdam
818 2363 919 2420 altaris
973 2363 1094 2437 diligere
1122 2363 1254 2436 praecipit
1281 2365 1354 2432 (Leo.
1379 2382 1437 2432 xix,
1463 2368 1519 2436 fa),
1541 2369 1718 2429 venerabilis
1744 2372 1797 2429 Dei

96 2454 281 2531 presentiam
296 2471 363 2511 curn
379 2453 497 2508 infirma
512 2452 705 2508 excubassent
715 2469 767 2525 per
777 2452 918 2521 triduum,
973 2449 1085 2507 fanrula
1100 2449 1300 2523 impleritlda.
1313 2451 1387 2508 tllud
1401 2458 1501 2509 autem
1517 2454 1672 2527 Sapientiae
1683 2474 1740 2530 quo
1751 2459 1797 2515 di·

95 2561 284 2622 magnacum
300 2542 452 2599 devotione
469 2544 617 2615 rogarunt,
635 2544 668 2597 ut
684 2541 920 2599 monachieccle·
973 2540 1074 2598 citur:
1099 2540 1154 2610 Epo
1180 2540 1324 2612 diligentes
1352 2558 1394 2598 rrae
1419 2542 1505 2612 diligo
1531 2545 1623 2612 (Proo.
1653 2562 1713 2612 vnr,
1740 2549 1795 2614 17),

96 2635 146 2692 sire
174 2634 323 2690 infirmam
353 2630 462 2705 portari
499 2630 628 2687 sinerent
655 2636 722 2687 ante
751 2631 919 2705 sepulerum
974 2630 1132 2688 sanitatum
1159 2629 1285 2703 gratiam
1312 2628 1462 2704 largiendo
1490 2631 1705 2692 famulantibus
1726 2635 1795 2705 sibi,

96 2724 126 2782 s:
142 2724 218 2794 lde3
236 2722 313 2797 quod
325 2722 433 2777 factum
445 2724 499 2777 est.
511 2720 580 2776 Erat
595 2724 665 2781 tune
681 2719 797 2793 quidem
815 2720 921 2794 Vigilia
974 2717 1145 2792 alienisque,
1162 2719 1185 2775 si
1202 2719 1287 2774 eorde
1303 2718 1480 2793 supplicant,
1494 2720 1644 2795 adimplet.

96 2811 253 2872 ataenis
265 2809 401 2884 Baptista
414 2829 421 2879 ;
432 2809 606 2882 vespertinis
617 2814 714 2865 autem
727 2809 921 2884 peractisofli·
1013 2810 1054 2864 18.
1070 2807 1192 2864 Cuidam
1212 2825 1340 2882 namque
1362 2809 1475 2882 Hugoni
1498 2811 1694 2878 monaeho‚‚ei
1710 2814 1796 2872 dero·

95 2903 159 2972 ciis,
176 2919 227 2976 par
241 2901 345 2959 merita
361 2902 390 2957 S.
410 2899 475 2967 lde,
494 2903 650 2972 utramque
675 2898 801 2954 salutem
816 2899 922 2972 adepta
974 2897 1089 2954 tissime
1100 2899 1184 2952 noete
1195 2897 1300 2968 dieque
1310 2896 1455 2966 sarmenti,
1467 2899 1602 2970 passione
1613 2900 1740 2959 febrium
1749 2904 1795 2960 ni·

96 2990 203 3068 puella,
217 2990 304 3064 ooepit
318 3006 420 3046 vocare
436 2992 572 3057 matrem,
590 2991 618 3044 et
633 3005 663 3045 se
680 3005 782 3044 sanam
797 2992 825 3045 et
839 2988 921 3044 inco·
976 2986 1068 3041 mium
1081 2985 1198 3049 afflicto,
1211 2990 1399 3058 nonsperatae
1410 2987 1556 3057 sanitatis,
1567 2988 1796 3049 obtamiliarita·

34 3115 37 3119 <
95 3077 577 3154 lumernprofessaesfftSicenim
594 3077 748 3151 por-istam
763 3076 923 3135 Deisolita
976 3080 1035 3134 tem
1055 3079 1083 3132 et
1105 3075 1800 3148 servitutem,quassanetasrirantietmortue

96 3172 214 3247 pietatis
228 3168 501 3244 gratia,interventu
513 3168 604 3224 beato
620 3171 649 3222 et
663 3165 837 3223 venerabilis
853 3167 918 3238 Ida,
935 3150 962 3216 G,
975 3165 1168 3238 impenderat,
1184 3164 1309 3238 gratiam
1324 3163 1464 3221 exhibuit.
1477 3168 1522 3223 Tu
1536 3172 1645 3236 autem,
1662 3169 1796 3239 Domine,

96 3256 233 3318 refulsit:
250 3259 327 3315 sicut
349 3258 385 3314 de
409 3256 466 3315 alio
490 3273 542 3331 per
570 3254 760 3330 Evangelium
789 3254 919 3312 dicitur:
975 3253 1113 3311 miserere
1129 3252 1231 3310 nostri.
1249 3253 1306 3311 Deo
1320 3255 1440 3327 gratias.

134 3385 179 3468 (29
202 3381 368 3442 Maehtilrlis
383 3381 443 3438 sive
458 3379 620 3444 Mathildis,
637 3385 706 3435 nata
722 3384 802 3450 patre
818 3380 920 3435 Eusta-
975 3379 1186 3434 monachorum
1202 3383 1231 3434 et
1248 3378 1430 3435 mansionem
1447 3396 1548 3436 eorum
1564 3379 1629 3453 ipsa
1644 3380 1798 3467 disposue-

98 3454 163 3525 ehro
194 3455 219 3509 tl
233 3460 261 3510 et
276 3453 368 3511 Maria
384 3452 442 3508 filia
460 3450 593 3508 ltlalcemi
610 3451 685 3523 regis
698 3450 809 3506 Scotie.
826 3453 922 3522 Nupta
975 3457 1030 3516 rat,
1048 3451 1089 3505 uti
1106 3450 1209 3505 scribit
1231 3450 1360 3506 loannes
1385 3450 1464 3523 prior
1478 3451 1730 3526 hagustaldensis,
1747 3456 1799 3528 qui

98 3524 355 3596 eafuitStcphano
366 3523 463 3579 comiti
475 3521 605 3578 Blesensi
616 3527 645 3577 et
661 3521 819 3587 Meritonii,
831 3526 860 3576 et
870 3539 921 3594 per
974 3525 1044 3577 tunc
1060 3521 1183 3587 vivebat,
1201 3521 1229 3576 in
1254 3521 1421 3594 Appendico
1444 3523 1480 3579 ad
1504 3525 1660 3583 Smconom
1689 3527 1798 3584 Dunel·

98 3613 162 3654 enm
180 3595 313 3664 astante,
330 3611 383 3650 nec
407 3595 458 3649 diu
474 3598 540 3666 post
553 3593 583 3648 in
600 3609 697 3665 regom
714 3591 822 3661 Anglire
838 3610 919 3648 roro·
974 3609 1116 3648 mensem.
1131 3592 1203 3660 Quia
1225 3597 1326 3647 auctor
1349 3592 1421 3649 Vitae
1437 3594 1528 3666 hujus
1544 3597 1724 3654 matrimonii
1740 3615 1800 3656 uon

99 3673 178 3735 nato,
194 3667 306 3723 scilieet
330 3666 467 3723 Kalendis
489 3663 621 3721 ianuarii
635 3663 703 3719 anni
722 3664 809 3731 1136;
826 3669 855 3719 ct
870 3681 920 3719 su·
974 3664 1118 3732 meminit,
1136 3663 1314 3720 arbitramur
1329 3669 1395 3721 ante
1410 3664 1481 3722 illud
1507 3671 1623 3740 tempus
1639 3668 1706 3725 aum
1723 3669 1801 3727 scri·

96 3738 206 3815 perluit
225 3736 374 3799 Matbildis
397 3737 498 3810 regina
524 3752 617 3808 usque
640 3734 678 3791 ad
702 3735 918 3805 anna1m4153,
974 3735 1100 3808 psisse..
1583 3734 1586 3741 '

98 3809 216 3885 sepulta
230 3808 260 3866 in
275 3808 343 3869 villa
356 3808 437 3882 regia
453 3805 665 3876 Ferasbeimin
676 3823 734 3879 qua
745 3811 920 3864 conventum

745 4136 925 4264 atta
975 4136 1163 4270 Vl-TA
1280 4131 1283 4135 ’

420 4355 606 4417 Adct'ottlt
627 4354 780 4416 tonant}
801 4353 1050 4415 Gallianates
1072 4355 1266 4416 CANONIGO
1289 4355 1486 4416 REGULARI

726 4487 777 4559 (da
789 4502 839 4542 aaa.
854 4484 947 4541 eodem
962 4485 1184 4557 Rotam-Vallia.)

416 4772 617 4831 PROLOGUS.
941 4776 965 4840 ι)
978 4772 1129 4830 valeamus
1142 4771 1340 4844 ;atqueillam
1356 4770 1558 4831 delectabilem
1566 4790 1673 4832 >vocem
1686 4773 1811 4831 Domini

143 4867 168 4924 l.
185 4863 367 4922 Festiaitetes
383 4867 553 4920 sanctarum
574 4862 729 4919 viduarum
749 4860 930 4918 curriculosa
984 4859 1095 4927 audire,
1111 4859 1235 4918 dicentis
1251 4877 1258 4916 ι
1276 4860 1378 4930 Venite,
1395 4861 1528 4920 bcacdioli
1550 4864 1815 4935 stammam

104 4972 156 5029 per
170 4952 239 5010 anni
254 4957 386 5025 tempora
401 4953 472 5008 dum
489 4951 674 5023 revolvimus,
687 4951 848 5007 immensas
859 4950 929 5006 divi·
983 4952 1207 5026 cipiteureqaara
1236 4950 1306 5022 qaod
1331 4952 1407 5007 cottis
1434 4953 1677 5023 persanassent
1699 4952 1814 5021 entatu

104 5058 209 5101 narum
226 5040 368 5097 virtutum
384 5040 487 5097 laudes
501 5041 554 5097 soli
570 5041 629 5097 Deo
641 5040 794 5098 referimus
806 5057 813 5094 ε
826 5057 927 5096 earum
982 5039 1080 5096 raumli
1095 5038 1198 5113 [liuida
1214 5055 1279 5103 xxv,
1295 5039 1353 5111 34),
1366 5055 1418 5110 pro
1438 5038 1599 5109 laboribus,
1611 5040 1722 5114 quibas
1742 5043 1816 5105 etus

106 5127 300 5189 nihilominus
315 5128 455 5203 exemplis
470 5129 504 5189 ad
522 5145 652 5186 amorem
677 5128 804 5185 coelestis
828 5129 929 5201 patriae
984 5128 1065 5188 diosc
1093 5128 1250 5185 certastis:
1271 5126 1372 5200 ibique
1399 5128 1657 5191 immarcessibiles
1685 5136 1816 5188 cornuae

107 5234 262 5294 properare
277 5233 429 5288 conemur,
446 5221 592 5290 quatenus
609 5218 646 5274 ad
663 5217 846 5274 mansionem
862 5235 929 5290 per·
985 5215 1133 5289 accipietis
1148 5215 1245 5272 abillo
1265 5216 1315 5288 qui
1327 5215 1398 5274 dicit
1409 5233 1416 5275 :
1429 5217 1568 5280 tedoad
1590 5234 1644 5286 mi
1654 5226 1748 5277 aaut
1761 5219 1817 5291 psit

108 5306 188 5381 petui
204 5306 326 5373 deceris,
342 5305 391 5361 ubi
414 5304 465 5361 lux
485 5322 609 5361 summae
633 5306 775 5363 claritatis
795 5304 928 5377 refulget,
985 5307 1116 5362 fraternali
1130 5311 1156 5361 et
1169 5305 1277 5360 onerati
1297 5306 1371 5369 estis,
1387 5313 1414 5361 et
1426 5321 1475 5376 eqo
1490 5307 1612 5378 reficiam
1636 5307 1813 5383 oor;jooum

107 5400 363 5464 duetoresumnro
373 5397 504 5467 juvante,
522 5399 746 5467 perangustum
762 5393 863 5450 callem
880 5395 930 5466 qui
984 5396 1059 5451 enim
1071 5410 1162 5450 neam
1184 5402 1325 5450 aaooeest
1346 5401 1372 5450 et
1395 5409 1465 5454 onas
1483 5384 1818 5471 mearatleoer'fflnsttssssxp,

109 5483 191 5547 duait
204 5483 351 5546 adultam,
363 5482 546 5541 consecuturi
564 5498 614 5555 per
630 5498 679 5538 eoa
693 5487 722 5538 et
737 5499 804 5538 cum
819 5483 930 5539 eisdem
985 5482 1253 5556 attemptantes
1271 5483 1311 5538 ait
1322 5497 1329 5538 τ
1342 5483 1408 5551 Quis
1422 5500 1472 5540 nos
1495 5485 1635 5558 separabit
1648 5503 1666 5541 o
1679 5476 1818 5561 cham

70 5614 73 5620 -
110 5572 239 5632 fructum
264 5571 491 5647 scaagesimum,
506 5570 653 5651 perpetuis
669 5570 783 5631 nisibus
799 5571 932 5631 incedere
986 5570 1110 5631 Christi?
1136 5571 1332 5639 maalmeon
1345 5574 1433 5645 [qaae
1443 5575 1512 5641 im
1524 5571 1814 5648 [maismacensi
