3816 6006
56 284 117 344 tta
732 284 857 347 easta
879 284 1087 348 scaenam.
1702 292 1761 354 ets

58 420 126 488 post
142 414 307 489 ingressum
323 417 406 476 urbis
420 417 534 490 primus
550 417 631 474 fieret
646 423 811 490 occupator.
822 420 885 474 liae
899 421 926 486 Α
941 418 1013 473 vidit
1024 418 1156 475 victores.
1174 418 1353 475 Turbaverat
1377 419 1455 477 enim
1480 437 1576 492 regem
1600 422 1762 496 Memphios

58 504 184 563 forsitan
192 504 254 577 ipse
262 504 439 581 preteriisse
449 511 602 580 putatzcga
613 506 767 578 praesentia
777 507 880 574 habeo,
936 506 1116 563 Hierusalem
1131 512 1225 580 capta,
1241 505 1309 563 hinc
1321 507 1518 565 totafremens
1533 510 1764 584 AEgyptusequi-

58 610 118 651 aon
134 590 314 660 exciderunt,
328 599 408 652 stant
421 595 487 651 fixa.
509 595 619 653 Pudeat
629 596 759 668 judicem
773 596 804 651 iu
821 597 883 652 dies
938 600 1001 650 tum
1018 595 1158 651 trecentis
1174 595 1305 652 millibus
1322 614 1466 670 sexagena
1483 596 1691 667 cumulaverat,
1708 599 1762 657 uii-
1847 640 1854 646 -

59 685 176 741 mutare
187 683 362 754 ,serenatas
372 683 480 742 nedum
495 684 572 756 quod
585 683 646 740 beri
659 684 884 755 sanxerit,hodie
939 687 1075 755 seratque
1090 683 1229 740 bellatum
1254 685 1386 756 peditum
1417 702 1557 741 numerus
1581 687 1657 743 sicut
1672 689 1762 745 maris

59 774 159 845 neget,
175 770 885 845 etauguilubrieoconformeturetProtbeo.Nam
940 788 1036 827 arena
1052 773 1087 827 At
1105 773 1153 828 ubi
1168 773 1203 828 de
1219 773 1344 828 adventu
1369 772 1512 829 bellorum
1538 776 1706 832 nuntiatum
1717 781 1763 833 est

60 876 118 937 que
134 864 249 916 teneam
267 860 352 917 mede
368 864 531 917 mutantem
547 861 670 917 Protbea
679 861 787 918 vultus.
805 862 885 928 Quod
941 860 1079 928 Francis;
1096 859 1138 916 illi
1153 860 1231 916 velut
1245 879 1262 917 a
1274 863 1351 917 fame
1366 862 1402 918 ad
1418 861 1520 935 epulas
1530 866 1765 932 oceurrunt,fun-

60 948 84 1004 si
101 947 227 1004 fumasse
242 948 353 1022 primes
369 948 466 1004 aditus
482 949 537 1005 sibi
554 953 687 1021 usurpat,
704 949 732 1004 in
749 949 804 1004 bae
819 965 888 1021 quo·
943 949 1018 1004 dunt
1033 949 1124 1005 nostri
1150 950 1227 1022 quod
1253 949 1363 1005 dietum
1380 955 1434 1018 est,
1463 956 1492 1006 et
1520 952 1571 1007 ubi
1586 952 1696 1009 dictu-m
1707 958 1762 1022 est,

60 1053 117 1113 que
133 1041 216 1110 parte
231 1037 325 1093 vietus
340 1037 506 1095 succumbit
517 1037 686 1106 ;testaturei
703 1037 823 1093 forsitan
836 1037 889 1092 mi·
942 1037 1028 1110 pauci
1070 1037 1215 1094 multos:
1259 1056 1316 1111 quo
1358 1043 1454 1094 autem
1501 1040 1612 1107 ordire,
1657 1059 1765 1116 urgens

59 1124 888 1199 lesunus,sedexercitusmihi:quiaudierit,sedmillequi
938 1127 950 1198 j
976 1127 1024 1180 bet
1038 1126 1176 1198 preteriri
1193 1128 1376 1183 Tauoredus:
1393 1126 1527 1201 indulget
1551 1133 1648 1185 tamen
1671 1135 1764 1191 Asca-

59 1215 270 1286 aderantago
283 1215 397 1287 primus
413 1214 612 1288 irrui,primus
623 1219 721 1287 portas
732 1214 814 1289 fregi,
832 1231 888 1286 quo
943 1214 1050 1271 lenitas
1068 1220 1133 1289 post
1161 1215 1312 1273 victoriam
1337 1215 1439 1272 vexillo
1465 1217 1581 1272 comitis
1607 1217 1765 1276 Raimundi

61 1303 147 1377 sequi
162 1320 221 1366 non
237 1304 367 1371 auderet,
383 1320 435 1378 ego
451 1304 598 1378 pracessi,
614 1320 688 1376 quos
709 1319 762 1360 nec
778 1321 794 1359 a
809 1308 888 1376 tergo
944 1304 1763 1380 elato,sequesuasquetnrrcssubstringcremancipatos

61 1397 206 1467 spectare,
218 1409 270 1466 ego
286 1409 303 1449 a
318 1393 411 1449 fronte
423 1392 614 1449 debellavirlt
629 1394 714 1467 fugas
725 1410 794 1450 suas
804 1392 890 1449 uobis
944 1409 977 1448 ee
994 1410 1121 1465 namque
1135 1393 1269 1465 praeside,
1285 1393 1422 1450 Dauidica
1437 1398 1548 1450 tutores
1556 1412 1626 1452 suos
1638 1395 1766 1454 immise-

57 1484 164 1554 jactat‚
182 1479 520 1557 periculisconsuluisse‚
531 1483 714 1555 suggessisse
725 1483 760 1538 de
776 1481 889 1546 nuntio,
945 1485 989 1536 rat
1006 1480 1121 1549 illaesas,
1138 1499 1172 1536 ex
1185 1499 1242 1553 quo
1258 1481 1347 1553 hujus
1362 1481 1414 1536 viri
1441 1483 1513 1539 fidas
1536 1483 1566 1537 in
1594 1484 1700 1556 popula
1715 1484 1764 1543 illo

59 1569 184 1630 demum
201 1571 437 1637 nuntiasse.Quis
452 1572 523 1627 adeo
534 1571 667 1638 stolidus,
680 1589 696 1627 o
708 1571 891 1644 procereslut
945 1587 1052 1643 magna
1067 1570 1277 1626 celebrabatur.
1295 1573 1350 1627 Sed
1375 1577 1474 1628 exorta
1497 1572 1526 1627 iu
1542 1573 1715 1647 magistratu
1730 1575 1765 1633 de

60 1659 889 1734 exhisejusformidinemnonperpeudat‘lNempeups·
945 1659 1203 1732 magistratulite;
1227 1661 1304 1731 qued
1330 1662 1433 1716 sortito
1463 1678 1585 1733 regnum
1611 1663 1765 1722 Gedefrido

61 1746 156 1805 riculo
168 1747 284 1822 uspiam
295 1747 493 1812 mittihooest
507 1751 608 1805 abesse
619 1767 636 1805 a
648 1749 809 1822 perieuloet
818 1748 889 1805 libe·
947 1746 1129 1803 llaimundus
1145 1747 1233 1803 nollet
1243 1749 1397 1821 suffragari
1411 1750 1491 1817 ;urbs
1502 1750 1646 1823 neophyta
1658 1752 1695 1807 ad
1706 1752 1766 1809 ido·

61 1834 130 1890 rari.
147 1834 223 1901 Quid
238 1835 316 1907 quod
331 1840 360 1890 et
371 1836 527 1908 persuasit,
541 1842 569 1892 et
582 1853 613 1892 se
628 1835 762 1910 ingessit,
773 1841 801 1893 et
812 1836 889 1892 ultro
944 1835 1058 1892 latriam
1075 1837 1158 1901 redit,
1175 1841 1292 1909 spretus
1308 1837 1406 1893 comiti
1423 1838 1511 1894 simul
1528 1841 1634 1913 etjugo
1650 1841 1727 1913 regis
1737 1845 1767 1897 et

62 1921 231 1980 abscessit?
245 1922 390 1979 Nimirum
406 1940 440 1980 ex
459 1922 505 1980 his
517 1924 665 1999 colligitur
676 1926 752 1997 quod
763 1925 886 1999 aufugit:
943 1926 1166 1996 subjugatorum
1185 1925 1317 1994 habenis,
1334 1928 1411 2000 quod
1429 1928 1510 1984 nefas
1526 1929 1645 2001 quidem
1656 1929 1766 2003 expiari

63 2028 159 2086 neque
174 2011 253 2067 enim
267 2010 329 2067 hac
345 2012 503 2084 abscessio,
529 2015 579 2069 sed
603 2015 890 2088 veronominefuga
944 2013 1121 2082 nonliabet;
1147 2013 1214 2069 lieet
1238 2015 1373 2070 anaidem
1403 2014 1497 2071 multa
1514 2018 1578 2088 jam
1607 2015 1768 2074 clarificent

62 2102 189 2159 dicenda
204 2106 258 2158 est.
272 2102 418 2159 Justehoc
428 2101 602 2158 vocabulum
614 2103 761 2175 jactantie
771 2105 833 2173 ejus
845 2103 889 2157 in·
944 2103 1032 2174 probe
1049 2106 1139 2175 gesta,
1157 2108 1184 2157 et
1197 2109 1334 2158 maneant
1348 2104 1472 2160 clariora
1484 2107 1620 2177 ,superba
1634 2122 1767 2179 vanaque

62 2191 200 2259 tercidit;
217 2191 304 2263 euJus
319 2195 379 2247 teta
391 2190 524 2260 intentio,
537 2193 623 2248 ardor
633 2192 815 2258 unicus,sola
825 2191 890 2248 sitis
944 2190 1136 2264 indignatoris
1152 2193 1327 2266 contemptio
1339 2210 1466 2265 presens
1475 2198 1567 2249 totum
1577 2194 1710 2266 deturpat
1721 2211 1767 2253 ce·

64 2281 133 2353 fuga
149 2279 248 2336 fuerit.
263 2280 320 2336 Sed
336 2285 491 2337 excusatus
515 2282 576 2336 abit
590 2285 707 2353 propter
723 2298 791 2336 suos
816 2295 890 2352 quos
945 2279 1044 2334 mitem
1056 2284 1084 2334 et
1096 2281 1273 2351 preteritum
1287 2285 1315 2337 et
1331 2282 1473 2337 futurum.
1488 2283 1546 2337 lleu
1558 2281 1766 2350 miserlnescis,

63 2372 229 2436 enumerat,
249 2367 357 2442 quibus
380 2369 506 2425 occurrit
531 2374 642 2425 metus:
660 2370 792 2427 attendat
819 2368 890 2441 quid
944 2367 1000 2422 lieu
1017 2367 1123 2423 miser-l
1140 2386 1203 2440 quea
1218 2369 1345 2436 vincula,
1361 2387 1435 2442 quas
1458 2376 1571 2445 strages
1594 2370 1766 2430 innocentia

62 2457 117 2514 ista
135 2451 262 2527 s0⁴nant3
277 2455 357 2514 mille
373 2459 474 2522 modos
491 2459 568 2513 inter
590 2457 662 2514 lethi
687 2475 766 2514 mors
791 2457 844 2513 illa
857 2457 891 2512 ti·
944 2456 1044 2523 struis,
1062 2457 1132 2512 dum
1150 2458 1256 2530 stragis
1278 2458 1520 2532 vinculorumque
1535 2459 1766 2519 instrumentum

64 2546 138 2603 mori
156 2563 217 2621 qua
231 2547 325 2602 timidi
342 2563 454 2618 caepere
471 2548 555 2602 mori.
573 2546 664 2602 Pudet
680 2564 736 2612 me,
753 2552 889 2620 epatres‚
944 2544 1115 2601 Ascalonem
1132 2545 1231 2609 solvis,
1248 2553 1398 2603 nocentem
1412 2565 1468 2603 noa
1485 2549 1707 2623 premiajugum
1720 2551 1769 2607 de·

63 2637 155 2708 hujus
171 2635 340 2695 certaminis
352 2654 358 2704 ;
376 2636 412 2691 ad
426 2637 503 2709 quod
514 2640 623 2705 tamen,
641 2653 676 2691 ne
687 2636 742 2691 sibi
753 2635 890 2709 imputet,
945 2633 1047 2688 trraibis.
1065 2634 1252 2689 Mmstissima
1267 2635 1326 2689 baec
1342 2642 1397 2690 tuae
1409 2637 1620 2709 indignationis
1631 2638 1693 2694 dies
1704 2639 1768 2697 inss-

65 2742 123 2781 non
140 2740 189 2780 me
204 2724 792 2798 coegitadversarius;reverentievestre
806 2723 893 2780 ascri·
946 2723 1036 2776 uitam
1054 2723 1089 2776 ad
1107 2729 1237 2794 posteros
1253 2724 1409 2796 perniciem
1425 2725 1607 2781 transmittit.

66 2813 126 2879 bat,
143 2829 178 2869 ea
193 2829 240 2869 me
255 2810 381 2885 impulit.
397 2813 463 2868 lam
484 2829 552 2885 ergo
577 2812 721 2869 fatiscenti
738 2828 814 2884 equo
830 2813 892 2869 lora
998 2811 1135 2866 CXXXIX.
1152 2844 1186 2853 -
1205 2814 1353 2869 formatas
1368 2813 1498 2885 oppidum
1511 2818 1600 2870 Beana
1615 2819 1716 2873 muttit.

66 2902 271 2975 supprimam:
288 2901 359 2974 quid
374 2902 409 2957 de
424 2906 540 2974 peracto
564 2918 652 2958 eursu
674 2902 822 2971 debeatur,
841 2918 891 2957 vos
981 2901 1017 2953 At
1032 2900 1200 2954 Tancredus
1222 2916 1338 2971 semper
1360 2917 1391 2956 se
1413 2899 1571 2967 transiens,
1588 2919 1704 2974 semper
1732 2903 1767 2958 de

66 2990 235 3049 discernite.
249 3012 265 3041 »

219 3079 372 3137 CXXXVll.
387 3113 422 3123 -
435 3083 576 3138 Sententia
588 3097 742 3154 proceram.

946 2986 1148 3054 bonomelior,
1179 3004 1294 3059 semper
1324 2990 1380 3044 fleo
1408 2988 1584 3045 sublimante
1608 2989 1766 3048 humilier:

946 3075 1080 3146 quamvis
1094 3092 1182 3148 opum
1199 3076 1353 3147 adeptione
1376 3075 1558 3150 templalium
1582 3096 1639 3151 pre
1656 3079 1767 3137 ceteris

100 3169 810 3243 cumqeebaeeverboruminauribusprinetpum
821 3188 888 3226 con·
905 3155 926 3221 C
947 3164 1089 3231 abundet;
1107 3165 1161 3219 sub
1181 3181 1247 3237 rege
1262 3170 1360 3221 tamen
1377 3183 1448 3222 novo
1464 3165 1581 3234 militat,
1598 3168 1767 3239 neojugum

65 3259 217 3319 sonuisset
230 3258 430 3315 dissonantia:
448 3258 504 3332 ipsi
515 3260 578 3332 jam
604 3259 639 3314 ad
660 3258 827 3332 equitatem
848 3276 892 3315 re·

64 3347 241 3424 spondentis
256 3346 436 3422 equanimes
458 3344 582 3415 redditi;
600 3346 694 3419 sopita
709 3347 829 3415 invidia,
842 3349 891 3420 ju·

65 3437 179 3496 stitiam
205 3442 382 3494 assumatur.
399 3435 528 3492 Medium
557 3437 705 3508 quoddam
728 3434 891 3505 inveniunt,

65 3544 123 3600 qno
139 3541 195 3583 nec
208 3525 317 3583 frustra
331 3521 537 3581 declamaverit
550 3525 731 3598 Arnulphus,
747 3541 800 3581 nee
811 3542 893 3599 para-

66 3615 103 3674 iis
113 3613 234 3688 proprio
249 3613 393 3687 sanguine
407 3613 513 3684 opibus
538 3613 696 3669 frustretur
711 3615 890 3671 Tancredns.

65 3703 206 3763 iudicant
222 3702 379 3759 uberanen
396 3703 499 3759 debere
512 3702 639 3775 relinqui
656 3702 814 3775 aridaque
828 3708 892 3758 tan-

66 3797 129 3850 tum
140 3788 229 3850 lactis
240 3791 404 3855 effuderint,
415 3808 482 3846 cum
499 3791 661 3863 presertim
671 3790 812 3847 Tanoredi
822 3790 892 3849 libe·

66 3880 168 3939 ralitas
184 3876 250 3951 aliis
264 3897 321 3935 nen
337 3879 413 3935 desit
427 3877 559 3935 ecelesiis
569 3878 655 3934 :bano
670 3879 813 3953 precipue
828 3896 891 3952 quac

65 3968 222 4042 iudignum
238 3966 348 4034 ditavit,
362 3966 445 4023 debet
462 3965 560 4040 etipse
575 3982 658 4022 versa
673 3966 836 4024 vioefovere
848 3969 892 4024 in·

66 4057 198 4130 dignam.
216 4056 289 4125 Quid
301 4056 406 4130 plura‘l
418 4055 611 4128 septingentis
621 4053 764 4127 templum
773 4057 894 4114 redonat

67 4140 198 4203 marchis
213 4142 333 4200 consilio
347 4142 514 4217 principum
530 4142 731 4210 Marcbisides,
745 4160 803 4201 nou
819 4144 892 4201 invi-

67 4239 134 4290 tus:
151 4231 208 4290 hoc
224 4233 319 4290 medio
334 4232 555 4305 'conjunguntur
569 4230 620 4304 qui
635 4231 767 4304 abJuucti
779 4234 894 4290 fuerant

66 4320 138 4377 viri:
154 4320 243 4378 ambo
267 4319 427 4395 conspicui,
446 4319 533 4376 amba
562 4319 598 4375 ab
623 4319 727 4375 humili
749 4325 892 4393 potentes,

67 4411 155 4466 ambo
170 4408 303 4465 omnium
320 4407 439 4480 invidia,
455 4425 523 4464 cum
548 4414 650 4462 neuter
665 4407 721 4462 nisi
737 4407 809 4463 forle
822 4406 893 4465 alts-

67 4503 185 4554 rutrum
200 4496 350 4554 invideret.
368 4496 408 4552 De
425 4495 637 4569 quibussimile
650 4493 691 4550 illi
707 4497 784 4567 quod
797 4498 893 4555 delle·
908 4519 931 4587 D

66 4591 147 4643 ctare
162 4590 192 4642 et
214 4584 311 4641 AEnaea
334 4585 425 4641 edidit
452 4583 641 4653 Mantuanus,
668 4584 846 4640 confidenter
864 4590 892 4641 et

67 4675 131 4749 ipse
146 4671 330 4748 protulerim.

158 4763 191 4820 st
199 4761 253 4819 cleo
264 4769 398 4837 praterea
410 4763 530 4818 misisset
546 4761 653 4817 Gallaea
667 4762 734 4818 tales

161 4853 244 4909 Terra
256 4853 341 4920 viros,

61 4945 127 5017 jam
143 4941 258 4999 dudum
272 4939 369 4997 Gallos
379 4939 639 5012 babuisseatreges
648 4939 792 5012 Memphis
803 4943 831 4995 et
843 4941 894 4996 Ba·

66 5031 175 5106 bylon:
191 5035 273 5089 tanta
287 5029 394 5086 enituit
406 5027 499 5085 virtus
514 5029 544 5083 in
559 5027 614 5083 hoe
625 5027 777 5096 Facundiae,
790 5027 820 5082 in
844 5027 893 5086 illo

65 5119 210 5189 audacia,
223 5118 253 5175 in
272 5124 395 5193 utroque
409 5116 604 5184 liberalitatis,
621 5114 816 5184 discretionis,
833 5116 893 5173 sol-

63 5207 240 5277 licitudinis,
251 5206 386 5281 justitia,
407 5206 578 5281 prudentia.

135 5294 254 5356 CXXXV
256 5296 305 5354 Ill.
321 5329 356 5339 -
370 5297 474 5354 Franci
486 5296 538 5353 cub
552 5295 683 5353 Ascalone
700 5296 820 5351 victores.

946 3251 1114 3324 indignans
1131 3269 1184 3307 nec
1200 3251 1386 3308 solitudinem
1398 3269 1590 3326 expavescens
1600 3254 1639 3309 :iu
1650 3255 1679 3311 id
1688 3254 1766 3311 enim

947 3356 1062 3394 summe
1075 3340 1159 3396 miles
1174 3338 1295 3394 militem
1312 3341 1463 3413 redegerat
1478 3341 1634 3397 haereutem
1650 3342 1766 3412 abiens3

946 3434 978 3485 nt
993 3429 1177 3503 congregatis
1192 3429 1339 3497 omnibns,
1354 3430 1400 3483 vix
1413 3430 1543 3486 ducentae
1559 3429 1653 3488 loricae
1665 3432 1767 3488 Hieru-

946 3519 1037 3574 salem
1059 3523 1218 3574 tuerentur.
1251 3519 1270 3574 Ε
1296 3517 1403 3590 quibus
1431 3519 1628 3576 Wiscardides
1651 3520 1767 3576 circiter

946 3608 1093 3679 octoginta
1108 3607 1162 3662 sibi
1178 3606 1287 3676 ascitis,
1304 3608 1408 3663 uberes
1430 3608 1542 3679 predas
1558 3613 1585 3663 et
1600 3608 1767 3681 frequentas

946 3695 1076 3768 undique
1092 3695 1270 3764 corradebat,
1287 3695 1438 3768 predones
1460 3697 1495 3751 ab
1521 3699 1591 3753 urbe
1613 3696 1768 3770 vigilanter

947 3786 1072 3852 arcebat,
1085 3784 1191 3839 ditator
1206 3785 1323 3852 civium,
1339 3784 1466 3849 bostium
1483 3787 1711 3858 pauperatoslia
1726 3785 1768 3844 ni·
1804 3780 1816 3791 ’

947 3875 1055 3929 mirum
1070 3871 1234 3928 sollicitudo
1249 3872 1342 3927 virum
1360 3872 1475 3945 impulit
1499 3875 1535 3930 ad
1551 3875 1702 3936 munimen
1718 3891 1767 3948 op-

946 3962 1006 4035 pidi
1021 3963 1098 4034 quod
1114 3978 1192 4016 nune
1202 3962 1301 4029 Besae,
1314 3961 1383 4016 olim
1396 3962 1524 4018 bezamis
1534 3962 1658 4037 legimus
1671 3960 1767 4036 appel-

946 4051 1049 4106 latum.
1066 4049 1159 4104 Locus
1175 4047 1222 4103 ille
1238 4049 1275 4103 ab
1285 4048 1465 4105 Hierusalem
1475 4054 1675 4118 remotus,uon
1686 4065 1765 4118 saxo,

946 4157 1003 4195 non
1020 4136 1097 4210 palo,
1114 4154 1170 4192 uon
1194 4154 1298 4210 aggere
1322 4137 1471 4193 munitus:
1489 4144 1625 4210 aquatore
1641 4156 1694 4195 suo
1709 4143 1767 4195 ter-

947 4231 1028 4283 rebat
1041 4225 1205 4299 indigenas,
1224 4227 1343 4283 advenis
1360 4226 1431 4282 nibil
1443 4225 1654 4283 blandusNam
1664 4232 1769 4302 prater

947 4321 1058 4382 caetera,
1075 4315 1174 4389 populi
1190 4315 1530 4388 frequentiacircumfusi
1541 4317 1605 4386 jam
1615 4316 1768 4373 obsidebat

948 4405 1117 4470 innocuum,
1133 4409 1284 4459 nocentem
1301 4405 1457 4461 obsessura
1470 4402 1562 4460 multe
1578 4402 1766 4476 frequentior.

947 4492 1054 4549 Verum
1071 4493 1099 4548 id
1115 4493 1212 4564 ipsum
1228 4493 1392 4566 previderat
1406 4492 1527 4547 audacia
1542 4491 1605 4560 viri,
1619 4497 1646 4548 et
1662 4509 1768 4564 quem·

947 4583 1105 4638 admodum
1121 4585 1240 4636 venator
1255 4598 1369 4648 nemus,
1386 4585 1437 4635 aut
1452 4581 1572 4636 dumeta
1587 4596 1704 4652 auceps,
1715 4596 1767 4637 no-

946 4677 1027 4727 verat
1041 4672 1118 4726 unde
1133 4671 1226 4741 major
1242 4669 1342 4740 prede
1355 4668 1437 4742 copia
1449 4669 1565 4725 deberet
1580 4668 1768 4742 avellilgitur

947 4760 1039 4817 liezan
1052 4759 1127 4814 vallo
1143 4764 1291 4830 utcunque
1303 4758 1500 4813 circumducto
1513 4759 1769 4826 vestitum,caetera

947 4865 998 4920 per
1012 4847 1166 4902 circuitum
1184 4845 1463 4919 municipiaspoliat‚
1476 4852 1558 4902 arata
1568 4844 1768 4919 disjungimu-

947 4954 1016 5011 gum
1034 4954 1050 4991 a
1065 4936 1135 4997 bove
1151 4936 1185 4989 ad
1202 4935 1347 4990 rusticum
1371 4935 1518 5003 transfert,
1535 4934 1645 4990 claudit
1668 4930 1769 4990 merei·

949 5028 1003 5082 bus
1020 5024 1089 5092 trias,
1107 5025 1230 5080 urbibus
1255 5029 1363 5095 portas.
1389 5024 1500 5092 Quibus
1526 5024 1621 5098 plagis
1643 5021 1768 5095 Caiphae

948 5114 1066 5183 afflicta,
1082 5113 1216 5187 quamvis
1231 5112 1305 5168 mari
1320 5119 1349 5169 et
1363 5113 1494 5170 turribus
1509 5119 1592 5186 septa
1607 5112 1719 5180 civitas,
1728 5111 1769 5167 fa·

947 5203 1027 5258 tiscit
1041 5207 1156 5258 tamen:
1173 5200 1402 5273 primoquidem
1427 5201 1582 5258 tormentis
1602 5200 1767 5257 balearibus

947 5293 1133 5359 obruta,m0x
1144 5307 1195 5363 per
1205 5290 1300 5355 funes,
1312 5307 1363 5363 per
1372 5296 1541 5364 pontes,per
1554 5288 1647 5346 scalas
1659 5286 1768 5346 immis-

98 5388 168 5446 Jam
183 5385 363 5444 transierant
377 5389 444 5459 post
459 5384 597 5459 predicta
612 5383 686 5451 dua,
696 5386 725 5438 et
740 5383 775 5438 ab
791 5385 892 5440 eadem
948 5398 996 5437 sos
1011 5397 1165 5436 mucrones
1179 5395 1274 5452 passa.

66 5481 174 5553 quarta
187 5490 344 5557 parasceve
357 5472 498 5546 fulgebat,
522 5472 573 5529 illa
595 5488 712 5545 quopue
735 5471 894 5545 geminavit
947 5471 1024 5527 CXL.
1040 5501 1072 5510 -
1088 5467 1262 5525 beamundus
1275 5477 1301 5525 et
1317 5469 1469 5528 aeduinus
1478 5470 1628 5529 fossulam
1638 5476 1766 5542 perabat.

67 5562 215 5629 letitiam:
232 5562 342 5644 quippe
356 5563 412 5624 sub
425 5559 574 5627 moclena
599 5559 747 5620 moenibus
767 5561 893 5625 Francos
983 5560 1033 5620 llis
1058 5557 1161 5617 diebus
1176 5557 1366 5623 Boamundus
1380 5565 1409 5624 et
1424 5559 1588 5643 baldoynus
1615 5556 1768 5620 Gottifredi
