3816 6006
170 283 230 350 653
425 288 476 348 AD
499 285 755 350 oousreloun
780 286 946 349 APPEND.
970 284 1009 345 ll.
1027 317 1063 330 -
1079 282 1235 346 Mosen.
1259 285 1309 344 bb
1330 283 1456 345 DllLLO
1478 283 1614 345 SACRO.
1810 275 1872 346 656

169 419 260 493 pitius
288 419 440 489 Dominus,
457 418 546 475 simul
572 438 607 475 ne
631 419 786 475 adversarii
815 416 907 473 nostri
936 416 991 490 legi
1006 417 1125 485 Auium
1137 417 1223 472 secuti
1236 433 1331 471 summ
1345 418 1491 472 Dominum
1505 432 1590 488 usque
1613 417 1648 472 (ut
1672 416 1761 472 temam
1779 433 1872 473 osem-

169 509 233 580 ejus
259 507 443 576 insultarent,
466 508 617 564 dicentes:
645 510 696 565 itti
717 517 756 564 est
780 512 850 564 Deus
874 509 994 564 eorum?
1046 507 1133 570 sionis
1156 505 1226 577 ejus,
1250 512 1276 560 et
1299 505 1413 561 ulterius
1434 523 1546 578 perpere
1570 507 1724 578 nequimus,
1741 505 1873 562 condonet

167 597 317 653 mandavit
332 597 647 671 nobisperopiscopum
658 597 989 653 Poiliensemdominum
1048 595 1235 666 unisquisque
1248 596 1332 666 fratri
1355 610 1404 650 suc
1428 597 1477 667 piri
1490 594 1573 652 tersus
1587 603 1635 661 est,
1653 602 1683 651 ut
1698 600 1769 651 Deus
1783 597 1872 652 omui·

166 686 353 754 Ademarum‚
370 687 496 760 qualiter
510 688 583 742 iram
599 689 662 757 ejus
678 685 989 759 placerepossemuset
1047 691 1140 756 potens
1154 685 1233 738 nobis
1249 685 1312 755 fieri
1324 685 1408 755 possit
1417 685 1561 756 propitius.
1577 683 1651 750 Quid
1668 683 1785 740 multat
1799 685 1872 741 Con-

167 774 322 848 impctrere
338 776 577 832 misericordiam.
594 775 648 832 Sed
666 780 695 831 et
709 792 773 845 nos,
789 777 824 832 de
850 776 988 831 mandato
1049 773 1232 827 donaverunt
1246 789 1359 837 omnes,
1376 777 1403 827 et
1416 772 1592 846 largissimis
1607 771 1800 846 eleemosynis
1820 771 1870 830 Dei

168 863 284 919 Domini
300 863 633 930 reticentes,iaciendum
649 881 713 921 esse
727 863 800 920 illud
817 864 991 936 praedieaba·
1050 860 1281 917 misericordiam
1309 860 1507 933 appellabant,
1533 865 1566 917 ut
1589 862 1619 916 in
1643 863 1701 918 fine
1728 863 1872 935 populum

170 968 286 1021 mosne
301 953 324 1008 si
341 952 467 1026 populus
481 953 537 1009 hoc
552 954 723 1008 mandatnm
740 953 991 1025 preterisseteul-
1050 967 1137 1006 suurn
1154 949 1231 1006 Deus
1247 966 1303 1005 nou
1318 951 1473 1017 desereret,
1489 968 1577 1024 quem
1604 968 1696 1024 usque
1722 953 1758 1008 ad
1783 953 1872 1010 fincm

170 1040 276 1114 pabilis
292 1042 396 1112 magis,
414 1042 540 1097 maxime
554 1041 932 1114 affligeretur.Dtenimtom
949 1043 996 1098 be·
1049 1037 1174 1112 gloriose
1189 1044 1218 1094 et
1233 1038 1408 1095 mirabiliter
1429 1040 1598 1097 adduxerat.
1617 1041 1751 1098 Placatur
1774 1042 1873 1116 itaque

171 1130 279 1203 nignus
294 1146 364 1204 erga
379 1147 432 1186 nos
445 1135 506 1186 erat
523 1131 663 1187 Dominus
680 1135 713 1187 ut
736 1130 847 1204 legatos
872 1149 943 1187 suos
959 1131 993 1186 ad
1050 1127 1099 1183 Dei
1117 1128 1328 1196 misericordia,
1345 1128 1483 1201 quoniam
1507 1130 1606 1186 omnia
1629 1147 1693 1203 quas
1717 1132 1799 1204 prius
1824 1150 1874 1189 no-

171 1233 226 1274 nos
241 1218 378 1286 mitteret,
386 1219 435 1275 sed
452 1219 522 1291 quia
536 1220 640 1275 iratres
656 1223 748 1288 erant,
766 1236 824 1274 non
838 1219 997 1276 credebant
1050 1214 1096 1272 bis
1110 1217 1232 1273 adversa
1253 1217 1378 1285 lucrant,
1395 1235 1473 1274 nunc
1489 1220 1640 1276 commode
1664 1221 1749 1277 nobis
1773 1238 1873 1294 prove-

171 1307 223 1363 eis.
242 1307 368 1364 Locutus
384 1310 428 1364 est
442 1324 510 1382 ergo
525 1308 681 1381 episcopus
693 1309 776 1364 Petro
792 1308 997 1376 Desiderio,di-
1051 1306 1179 1361 niebant.

171 1411 241 1453 cens
258 1413 264 1450 :
281 1397 400 1468 toquere
423 1396 458 1452 ud
480 1399 620 1469 principes
641 1405 667 1454 et
690 1398 725 1453 ad
747 1413 844 1453 omnen
865 1398 997 1470 populum
1327 1394 1443 1453 CAPUT
1461 1395 1596 1454 xxxvii.

172 1492 199 1541 et
221 1485 313 1541 dices:
328 1485 442 1558 Vesuui
457 1487 569 1542 venistis
584 1485 616 1542 de
634 1494 690 1542 tam
705 1486 863 1558 lonqinquo·
873 1489 997 1560 repient·
1087 1483 1143 1539 Sed
1157 1482 1225 1540 licet
1239 1484 1333 1540 multa
1346 1486 1874 1562 pretereamus‚hocunompreterire

175 1576 233 1642 mu,
249 1582 280 1631 ut
293 1576 376 1631 Deum
396 1583 422 1631 et
443 1576 592 1632 Dominum
615 1577 784 1631 exercituum
805 1577 849 1631 liic
870 1574 995 1644 adoretis,
1051 1589 1109 1628 non
1119 1571 1214 1629 libuit.
1227 1572 1300 1629 Cum
1311 1573 1504 1630 circuiremus
1514 1574 1659 1632 civitatem
1676 1579 1711 1634 de
1721 1578 1793 1636 ioris
1805 1594 1872 1637 cum

174 1664 356 1736 sanctificemi
379 1665 413 1719 ob
450 1663 633 1720 immunditiis
661 1664 757 1720 uestris
788 1672 814 1721 et
845 1673 998 1720 reuertatur
1052 1661 1248 1735 processionis
1276 1662 1570 1729 tumullu‚Sarraceni
1586 1669 1614 1720 et
1628 1666 1713 1723 Turci
1738 1667 1815 1725 inira
1838 1670 1876 1726 ci-

175 1754 343 1825 unspuispue
369 1752 403 1808 ab
427 1755 552 1825 operibus
575 1754 633 1808 suis
655 1753 758 1825 procis.
784 1753 816 1807 lit
837 1760 897 1824 post
929 1753 996 1821 hee,
1013 1785 1036 1852 B
1051 1750 1170 1806 vitatem
1187 1740 1874 1825 gyrabantmultimodenosderidenlesmultas

175 1841 259 1897 nudis
272 1842 388 1914 pedibus
401 1843 516 1898 circuite
536 1841 697 1909 Jerusalem,
722 1843 877 1897 inuocantes
902 1841 995 1908 Deum,
1053 1856 1153 1896 eruces
1169 1856 1258 1913 super
1273 1857 1374 1897 muros
1389 1841 1537 1914 ponebant
1550 1841 1580 1898 in
1596 1843 1875 1916 patibulisnllieien-

175 1938 202 1987 et
211 1931 344 2004 jejunate.
361 1930 393 1986 Si
406 1933 446 1986 sic
460 1931 580 2000 eperitis,
596 1938 622 1986 et
640 1931 864 2001 oppupnareritis
888 1930 998 1987 Jerusa-
1052 1933 1097 1984 tes
1112 1945 1161 1984 ees
1176 1945 1244 1983 cum
1261 1930 1428 1986 verberibus
1443 1935 1472 1985 et
1494 1932 1689 1989 contumeliis.
1707 1936 1820 2002 Quibus
1835 1938 1873 1994 si-

177 2019 230 2075 tem
250 2020 371 2075 viriiiter
393 2035 478 2092 usque
506 2019 541 2074 od
563 2035 658 2075 eonem
684 2017 750 2086 dies,
767 2018 898 2091 capietur.
923 2019 999 2076 Atio·
1053 2016 1119 2090 gnis
1134 2034 1192 2073 non
1209 2017 1332 2074 evicino
1348 2017 1579 2076 misericordiam
1595 2020 1646 2078 Dei
1659 2030 1821 2096 sperantes,
1837 2026 1872 2082 ad

177 2110 256 2181 quin,
270 2109 365 2164 omnio
380 2110 455 2163 muto
481 2122 543 2186 qum
563 2109 640 2180 possi
665 2109 739 2173 estis,
756 2107 830 2163 vebis
855 2109 999 2167 nDomiuo
1054 2107 1278 2178 expugnandam
1294 2107 1451 2174 civitatem,
1463 2109 1509 2164 die
1525 2114 1670 2183 noctuque
1683 2113 1821 2186 operibus
1834 2114 1875 2172 in·

174 2198 442 2271 muttiptieobuutur.
460 2197 591 2269 Cumque
603 2196 663 2252 hac
680 2196 801 2252 dixisset
817 2197 952 2254 sacerdos
963 2198 998 2254 ad
1054 2195 1214 2251 stabamus.
1221 2195 1410 2252 Pralecorant
1426 2196 1523 2270 itaque
1539 2199 1597 2254 dux
1612 2205 1640 2256 et
1655 2216 1752 2259 comes
1768 2202 1874 2261 North·

176 2285 413 2359 iratremssipsius
439 2285 567 2359 episcopi
592 2284 731 2342 Willelmi
754 2285 884 2358 Ugonem
911 2290 939 2343 et
962 2287 998 2343 ad
1054 2284 1179 2339 mannis
1196 2289 1224 2341 et
1241 2284 1382 2341 Flandriae
1398 2285 1554 2343 Gastonem
1581 2288 1616 2344 de
1641 2288 1750 2347 Daardo
1774 2310 1875 2366 opera·

174 2377 340 2434 Ysoardum
356 2373 492 2432 comitem
508 2373 659 2430 dominum
685 2391 783 2442 suum,
801 2380 828 2429 et
850 2374 886 2430 ad
911 2392 999 2448 quos·
1054 2372 1106 2428 riis
1122 2374 1172 2446 qni
1188 2374 1340 2431 machinas
1355 2376 1575 2442 construebant,
1590 2382 1618 2433 et
1633 2382 1727 2437 crates
1746 2385 1774 2437 et
1789 2398 1875 2456 agge-

176 2466 244 2522 dam
262 2465 297 2521 de
312 2464 388 2520 clero
404 2464 641 2519 coadunaverunt
656 2462 812 2518 eonsilium
828 2463 876 2519 die
890 2464 999 2536 princi·
1053 2478 1110 2527 res,
1127 2463 1164 2518 ad
1181 2463 1377 2519 invadendum
1394 2482 1510 2520 murum
1529 2464 1750 2539 componebant.
1762 2471 1812 2528 llic
1828 2488 1877 2529 au-

176 2555 275 2628 pibus,
291 2555 368 2610 etde
383 2553 462 2610 omni
479 2552 627 2625 populo,et
642 2552 795 2608 dixerunt:
815 2555 878 2609 Viri
890 2555 998 2624 fratres,
1054 2554 1112 2605 tem
1128 2551 1216 2606 Gasto
1232 2552 1436 2608 nobilissimus
1451 2552 1690 2628 principes,apud
1706 2574 1808 2616 omnes
1822 2561 1876 2618 ho·

176 2644 384 2717 vesssscitisquae
398 2659 481 2699 ceusu
496 2643 604 2698 itineris
616 2644 704 2697 nostri
717 2644 754 2697 sit
779 2660 812 2698 ec
826 2651 909 2699 toute
924 2643 1000 2716 defu-
1054 2644 1175 2695 uocatus
1199 2644 1271 2706 erat,
1288 2640 1424 2698 utilitatis
1449 2660 1508 2698 sure
1531 2648 1560 2699 et
1582 2645 1736 2716 probitatis
1760 2648 1874 2720 merito,

177 2734 337 2802 tipatiouis,·
351 2740 377 2788 et
390 2733 559 2803 neptieeuter
570 2733 688 2801 opirius,
703 2729 769 2786 adeo
785 2739 814 2786 ut
827 2748 914 2803 ucquc
928 2748 999 2788 com-
1054 2732 1141 2801 atque
1156 2727 1222 2785 ideo
1233 2747 1308 2802 opus
1321 2730 1876 2813 sibiaprincipibuscommissumsage-

176 2840 305 2898 paremus
319 2840 352 2880 ee
366 2822 672 2897 pernecessariarum
686 2819 721 2875 od
736 2821 945 2892 oppupuundem
960 2823 999 2877 ei·
1054 2818 1125 2873 citer
1138 2818 1278 2891 operariis
1293 2819 1588 2894 dividens,sapienter
1597 2823 1785 2883 accelerabat.
1794 2828 1875 2885 Prin-

179 2915 300 2981 vitotem,
315 2927 401 2984 ueqsre
415 2927 511 2967 euram
525 2910 645 2979 perimus
664 2909 794 2981 quomodo
815 2909 902 2965 Deum
922 2911 1001 2966 nobis
1053 2906 1131 2980 cipes
1140 2912 1237 2963 autem
1247 2911 1360 2964 tantum
1373 2910 1616 2982 gerebantcurarn
1623 2914 1658 2969 de
1665 2919 1874 2988 comportanda

178 3002 394 3069 reconcitiemur,
411 3015 488 3071 quem
503 3006 558 3054 tom
571 2997 761 3069 multipliciter
774 3013 864 3054 omues
886 2999 916 3053 in
939 3015 999 3055 om·
1053 2994 1199 3070 lignorum
1217 2999 1381 3067 materia,ot
1395 2999 1491 3068 Gesto,
1508 3000 1543 3056 de
1559 3004 1763 3062 construendis
1779 3023 1874 3065 neces-

176 3091 259 3148 uibus
273 3087 455 3164 offeredimus,·
470 3103 549 3161 quem
563 3103 580 3142 a
594 3087 671 3142 uobis
691 3087 857 3158 repulimus,
873 3096 898 3143 et
921 3088 1001 3158 torpe
1054 3085 1139 3142 seriis
1163 3085 1390 3143 sollicitudinem
1407 3088 1521 3162 agebat.
1538 3089 1678 3150 Similiter
1692 3110 1789 3152 comes
1805 3092 1873 3153 Dai-

175 3181 292 3237 muttum
304 3195 355 3252 per
368 3185 460 3234 costra
469 3192 556 3249 percu
574 3191 656 3248 opero
679 3177 789 3231 anobis
803 3175 993 3248 effecerimus.
1012 3158 1033 3225 C
1052 3175 1182 3231 mundus
1201 3176 1368 3248 proiecerat
1389 3176 1571 3235 Willelmum
1596 3179 1707 3238 Dichau
1732 3184 1872 3256 operariis

173 3271 301 3335 Etuuuc,
316 3271 343 3324 si
356 3268 430 3324 vobis
440 3267 547 3339 justum
565 3264 681 3330 videtur,
697 3265 887 3321 reconcilietur
906 3282 995 3321 unica·
1050 3264 1113 3320 suis
1137 3263 1166 3320 in
1190 3269 1319 3321 montem
1335 3265 1416 3337 Sion,
1432 3271 1461 3322 et
1485 3266 1655 3342 episcopum
1671 3271 1871 3331 albariensem

174 3362 289 3434 quisque
302 3359 388 3431 srutri
410 3373 458 3412 suo
483 3371 562 3427 quem
586 3353 707 3426 offendit,
725 3362 752 3410 et
773 3357 860 3424 frater
882 3353 996 3424 boninus
1050 3352 1262 3423 Sarracenis,ct
1277 3353 1342 3410 aliis
1357 3354 1407 3427 qui
1420 3353 1500 3428 ligne
1514 3356 1872 3436 deserebantbcceporant

172 3450 258 3522 tratri
271 3446 409 3504 condonet.
427 3446 459 3500 lit
471 3452 530 3515 post
544 3444 604 3500 lure
621 3443 800 3498 leumitiemur
823 3443 885 3508 Dco,
901 3450 927 3498 et
939 3444 994 3498 cir·
1050 3458 1177 3514 namque
1192 3441 1326 3498 homines
1341 3443 1466 3512 comitis,
1485 3446 1578 3503 multa
1601 3447 1720 3504 castella
1744 3456 1772 3506 et
1786 3450 1870 3510 villas

174 3552 331 3594 annuemus
344 3535 493 3591 leucatem
507 3531 589 3587 nudis
604 3530 754 3603 peditarum
769 3533 820 3587 Dei
844 3533 996 3588 misericor
1049 3529 1288 3599 Sarramnmnm,
1312 3537 1341 3588 et
1364 3532 1542 3604 Sarracenis,
1567 3536 1651 3608 quasi
1676 3539 1768 3596 servis
1795 3541 1868 3611 suis,

171 3619 806 3697 etempersueuorumpmrccmmappellemus,
817 3621 903 3676 utitte
919 3626 994 3676 Deus
1047 3636 1135 3692 opera
1150 3620 1336 3691 indicebant3
1353 3621 1402 3694 qui
1417 3623 1631 3696 quinquaginta
1649 3626 1692 3684 vel
1718 3630 1870 3703 sexaginta

171 3716 349 3785 omnipotens,
366 3713 432 3784 quic
445 3726 495 3782 pro
509 3709 598 3776 rectis,
614 3706 645 3763 dc
658 3708 736 3763 euobis
754 3709 839 3763 seruis
853 3709 911 3763 suis
935 3725 993 3765 cer·
1047 3709 1202 3780 portabant
1218 3728 1271 3766 suo
1288 3711 1362 3767 coilo
1379 3711 1491 3768 trabem
1516 3714 1684 3782 maximam,
1702 3734 1789 3790 quam
1809 3737 1868 3777 non

170 3820 233 3860 nem
247 3802 403 3873 assumpsit,
414 3799 556 3855 exinanite
570 3799 661 3870 formo
684 3795 803 3852 dominii
824 3798 880 3863 sui,
895 3805 920 3853 et
944 3799 994 3869 qui
1046 3796 1191 3854 deferrent
1206 3803 1331 3871 quatuor
1345 3799 1427 3872 paria
1446 3800 1545 3869 boum,
1562 3803 1598 3858 ad
1623 3804 1774 3862 machinas
1798 3824 1867 3864 con-

170 3893 314 3949 humititer
339 3905 420 3962 super
442 3891 551 3945 asinam
573 3887 677 3952 sedens,
699 3904 833 3958 possemus
858 3890 888 3943 iu
913 3905 993 3944 cruce
1046 3888 1201 3944 struendas
1215 3888 1473 3955 Jerusalemouid
1490 3889 1718 3950 multatomnes
1734 3913 1791 3952 nno
1807 3896 1867 3954 ani·

168 3983 265 4039 mortis
279 3980 446 4053 supplicium
458 3976 837 4050 proceleusmaticum
852 3978 991 4045 inpressos
1045 3990 1093 4031 mo
1108 3975 1252 4050 parilique
1268 3993 1412 4034 consensu
1428 3994 1502 4051 opus
1518 3981 1742 4056 agebant‚atque
1757 3983 1867 4042 labora-

168 4078 218 4136 est,
236 4068 323 4125 turbis
337 4070 364 4124 ei
378 4065 581 4123 occurrentibus
603 4081 666 4120 cum
688 4082 786 4134 monne
810 4068 990 4137 processionis
1044 4064 1156 4131 bantet
1171 4066 1424 4132 construebant‚ot
1439 4068 1628 4140 adjuvabant,
1641 4071 1740 4128 nullus
1756 4075 1864 4148 segnis,

168 4155 639 4231 bouere;ittenosudbon0remet
657 4154 909 4225 ptoriomncminis
932 4157 987 4225 sui,
1043 4153 1153 4211 nullius
1177 4172 1283 4211 manus
1311 4157 1545 4213 remittebantur.
1574 4157 1682 4216 Omnes
1713 4158 1865 4234 spontanei

167 4256 193 4306 et
211 4250 348 4304 ciuitatem
362 4245 440 4302 actu
454 4245 560 4316 operiat
574 4250 599 4299 et
612 4243 702 4314 secere
719 4243 858 4314 judicium
880 4243 913 4300 de
934 4247 989 4302 iui-
1042 4245 1248 4316 operabantur,
1266 4249 1369 4317 preter
1383 4244 1519 4302 artifices.
1536 4246 1598 4304 lllis
1613 4248 1739 4305 dabatur
1753 4268 1864 4312 merces

165 4339 246 4394 micis
269 4337 327 4393 suis
349 4335 502 4401 etnostris,
522 4332 648 4389 omnibus
669 4333 747 4388 nobis
775 4333 909 4405 concedat,
939 4337 989 4407 qui
1040 4332 1077 4388 de
1093 4332 1230 4402 collectis,
1248 4350 1310 4405 quae
1327 4334 1408 4389 sacta
1424 4333 1453 4389 in
1470 4335 1577 4408 populo
1601 4335 1726 4395 inerant.
1743 4338 1800 4396 Sed
1816 4358 1861 4397 co

166 4427 254 4484 locum
269 4426 406 4495 passionis
420 4436 481 4480 sum
494 4422 680 4493 etseputturcc
702 4421 760 4493 ejus
788 4421 898 4492 iudipuc
920 4424 987 4478 otti·
1040 4437 1103 4476 mes
1116 4421 1151 4477 de
1165 4437 1253 4476 censu
1271 4437 1324 4477 sao
1348 4421 1411 4477 suis
1435 4423 1575 4494 operariis
1597 4424 1695 4480 debita
1720 4426 1861 4487 solvebat.

163 4524 256 4572 nentes
271 4515 467 4579 contuminent,
482 4519 507 4566 ct
522 4512 571 4582 qui
585 4527 665 4566 nese
688 4517 762 4565 teuto
786 4511 913 4581 beneficio
937 4513 984 4567 liu·
1000 4533 1023 4597 D
1040 4510 1073 4564 bt
1095 4513 1170 4565 certe
1192 4526 1298 4565 manus
1322 4508 1438 4565 Domini
1463 4513 1647 4584 operabatur,
1665 4519 1693 4571 et
1704 4522 1860 4589 operantes

161 4606 289 4662 militetis
308 4603 420 4670 diarium,
446 4608 471 4657 et
493 4599 685 4671 redemptionis
702 4607 804 4655 nostrae
837 4601 984 4657 excludere
1038 4600 1204 4671 adjuvabat.
1222 4601 1353 4671 Cumque
1369 4599 1448 4655 brevi
1472 4599 1625 4658 intervallo
1648 4605 1748 4662 omnia
1771 4605 1856 4663 moli-

161 4693 333 4753 coutmduut.
351 4691 526 4748 Placuernnt
542 4688 602 4744 hee
626 4687 714 4743 verba
737 4686 929 4760 principibus,
955 4694 984 4747 et
1038 4689 1118 4744 mina
1133 4692 1234 4744 nostra
1248 4692 1277 4743 et
1291 4688 1432 4743 machine
1448 4695 1621 4763 comparatas
1637 4695 1862 4762 essenthabue·

161 4783 240 4840 omni
255 4781 371 4855 populo,
384 4785 412 4837 et
421 4781 486 4836 ideo
498 4777 740 4851 publicejussum
752 4781 805 4845 est,
818 4781 851 4832 ut
861 4777 890 4831 in
902 4783 983 4835 sexta
1036 4782 1105 4834 runt
1118 4777 1209 4834 nostri
1225 4776 1372 4850 principes
1387 4777 1555 4844 consilium,
1571 4783 1600 4837 et
1620 4781 1757 4838 dixerunt
1773 4801 1779 4840 :
1797 4784 1859 4840 Dm·

160 4873 232 4928 seria
247 4888 310 4942 que
327 4869 458 4943 proxima
472 4871 544 4933 crat,
554 4865 650 4923 clerici
667 4871 864 4938 prepararent
872 4883 903 4922 se
914 4883 981 4923 cum
1034 4869 1079 4923 uis
1097 4868 1174 4922 bomo
1187 4875 1326 4938 preparet
1348 4882 1376 4926 se
1396 4867 1432 4922 ad
1451 4883 1574 4938 puerum
1599 4871 1630 4925 iu
1652 4873 1753 4945 quinta
1775 4875 1857 4945 serie.

159 4961 295 5015 crucibus
311 4964 338 5013 et
354 4963 522 5013 sanctornm
539 4953 713 5026 reliquiisad
722 4954 982 5027 processionem,et
1034 4959 1146 5013 iuterim
1157 4955 1338 5023 orationibus,
1360 4964 1385 5013 et
1399 4958 1504 5029 eripitiic
1525 4974 1635 5030 operam
1657 4959 1761 5029 demus,
1779 4971 1859 5035 etque

158 5047 268 5103 milites
284 5052 371 5118 atque
386 5044 550 5100 omncsviri
565 5045 980 5115 t'ortesscqucrcutureoseum
1033 5047 1220 5117 eleemosynis.
1245 5048 1372 5102 iumento
1393 5053 1482 5102 vostra
1506 5062 1568 5104 eum
1586 5049 1683 5120 pueris
1701 5051 1856 5122 artificibus

157 5136 237 5191 tubis
253 5139 281 5190 et
296 5133 417 5201 vexillis,
435 5137 522 5205 atque
538 5132 640 5187 armati
658 5131 745 5186 nudis
762 5132 886 5203 pedibus
901 5132 978 5190 ince-
1034 5136 1135 5191 uostris
1158 5142 1183 5190 et
1208 5134 1338 5203 lipuoriis
1359 5143 1490 5206 praestate
1514 5143 1544 5191 ut
1566 5135 1691 5210 deserum
1715 5140 1815 5207 trabes,
1830 5148 1857 5196 et

155 5225 267 5280 derent.
284 5225 351 5290 Quae
375 5220 484 5289 omnia,
509 5221 670 5276 secundum
690 5219 854 5291 jussionem
879 5221 928 5277 Dei
950 5226 979 5279 et
1029 5225 1157 5297 perticus,
1174 5231 1254 5296 etque
1266 5223 1351 5294 pates,
1369 5232 1395 5279 et
1417 5226 1508 5294 uireos
1535 5224 1571 5282 ed
1591 5234 1680 5282 cretes
1701 5226 1854 5295 firmendas.

154 5312 323 5386 principum
338 5311 467 5366 letanter
480 5308 666 5381 explevimus.
685 5309 816 5381 Namque
839 5325 905 5365 cum
929 5328 976 5367 ve·
1030 5314 1088 5369 Duo
1103 5320 1128 5368 ct
1142 5311 1195 5368 duo
1206 5313 1309 5368 milites
1323 5320 1424 5368 cratem
1446 5328 1532 5368 unam
1546 5328 1660 5370 curuum
1681 5317 1798 5388 socient,
1814 5316 1855 5373 vel

153 5401 302 5457 nissemus
317 5400 347 5455 in
365 5401 495 5454 montem
511 5397 622 5462 Oliveti,
640 5402 668 5452 et
691 5413 823 5453 essemus
846 5397 876 5453 in
901 5398 975 5469 loco,
1029 5417 1115 5455 uuum
1128 5400 1250 5467 scutum,·
1265 5407 1290 5456 et
1304 5415 1338 5454 ue
1352 5399 1480 5457 dubitetis
1491 5402 1618 5458 laborare
1638 5418 1688 5476 pro
1708 5405 1853 5478 Demetrio

153 5490 231 5546 unde
245 5490 389 5546 Dominus
404 5490 470 5560 post
484 5484 726 5543 resurrectionem
742 5503 827 5542 suam
844 5488 975 5544 aseendit
1029 5489 1060 5545 ia
1077 5490 1205 5560 proximo
1230 5486 1335 5544 tuberes
1358 5497 1459 5547 vetros
1483 5491 1652 5548 terminabit.
1668 5493 1732 5549 llaee
1755 5500 1853 5552 autem

151 5575 313 5650 moesiam,
328 5575 552 5656 predicavimus
567 5573 597 5633 in
613 5572 721 5651 populo
737 5574 868 5636 dicentes
878 5591 884 5631 :
895 5577 973 5648 Quo-
1028 5575 1127 5638 omnia
1140 5575 1264 5636 libenter
1278 5581 1397 5655 accepta
1411 5582 1491 5639 sunt.
1509 5580 1576 5640 Post
1594 5579 1656 5641 hec
1679 5580 1853 5645 mancatum
