3816 6006
159 192 245 289 'ress

797 230 998 295 lthUhPlll
1020 232 1229 298 snuehrts.

1799 238 1871 308 liii

166 368 358 431 retardemur.
375 365 523 442 lbnegnre
546 381 612 423 vero
637 363 784 439 propriam
805 363 985 422 voluntatem
1001 364 1027 432 Α
1043 383 1101 434 mo,
1118 368 1168 424 sed
1184 371 1281 426 tamen
1298 387 1350 444 per
1362 368 1600 431 indiscretionem
1624 391 1690 432 eam
1711 374 1773 432 sibi
1790 374 1871 435 inuti·

167 462 360 540 perlectorum
370 462 424 524 est,
437 457 487 530 qui
499 475 556 513 non
569 457 664 513 solum
676 455 793 528 propria
803 456 872 511 vitia
886 461 914 512 et
925 474 988 528 pro-

166 553 246 629 prias
261 549 371 617 res‚sed
388 548 475 604 etiarn
492 546 624 619 proprias
643 545 807 601 voluntates
832 546 987 617 abnegant,

167 642 325 700 subdentes
341 656 372 696 se
388 637 526 693 mandato
541 634 703 706 spiritualis
714 634 848 706 patriast
855 636 917 705 jam
930 653 987 691 non

167 730 243 805 quod
260 729 315 803 ipsi
330 727 494 789 voluerunt,
511 725 560 781 sed
578 725 654 796 quod
670 725 733 796 ipse
753 725 929 796 preceperit..
946 725 958 779 i
975 757 986 768 -

166 819 255 877 clani.
272 820 380 875 Omnes
396 816 514 888 quidem
531 819 674 879 tenemur,
692 813 793 869 finires
810 815 877 880 mei,
894 814 987 870 malas

164 910 328 967 voluntates
351 907 493 978 abnegare
511 921 517 960 :
535 905 584 959 sod
601 907 628 958 et
644 903 691 958 isti
708 903 794 958 etiam
812 920 880 958 suas
895 904 987 960 bonas

164 998 328 1055 voluntates
342 996 533 1066 abnegant‚ut
543 995 605 1064 jam
622 992 657 1048 de
673 996 775 1048 caetero
790 1009 885 1064 neqne
900 993 987 1048 etiam

165 1103 354 1158 oraremeque
365 1085 607 1155 jejunareneque
618 1080 747 1153 aliquam
762 1083 869 1137 bonam
887 1082 988 1138 rolain-

164 1181 254 1234 tatem
269 1190 354 1231 suam
371 1172 533 1238 iacere‚nisi
545 1174 630 1244 juxta
645 1170 799 1226 arbitrium
816 1177 842 1226 et
854 1171 986 1227 volunta·

163 1270 222 1324 iem
247 1264 362 1321 abbatis
391 1262 437 1318 sni
466 1265 585 1334 queant,
602 1261 696 1316 allecti
725 1259 892 1332 spirituales
916 1261 986 1317 lesu

164 1354 273 1414 Christi
287 1353 461 1416 imitatores,
477 1351 526 1423 qui
543 1351 578 1406 de
594 1349 690 1421 seipso
707 1350 747 1405 ait
764 1367 770 1405 :
787 1350 849 1405 Nou
875 1350 939 1406 reni
955 1355 987 1406 ut

164 1446 269 1503 faciam
285 1442 462 1500 voluntatem
476 1458 582 1507 meam,
599 1441 649 1496 sed
664 1439 841 1495 voluntatem
858 1440 986 1513 ejusqui

164 1535 246 1592 nisit
260 1551 307 1590 mc
321 1533 414 1606 (deon.
432 1530 479 1601 ιν).
500 1552 513 1578 »
529 1531 564 1585 st
578 1529 655 1601 quie,
673 1529 776 1584 iratres
797 1529 864 1596 mei,
881 1529 987 1584 melius

164 1627 264 1699 posset
278 1623 371 1678 iacere
386 1619 566 1676 voluntatem
581 1635 665 1674 suam
682 1635 770 1689 quam
782 1617 829 1673 ille
841 1619 925 1689 eujus
938 1637 987 1675 vo·

1043 455 1099 512 lem
1116 459 1250 523 reddunt,
1268 458 1405 534 damper
1430 462 1533 519 falsam
1558 463 1696 536 pictatem
1723 468 1869 540 usquead

1043 548 1335 605 condescendendum
1366 551 1443 607 vitiis
1473 569 1521 608 eoa
1546 551 1679 609 inclinat.
1697 555 1868 630 compassio

1042 635 1150 709 quippe
1167 637 1320 696 hominist
1335 641 1478 695 rectitudo
1493 641 1572 698 vitiis
1587 643 1761 710 debetur,ut
1774 645 1804 702 in
1816 664 1867 704 uno

1042 726 1203 799 eodemque
1218 727 1336 784 bomine
1351 732 1379 784 et
1393 729 1553 802 diligamns
1568 732 1679 788 bonurn
1705 735 1788 806 quod
1813 735 1866 791 iac·

1041 820 1104 870 turn
1121 819 1175 883 est,
1194 821 1223 872 et
1235 834 1446 889 persequamur
1461 819 1538 875 maia
1560 837 1623 892 qua
1648 821 1727 879 lecit.
1744 823 1864 881 Nedum

1042 904 1144 976 culpas
1158 905 1273 961 incaute
1289 907 1537 972 remittimus,non
1549 910 1612 980 jam
1627 927 1682 982 per
1696 911 1863 969 charitatem

1041 995 1230 1065 compati,sed
1243 1012 1293 1067 per
1309 996 1515 1069 negligentiam
1532 998 1697 1056 concidisse
1706 999 1861 1059 videamur.

1042 1082 1125 1138 Multi
1142 1084 1260 1154 quidem
1275 1102 1391 1141 crucem
1405 1086 1574 1158 passionum
1591 1092 1620 1144 et
1635 1104 1759 1161 corpore
1770 1091 1861 1147 etaui-

1042 1188 1089 1226 mo
1112 1176 1240 1244 portant,
1257 1177 1289 1228 nt
1314 1173 1437 1246 gentiles
1461 1179 1489 1231 et
1514 1174 1695 1250 philosophi,
1712 1179 1764 1236 sed
1795 1179 1861 1236 hanc

1042 1260 1097 1316 sibi
1114 1261 1247 1316 inutilem
1273 1263 1409 1329 reddunt,
1426 1263 1496 1320 dum
1522 1282 1580 1321 non
1605 1283 1657 1338 pro
1682 1266 1825 1325 charitate
1839 1274 1861 1326 ct

1041 1348 1201 1406 imitatione
1217 1351 1386 1420 Christi,sed
1402 1357 1516 1409 tantum
1533 1371 1584 1427 pro
1599 1356 1861 1430 sanitatephiloso

1042 1439 1116 1511 pbiae
1145 1457 1204 1496 sue
1233 1458 1296 1497 eam
1326 1442 1431 1498 ierunt.
1449 1443 1479 1498 Si
1504 1461 1581 1516 ergo,
1599 1443 1706 1502 iratres
1731 1446 1861 1514 methas

1042 1544 1142 1584 cruces
1158 1530 1241 1585 nobis
1257 1531 1349 1586 iacere
1364 1531 1510 1598 volumus,
1527 1550 1578 1605 por
1592 1548 1641 1590 eas
1656 1535 1808 1592 Christum
1822 1554 1861 1594 se·

1042 1633 1177 1688 quomur,
1194 1622 1227 1674 ut
1240 1617 1374 1692 videlieet
1389 1624 1417 1676 et
1441 1621 1470 1676 in
1496 1637 1581 1678 cruce
1601 1623 1808 1696 castigationis
1822 1643 1861 1682 se-

163 1710 263 1770 luntas
279 1728 394 1782 semper
409 1709 519 1782 optima
533 1712 587 1774 est,
600 1707 688 1780 etqui
703 1725 818 1779 semper
833 1708 910 1762 idern
925 1708 987 1763 vult
1003 1740 1025 1806 B
1042 1721 1169 1776 qnaninr
1183 1706 1331 1763 Christum
1347 1707 1517 1777 intentione,
1533 1711 1605 1766 etin
1621 1727 1710 1769 cruce
1734 1730 1861 1790 compas-

163 1820 230 1861 cum
245 1801 351 1858 Patre?
366 1801 501 1856 Attamen
515 1797 578 1870 ipse
593 1796 664 1853 dicit
685 1814 715 1853 se
740 1814 797 1852 non
823 1814 917 1864 suam,
934 1799 984 1854 sed

163 1893 258 1950 Patris
272 1891 365 1948 lacere
380 1894 408 1946 et
422 1904 551 1962 quarere
564 1886 754 1954 uoluntatem,
764 1892 795 1942 ut
805 1888 984 1943 demonstra-

106 1988 119 2007 *
164 1981 306 2040 rctnohis
321 1978 521 2050 multomagis
545 1994 609 2041 nos,
627 1976 677 2048 qui
701 1976 868 2048 frequenter
892 1975 985 2033 malas

163 2069 352 2145 cogitationes
366 2068 521 2132 habemus,
539 2083 596 2122 non
613 2065 717 2121 debere
732 2070 859 2130 nostras,
872 2066 921 2121 sed
938 2083 985 2138 po

162 2160 223 2218 tius
238 2156 400 2232 spiritualis
416 2154 507 2230 patris
523 2153 614 2210 nostri
638 2158 666 2210 et
689 2171 817 2226 quarere
841 2159 870 2210 et
892 2154 984 2210 iacere

161 2249 336 2306 voluntates.

199 2336 342 2403 Secundo,
373 2332 503 2407 precipit
531 2333 673 2388 Dominus
700 2336 732 2387 nt
758 2333 808 2404 qui
833 2332 986 2405 abnegavit

163 2425 365 2498 semetipsum,
381 2421 519 2495 quiahoc
535 2439 592 2477 non
609 2422 727 2488 sufficit,
745 2423 932 2496 aggrediatur
947 2422 986 2478 la-

162 2516 263 2575 borem
277 2513 430 2580 virtutum,
448 2528 514 2567 cum
531 2512 652 2568 subdit:
669 2513 752 2569 Tettot
772 2529 881 2569 erucem
894 2530 983 2567 suern.

162 2603 248 2674 Crux,
265 2602 368 2659 iratres
383 2600 450 2669 mei,
466 2599 550 2657 labor
564 2604 592 2657 ot
612 2605 790 2657 tormentum
807 2606 861 2657 est.
882 2602 984 2657 Preci-

162 2694 261 2770 pimnr
276 2693 366 2766 igitur
381 2707 497 2747 crucem
519 2694 649 2746 nostram
673 2690 783 2756 tollere,
800 2691 829 2746 id
845 2695 889 2747 est
903 2689 984 2746 iabo-

162 2800 224 2841 rem
248 2786 277 2839 ct
300 2783 479 2837 tormentum
509 2779 651 2835 virtutum
680 2779 924 2852 acquirendarum
940 2779 984 2836 vol

162 2889 214 2948 per
229 2888 281 2928 nos
296 2868 450 2944 spontanei
464 2886 625 2933 assumere,
641 2868 684 2924 vel
700 2886 751 2941 per
766 2869 839 2925 alios
863 2869 984 2943 imposi-

160 2964 225 3019 tum
240 2963 388 3036 gratanter
402 2957 556 3025 sustinere,
573 2959 681 3015 Tribus
696 2958 802 3032 qnippe
814 2958 908 3014 modis
919 2976 984 3014 cru·

161 3068 224 3108 cern
239 3048 381 3120 tollimus,
388 3048 433 3105 rel
448 3065 514 3105 cum
532 3065 582 3120 per
592 3048 800 3105 abstinentiam
817 3052 845 3103 ct
859 3049 983 3120 castiga-

1041 1795 1132 1851 sronis
1148 1812 1308 1868 sequamur
1317 1797 1502 1854 discretionis
1512 1800 1733 1870 rectitudinem
1742 1800 1772 1858 in
1783 1817 1861 1860 cruce

1040 1885 1275 1956 persecutionum
1292 1901 1452 1959 sequamur
1472 1887 1633 1958 Christum,
1653 1907 1747 1948 causa
1761 1896 1791 1950 et
1805 1891 1862 1949 imi·

1039 1974 1158 2029 tatione.

1076 2062 1215 2134 Sequitur
1229 2080 1297 2136 pars
1313 2063 1452 2133 secunda,
1464 2064 1493 2121 in
1506 2082 1564 2138 qua
1575 2067 1763 2125 demonstrat
1774 2068 1861 2126 Domi·

1039 2169 1095 2207 nus
1112 2152 1147 2207 ob
1163 2169 1251 2224 qnam
1263 2168 1382 2208 cansam
1394 2154 1508 2210 animas
1520 2160 1636 2213 nostras
1648 2161 1676 2213 et
1686 2157 1788 2214 omnia
1798 2161 1861 2214 tem·

1040 2240 1152 2313 poralia
1167 2244 1282 2313 propter
1297 2257 1365 2296 cum
1390 2258 1496 2314 ponere
1521 2243 1692 2314 debeamus,
1709 2262 1778 2301 cum
1802 2246 1861 2303 sub

1041 2329 1083 2385 dit
1100 2348 1106 2386 t
1125 2330 1177 2399 Qui
1189 2333 1263 2386 eninr
1277 2332 1395 2387 vetuere
1407 2334 1530 2388 animem
1544 2349 1623 2389 suam
1636 2334 1746 2391 solarem
1767 2338 1858 2410 form,

1037 2419 1132 2492 perdet
1145 2436 1214 2475 eom.
1232 2422 1264 2475 dt
1279 2422 1327 2492 qui
1339 2421 1491 2492 perdiderit
1509 2424 1632 2478 animem
1655 2440 1739 2480 suom
1761 2434 1861 2499 propter

1039 2526 1091 2580 me,
1107 2509 1212 2565 aeterno
1223 2511 1307 2581 societ
1330 2527 1399 2565 eom.
1417 2510 1498 2566 Sicut
1523 2515 1592 2568 sunt
1612 2512 1678 2568 due
1705 2514 1784 2571 sires
1808 2513 1860 2570 ani·

1040 2615 1104 2664 me,
1120 2597 1295 2654 sensualitas
1311 2598 1421 2655 scilicet
1437 2617 1525 2673 quarn
1542 2601 1641 2658 anima
1655 2619 1709 2675 per
1733 2603 1858 2661 officinas

1040 2687 1169 2760 corporis
1184 2691 1306 2754 exercet,
1323 2692 1351 2744 et
1368 2689 1451 2756 ratio,
1469 2690 1509 2745 ita
1525 2694 1594 2746 sunt
1608 2691 1673 2747 dua
1689 2693 1857 2749 salvationes

1039 2782 1067 2833 et
1090 2777 1266 2849 perditiones
1289 2779 1353 2848 ejus
1370 2795 1377 2833 z
1396 2795 1456 2834 nna
1478 2779 1611 2836 videlicet
1634 2782 1858 2855 temperabam

1039 2866 1131 2922 altera
1146 2870 1262 2922 aeterna.
1280 2868 1314 2922 ut
1327 2867 1498 2941 temporalis
1512 2868 1630 2942 quidem
1651 2870 1759 2927 animae
1776 2870 1858 2927 salas-

1038 2955 1079 3011 tio
1095 2960 1148 3021 est,
1166 2955 1282 3028 quando
1301 2955 1368 3028 quis
1393 2958 1457 3029 ejus
1482 2958 1702 3016 sensualitatem
1724 2965 1755 3017 et
1777 2960 1858 3017 vitam

1038 3043 1185 3101 carnalem
1201 3046 1272 3101 bene
1286 3046 1422 3114 custodit,
1439 3063 1503 3103 eam
1524 3047 1597 3104 bene
1617 3050 1778 3120 pascendo,
1793 3050 1857 3106 bene

160 3141 270 3198 tionem
296 3155 402 3211 corpus
425 3143 557 3194 nostrum
579 3137 748 3211 affligimus,
768 3136 811 3193 vel
836 3154 902 3193 cum
933 3118 1020 3210 psrC
1039 3133 1176 3207 potando,
1193 3135 1265 3190 benc
1280 3135 1440 3203 vestiendo,
1457 3137 1579 3208 ejusque
1591 3136 1738 3194 desiderio
1754 3137 1858 3195 satisls

91 3216 95 3224 ¹
161 3229 396 3303 compassionem
411 3226 533 3300 proximi
554 3244 638 3282 mens
662 3231 763 3283 nostra
787 3227 923 3293 afficitur,
938 3225 983 3282 uel

161 3336 229 3376 cum
244 3316 329 3374 illatae
346 3334 363 3373 a
376 3315 613 3389 persecutoribus
629 3315 741 3387 injuriae
757 3333 876 3387 corpore
887 3320 915 3371 et
926 3314 983 3371 ani·

161 3425 209 3465 mo
225 3407 368 3480 patienter
383 3405 567 3461 sustinentur
584 3422 589 3460 :
606 3404 635 3459 in
653 3404 904 3477 primo,virtutem
919 3405 985 3460 abs·

161 3495 291 3552 tinentia
325 3498 353 3549 et
386 3492 585 3562 continentiam
615 3493 645 3548 in
678 3494 816 3557 secundo,
846 3495 983 3551 virtutem

161 3582 312 3640 charitatis
327 3585 356 3637 et
371 3579 592 3648 misericordiaa;
611 3581 640 3635 in
657 3582 750 3650 tertio,
767 3582 903 3638 virtutem
927 3583 983 3637 ior-

161 3669 297 3728 titudiuis
317 3673 346 3725 et
368 3668 513 3743 patientiae
537 3672 758 3742 consequentes.
776 3669 902 3726 Primam
918 3688 984 3726 eru-

161 3776 224 3817 cem
240 3759 422 3815 demonstrat
436 3774 468 3814 se
489 3758 596 3814 Doctor
618 3758 748 3831 gentium
776 3763 899 3831 portare,
916 3776 984 3816 cum

161 3847 231 3906 dicit
247 3863 254 3904 :
271 3870 285 3898 α
302 3846 416 3920 castigo
432 3864 537 3919 corpus
553 3865 662 3918 meum,
674 3852 702 3903 et
713 3848 741 3902 in
758 3849 926 3904 servitutem
943 3866 985 3905 re-

161 3935 228 4012 digo
240 3938 264 4010 (l
273 3936 386 4008 Corax).
400 3958 413 3987 o
426 3936 591 3993 Secundam
608 3954 673 3992 vero
690 3937 870 3992 demonstrat
882 3954 912 3993 se
923 3955 984 4010 por·

163 4031 223 4085 tare
238 4044 305 4082 cum
321 4025 393 4081 dicit
409 4042 415 4079 :
434 4047 448 4075 α
461 4024 531 4091 Quis
547 4025 817 4100 infirmatur,ctego
834 4044 891 4082 non
906 4027 985 4082 infir-

161 4115 247 4173 mor?
261 4136 275 4165 n
289 4116 401 4187 (licor.
417 4114 469 4184 xi.)
495 4114 623 4170 Tertiam
651 4132 717 4172 vero
748 4116 930 4171 demonstrat
955 4132 986 4172 se

162 4201 235 4262 lcrre
249 4221 318 4261 cum
334 4202 405 4259 dicit
421 4220 427 4258 :
447 4225 461 4254 a
476 4204 593 4260 Gaudeo
605 4204 722 4260 nuncin
735 4205 922 4277 passionibus
934 4222 985 4278 pro

163 4292 253 4361 vobis,
270 4295 299 4348 et
314 4291 459 4364 adimpleo
475 4310 538 4365 qnae
563 4293 670 4347 desunt
691 4293 862 4365 passionum
878 4292 986 4350 Christi

162 4380 191 4438 in
207 4395 294 4437 carne
310 4397 374 4436 mea
390 4380 462 4454 (cot.
480 4381 510 4451 1).
529 4380 614 4435 »Sed
637 4397 700 4447 nec,
719 4380 821 4438 iratres
846 4381 913 4448 mei,
931 4381 987 4438 isla

162 4470 299 4544 cuiquam
317 4467 477 4538 sufficiunt,
491 4467 547 4523 nisi
563 4472 592 4524 et
614 4467 732 4524 tertium
758 4469 884 4524 addatur
908 4470 1024 4555 quodq

163 4560 316 4633 subjungit
337 4552 489 4626 Domihus,
503 4566 529 4614 ct
552 4567 682 4630 sequetur
704 4575 755 4613 sne.
774 4557 857 4613 llulti
879 4559 986 4630 qnippe

163 4665 278 4706 crucem
307 4647 491 4705 abstinentias
516 4651 544 4703 ct
570 4646 771 4720 castigationis
802 4647 909 4713 ierunt,
936 4647 986 4702 sed

163 4736 262 4794 tamen
278 4754 328 4809 per
342 4733 534 4792 intentionem
549 4752 628 4790 vana
653 4733 752 4807 gloria
774 4751 838 4789 earn
854 4734 909 4790 sibi
925 4735 988 4791 inu·

163 4826 243 4884 tilem
274 4826 409 4881 reddunt.
433 4826 510 4891 Quos
538 4824 610 4879 bene
639 4822 739 4879 Simon
765 4821 813 4878 ille
841 4823 987 4895 signifieat

165 4915 225 4990 qni,
241 4914 376 4970 inventus
390 4914 420 4969 in
435 4912 549 4980 itinere,
562 4928 677 4967 crucem
694 4911 809 4967 Domini
826 4913 854 4967 in
868 4915 988 4985 angaria

165 5007 260 5076 portat
276 5002 378 5072 (llotth.
395 5003 493 5073 axin),
511 5002 662 5074 quiscum
679 5000 715 5054 ad
736 5017 810 5072 opus
826 5001 935 5055 bonum
953 5018 987 5056 os

165 5091 241 5147 bona
263 5087 411 5144 voluntate
427 5089 534 5161 aliquis
558 5108 616 5145 non
640 5089 768 5153 ducitur,
786 5105 902 5145 crucem
912 5089 987 5160 justi

166 5179 229 5236 sinc
254 5175 349 5231 lructu
375 5182 508 5248 peccator
532 5183 676 5250 operatur.
695 5177 774 5235 Unde
795 5178 872 5232 idem
888 5177 987 5234 Simon

166 5280 282 5324 crucem
298 5267 403 5335 portat,
420 5266 471 5320 sed
487 5283 544 5320 non
561 5264 772 5338 moritur,quia
787 5264 903 5338 gloriosi
919 5267 987 5322 abs·

166 5357 292 5412 tinentes
307 5369 359 5425 per
373 5353 581 5411 abstinentiam
597 5355 715 5426 quidem
729 5371 835 5427 corpus
846 5355 987 5423 afficiunt,

168 5443 217 5500 sed
239 5459 289 5516 per
313 5442 490 5499 desiderium
515 5460 595 5497 t‘unae
616 5443 713 5515 gloriae
738 5444 848 5499 mundo
877 5443 986 5502 vivunt.

168 5531 251 5594 Multi
266 5547 382 5606 quoquc
397 5548 513 5589 crucem
531 5531 744 5604 compassionis
768 5534 865 5589 lerunt
880 5533 909 5587 in
926 5532 989 5590 ani-

1038 3223 1156 3291 cicndo;
1173 3240 1237 3279 eam
1253 3240 1306 3278 nee
1320 3224 1407 3279 etiam
1420 3241 1472 3296 pro
1483 3222 1597 3281 Christo
1611 3242 1722 3299 ponere
1731 3224 1856 3283 volendo.

1038 3313 1090 3379 Qui
1107 3314 1149 3368 sio
1168 3312 1230 3367 vult
1254 3313 1382 3368 animam
1407 3330 1492 3369 suam
1517 3313 1628 3371 salvare
1652 3314 1856 3388 temporaliter,

1039 3402 1137 3477 procul
1154 3403 1243 3458 dubio
1259 3402 1359 3476 perdet
1383 3419 1447 3458 eam
1472 3402 1656 3459 eternaliter.
1672 3402 1784 3461 idcirco
1799 3417 1857 3461 iuro

1038 3490 1207 3563 temporalis
1220 3490 1323 3546 animae
1339 3494 1393 3560 est,
1406 3493 1523 3564 quando
1535 3491 1629 3549 fidelis
1640 3491 1857 3550 sensualitatem

1038 3585 1067 3636 et
1081 3579 1260 3653 corporalem
1278 3597 1363 3635 snam
1377 3580 1466 3636 vitam
1483 3579 1587 3654 aflligit
1601 3579 1776 3652 laborando,
1788 3582 1858 3656 jeju-

1039 3670 1146 3736 nando,
1171 3668 1352 3742 castigando,
1379 3669 1555 3742 cupiditates
1579 3674 1609 3726 et
1632 3670 1783 3728 desideria
1802 3672 1859 3744 ejus

1039 3757 1280 3828 cohibendo,et,si
1291 3757 1372 3815 locus
1389 3758 1484 3827 luerit,
1497 3759 1586 3814 ettam
1602 3774 1667 3815 eam
1683 3776 1737 3832 pro
1753 3759 1859 3817 Christo

1039 3847 1126 3903 morti
1142 3847 1321 3920 exponendo.
1339 3846 1393 3913 Qui
1418 3846 1460 3902 sic
1485 3846 1684 3920 temporaliter
1709 3847 1861 3921 perdiderit

1039 3937 1168 3992 animam
1186 3953 1269 3992 suani
1286 3939 1404 4008 propter
1419 3935 1579 4004 Christum,
1591 3936 1694 4010 procul
1708 3936 1802 3995 dubio
1815 3935 1862 3994 sal·

1038 4044 1105 4082 vam
1121 4042 1185 4081 eam
1201 4024 1285 4080 faciet
1302 4025 1331 4079 in
1345 4025 1549 4080 aternumSic
1559 4041 1626 4100 ergo
1637 4024 1724 4082 nobis
1737 4025 1862 4100 lorpritur

1040 4115 1182 4171 Dominus
1198 4130 1264 4168 cum
1280 4112 1350 4168 dicit
1366 4129 1372 4166 :
1386 4112 1439 4181 Qui
1449 4115 1567 4169 coluerit
1579 4115 1704 4169 animam
1719 4128 1801 4171 strom
1815 4113 1862 4170 sd·

1040 4222 1101 4260 cons
1123 4207 1222 4276 secere,
1238 4201 1330 4273 perdet
1358 4218 1429 4257 corn.
1446 4203 1479 4257 Et
1502 4205 1551 4274 qui
1570 4202 1723 4274 perdiderat
1744 4206 1861 4260 anthraca

1043 4309 1119 4349 strom
1131 4299 1242 4364 propter
1255 4308 1308 4358 me,
1324 4291 1429 4346 sativam
1447 4293 1531 4363 societ
1555 4307 1624 4347 eom.
1640 4291 1730 4359 Quasi
1755 4293 1863 4349 dicatur

1040 4381 1170 4454 agricolas
1184 4381 1396 4436 :Frumentum
1412 4380 1437 4435 si
1453 4395 1550 4435 serras
1571 4380 1679 4454 perdis,
1697 4380 1723 4437 si
1739 4381 1861 4438 seminas

1041 4485 1172 4524 renovas.
1190 4469 1262 4523 Nam
1279 4466 1335 4523 nisi
1349 4469 1487 4541 perdatur
1499 4468 1528 4523 in
1542 4467 1670 4542 pulvere,
1684 4484 1738 4527 nec
1753 4483 1861 4527 renova

1042 4564 1091 4614 tnr
1105 4559 1135 4613 in
1152 4573 1257 4612 messe.
1269 4557 1315 4612 Sic
1326 4573 1393 4630 ergo
1403 4555 1573 4630 temporalis
1587 4557 1646 4613 vita
1660 4563 1765 4614 contra
1779 4564 1861 4616 Deum

1041 4647 1198 4718 custodita,
1215 4663 1272 4702 non
1288 4647 1418 4719 prodest,
1429 4646 1489 4701 imo
1506 4650 1598 4702 nocet.
1613 4646 1688 4720 b'rgo
1700 4647 1795 4704 multo
1810 4662 1862 4704 ms-

1041 4736 1087 4810 gis
1100 4733 1271 4808 temporalia
1282 4734 1363 4791 lucra
1374 4738 1492 4808 propter
1500 4748 1565 4791 eam
1577 4734 1652 4791 tacta
1661 4741 1767 4792 contra
1777 4736 1862 4793 Deum

1042 4842 1099 4881 non
1115 4829 1247 4897 prosunt,
1265 4824 1324 4880 imo
1341 4823 1466 4879 multum
1484 4828 1599 4880 nocent.
1611 4823 1646 4879 ut
1660 4824 1716 4880 hoc
1731 4828 1780 4882 est
1792 4823 1862 4899 quod

1042 4912 1217 4985 subjungit:
1236 4911 1306 4980 Quid
1331 4912 1405 4967 caim
1431 4910 1541 4983 prodest
1567 4911 1675 4967 homini
1698 4912 1726 4968 si
1750 4910 1863 4969 luerem

1042 5009 1128 5057 torem
1142 5001 1285 5064 inondum,
1300 5016 1328 5056 se
1341 5008 1432 5056 nomm
1449 4998 1545 5072 podet
1567 5007 1594 5055 et
1615 4999 1813 5057 detrimentum
1825 4999 1863 5057 sui

1041 5092 1148 5162 sociat?
1163 5089 1377 5144 Persecutionis
1392 5091 1520 5160 tempore
1543 5086 1678 5161 ponenda
1692 5092 1737 5145 est
1752 5090 1861 5156 animm

1043 5179 1123 5252 pacis
1137 5195 1203 5234 vero
1219 5182 1348 5250 tempore
1360 5177 1519 5250 frangenda
1529 5181 1573 5233 est
1584 5176 1731 5250 cupiditas
1743 5182 1862 5235 marcas

1043 5272 1114 5323 Cum
1144 5269 1305 5341 persecutio
1330 5267 1367 5322 ah
1392 5267 1566 5322 adversariis
1591 5267 1684 5335 deest,
1700 5271 1775 5324 tunc
1804 5282 1863 5324 cum

1044 5375 1161 5414 summa
1174 5357 1324 5430 vigilantia
1339 5372 1388 5412 eor
1398 5356 1625 5413 custodiendum
1636 5359 1691 5413 est.
1703 5355 1780 5413 Nam
1788 5355 1863 5431 pacis

1043 5451 1183 5519 tempore,
1208 5447 1277 5519 quio
1305 5445 1371 5500 licet
1399 5444 1502 5512 vivere,
1529 5443 1597 5501 licet
1625 5443 1716 5501 etiam
1745 5445 1864 5503 ambire.

1044 5537 1135 5602 Quam
1152 5533 1352 5603 ambitionem,
1365 5534 1469 5591 iratres
1484 5533 1630 5604 nisibeno
1645 5533 1866 5610 seiungamus,
