3816 6006
101 257 142 320 23
577 256 780 323 GOSGELlNl
801 254 1114 327 canrcanlnrtsts
1136 255 1328 326 Menaeni.
1760 259 1800 324 91

100 388 323 465 periclitaretur.
336 391 400 464 lpse
416 390 505 465 orbis,
522 391 587 464 ipsa
601 391 922 465 supercilia,nasusque
935 389 963 458 A
976 406 1045 463 ergo
1060 389 1208 464 interroga
1220 390 1309 448 vitam
1325 391 1446 448 almiflui
1463 392 1711 461 Dcusdcditmira
1727 395 1801 450 odo-

101 479 230 553 spatium
254 497 341 534 suum
367 497 383 534 a
405 485 520 536 tumore
544 486 737 548 excesserant,
754 485 815 536 tota
836 479 923 537 iacies
978 484 1176 535 ramentorum
1205 481 1341 537 suavium
1366 481 1462 554 gratia
1488 482 1524 537 de
1549 483 1614 554 ejus
1642 500 1800 556 erumpens

100 567 211 641 largius
224 569 423 624 extuberabat.
441 569 580 638 Instabat,
597 569 787 642 impingebat,
805 568 922 625 anhela·
976 569 1080 624 tumba
1094 570 1407 626 enarrabitsciscitare
1423 571 1489 643 quis
1504 570 1543 627 sit
1557 572 1801 648 Justus,exponet

100 657 195 724 bat,ut
210 658 245 713 ad
263 674 355 712 unum
371 659 532 714 remedium
548 676 635 714 suum
653 658 845 732 Augustinum
859 675 922 729 per·
977 656 1029 712 tibi
1048 657 1209 714 celestium
1224 663 1390 715 aromatum
1404 660 1510 717 domus
1526 678 1532 716 :
1551 662 1666 719 Honorii
1683 680 1800 737 quoquc

100 746 240 819 tingeret;
257 747 307 802 sed
324 746 420 812 turba,
438 748 514 803 sieut
530 749 558 803 in
579 747 734 820 Evangelio
760 764 844 809 caco,
861 746 922 803 cla·
976 745 1098 803 virtutes
1112 752 1141 802 et
1154 747 1260 803 merita
1274 748 1422 805 uberrima
1436 749 1566 822 loquitur
1580 751 1726 824 apotheca
1739 745 1809 811 sua*

100 835 192 892 manti
208 836 353 902 obstabat,
371 841 399 892 et
415 837 632 892 confertissima
651 837 712 893 acie
739 837 922 910 reprimendo
978 835 1147 909 fragrantia.
1173 837 1311 893 Omnium
1340 855 1408 911 ergo
1434 838 1540 896 borum
1565 840 1799 912 patriarcharum

100 941 250 981 accessum
265 925 382 980 vetabat
398 944 404 982 :
429 927 479 981 sed
505 927 582 993 vicit,
600 931 632 980 ut
654 925 771 993 assolet,
788 943 923 998 perseve·
978 924 1064 980 unica
1079 925 1191 997 paterni
1207 926 1328 983 allectus
1342 928 1463 994 viscera,
1478 933 1508 984 et
1523 933 1640 1001 pectora
1654 948 1713 987 una
1730 948 1800 1004 pro·

101 1014 205 1082 roobia,
221 1012 290 1069 vicit
304 1018 336 1069 ut
351 1015 454 1086 potuit,
473 1020 501 1071 et
516 1014 642 1071 salutem
662 1014 798 1070 violentia
814 1015 921 1087 rapuit.
978 1013 1259 1071 clamntdivinarum
1270 1017 1430 1072 nardorum
1441 1017 1801 1090 prerogativa'l'ranslata

100 1103 203 1175 ltaque
227 1102 380 1176 impellens
402 1109 430 1159 ct
452 1103 619 1176 irrumpens
648 1104 785 1159 densatos
815 1120 923 1158 cuneos
978 1108 1048 1158 sunt
1062 1103 1160 1176 itaque
1174 1104 1236 1161 hac
1251 1105 1307 1161 tria
1324 1122 1422 1162 coram
1444 1123 1562 1163 summa
1587 1107 1727 1165 Trinitate
1753 1128 1799 1167 ra·

99 1191 210 1248 elatum
225 1193 377 1248 brachium
395 1192 551 1265 protendit,
569 1210 602 1248 ae
622 1193 749 1264 desuper
764 1191 860 1248 nitens
874 1208 922 1247 ex·
977 1191 1089 1247 diantia
1114 1193 1289 1249 candelabra
1311 1194 1342 1250 in
1366 1193 1421 1250 hac
1445 1194 1492 1250 die
1515 1194 1671 1268 Augustini
1687 1201 1798 1265 octava,

101 1285 226 1338 tremam
247 1288 360 1354 partem
375 1282 476 1347 vectis,
492 1298 550 1354 quo
565 1282 642 1337 beati
664 1280 766 1336 Molliti
781 1281 922 1336 teretrum
977 1280 1054 1352 qued
1070 1281 1106 1335 ad
1122 1281 1187 1350 hoc,
1204 1286 1238 1338 ut
1251 1282 1410 1351 credimus,
1427 1300 1555 1356 superna
1574 1283 1689 1341 distulit
1704 1303 1736 1342 ac
1752 1304 1800 1344 re-

101 1371 283 1443 portabatur,
298 1371 423 1426 summis
439 1370 538 1442 digitis
554 1370 689 1442 contigit;
705 1369 861 1442 ipsumque
876 1373 921 1424 ta·
976 1368 1101 1424 tardarit
1114 1370 1326 1439 benevolentia,
1344 1371 1516 1445 quantinus,
1532 1373 1575 1428 uti
1603 1373 1798 1446 pratulimus,

100 1462 181 1515 ctum
204 1460 289 1532 quasi
313 1459 477 1532 collyrium,
502 1458 585 1531 quasi
608 1457 812 1530 emplastrum,
836 1458 921 1530 quasi
976 1457 1104 1529 amplius
1119 1465 1305 1515 consecretur
1318 1466 1346 1517 et
1363 1460 1571 1518 solemnizetur
1584 1462 1613 1517 in
1630 1466 1674 1519 tot
1687 1463 1799 1521 hierar-

100 1549 245 1620 cptimum
275 1553 459 1620 unguentum
494 1548 625 1603 morbido
660 1547 743 1604 oculo
779 1546 920 1614 infricuit,
976 1542 1039 1599 obis
1063 1544 1124 1601 hac
1147 1549 1249 1603 eadem
1277 1548 1340 1604 dies
1364 1554 1473 1616 octava,
1489 1553 1608 1623 totaque
1633 1552 1800 1625 septimana

100 1635 257 1710 simulque,
275 1661 289 1688 «
307 1637 328 1693 0
350 1641 450 1692 sancte
473 1636 647 1709 Angustiae,
663 1635 795 1703 sclaveni,
815 1659 828 1685 υ
855 1653 920 1707 pro·
976 1631 1077 1689 festive
1091 1640 1201 1707 exacte,
1209 1641 1309 1692 octava
1318 1639 1457 1694 reddatur
1471 1640 1566 1710 prima
1582 1641 1724 1714 :jamque
1741 1660 1800 1716 my-

100 1725 245 1782 clumavit.
262 1726 284 1782 0
306 1726 355 1783 Dei
372 1725 545 1798 potentiam!
563 1742 579 1781 o
595 1730 761 1781 sanctorum
777 1724 918 1798 gratiaml
938 1722 1097 1824 Bsterium
1113 1726 1335 1782 resurrectionis
1350 1726 1379 1782 in
1395 1726 1441 1783 his
1457 1728 1567 1783 sanctis
1581 1735 1799 1803 operatumque

99 1816 260 1872 chominis
275 1815 496 1872 confidentiam!
514 1831 581 1869 cum
598 1813 677 1870 illius
697 1813 766 1869 mali
789 1813 922 1886 tyrannis
978 1817 1044 1882 post
1058 1816 1178 1884 septena
1192 1812 1341 1868 volumina
1355 1813 1802 1884 saculi,ectavainterminabilis

100 1904 199 1977 aliqua
213 1904 330 1962 laesione
346 1905 459 1960 irritata
474 1902 568 1975 magis
585 1903 714 1958 minetur
729 1901 923 1969 exitiumsta·
978 1906 1126 1956 nascetur.
1142 1901 1200 1956 Nec
1216 1901 1252 1957 ab
1272 1900 1318 1957 his
1341 1918 1515 1974 separamus
1541 1904 1631 1961 beata
1655 1906 1804 1964 memoria

99 1993 152 2050 tim
177 1995 213 2050 ad
237 2010 353 2050 sacrum
379 1997 489 2049 tactum
515 1996 548 2047 ut
562 1991 731 2048 incantatus
744 1992 849 2064 anguis
862 2008 923 2047 cre·
979 1987 1216 2061 archipraesulem
1232 1994 1261 2046 et
1275 1995 1439 2046 consortem
1456 2008 1543 2048 suum
1559 1993 1806 2063 Netbelmum,in·

99 2082 173 2156 puit,
189 2082 285 2139 sanies
300 2081 438 2155 pestilera
453 2081 582 2148 delinxit,
592 2080 672 2136 visus
688 2085 716 2137 et
729 2080 829 2136 vultus
844 2081 925 2137 dctu·
978 2081 1025 2132 tra
1048 2076 1139 2135 altare
1162 2078 1256 2134 sancti
1284 2079 1414 2152 Gregorii
1436 2080 1512 2141 inter
1525 2098 1574 2138 eos
1588 2087 1656 2139 anta
1672 2084 1806 2141 recondi.

100 2171 186 2240 muit,
197 2187 374 2243 omnemque
389 2170 518 2226 dolorem
534 2169 631 2226 subita
647 2168 727 2225 salus
742 2173 771 2226 et
783 2168 833 2224 lux
849 2173 926 2225 tene·
979 2169 1054 2232 tum,
1070 2170 1098 2221 et
1113 2184 1191 2223 nunc
1206 2168 1335 2224 secundo
1350 2185 1419 2224 cum
1444 2169 1487 2225 eis
1510 2170 1699 2243 translatum,
1714 2188 1803 2242 quem

101 2260 170 2316 bras
185 2258 360 2333 profligavit,
373 2263 427 2315 etc.
980 2258 1129 2311 auctorem
1144 2259 1173 2312 et
1193 2255 1321 2312 indicem
1345 2256 1473 2314 historia
1495 2258 1654 2333 Anglorum
1680 2254 1806 2335 scriptor

137 2350 205 2406 Gar.
222 2349 278 2405 XX.
296 2347 374 2406 Caco
393 2349 581 2404 illuminatur.
599 2379 633 2388 -
648 2351 761 2403 lntcrea
786 2345 926 2420 depositis
981 2343 1058 2399 Beda
1072 2349 1256 2416 praeconatur
1270 2347 1320 2414 (9).
1337 2348 1465 2403 Ducebat
1485 2346 1539 2405 bos
1562 2348 1654 2407 duces
1678 2368 1749 2407 suos
1772 2355 1807 2407 ut

106 2438 215 2497 sanetis
228 2442 295 2494 ante
310 2437 401 2493 altare
423 2435 565 2511 presidiis
589 2436 755 2510 Augustini,
771 2436 868 2510 agitur
891 2436 927 2491 de
980 2432 1092 2504 priores
1105 2431 1325 2490 solemnissima
1340 2435 1487 2508 processio
1501 2440 1530 2492 st
1540 2453 1649 2494 canora
1662 2437 1804 2510 laudatie;

105 2527 178 2601 ipsis
202 2527 294 2583 missa
317 2525 515 2602 celeberrima,
536 2529 569 2581 ut
593 2525 714 2581 decebat
738 2529 855 2582 sanctos
880 2543 927 2581 sa·
981 2519 1112 2593 ipsisque
1127 2538 1225 2577 coram
1248 2522 1339 2579 altare
1362 2524 1508 2596 presidiis
1530 2526 1697 2600 Augustini,
1715 2528 1806 2585 donec

105 2615 236 2673 cerdetes
259 2615 384 2683 bomini,
402 2615 431 2670 in
456 2631 516 2686 qua
538 2613 638 2670 habito
661 2629 796 2670 sermone
820 2615 856 2670 ad
876 2631 926 2686 ρο-
981 2609 1044 2679 suis
1059 2611 1180 2667 sedibus
1193 2610 1469 2682 inthronizarentur,
1485 2613 1577 2672 missa
1600 2615 1705 2672 festiva
1728 2617 1806 2674 cela-

105 2704 218 2779 pulum,
235 2703 352 2759 illerum
365 2701 505 2775 preclara
518 2708 704 2776 exponuntur
717 2703 833 2758 merita.
845 2703 928 2760 Unde
981 2696 1120 2756 lebrctur.

105 2793 162 2849 fide
178 2792 343 2848 illuminata
363 2809 437 2847 anus
462 2793 607 2864 quadam,
623 2807 686 2863 quae
712 2791 860 2858 intererat,
876 2791 926 2847 diu
1016 2787 1083 2844 Cae.
1100 2788 1284 2846 XXll-XXlll.
1302 2821 1335 2830 —
1351 2789 1512 2846 Henetiam
1528 2790 1574 2847 die
1589 2791 1730 2850 irradiata
1744 2793 1805 2850 cla·

104 2881 288 2938 carensluce
307 2881 556 2949 manducadum
581 2878 706 2936 fideliter
730 2878 926 2936 clementissi·
981 2874 1021 2932 ris
1040 2877 1192 2933 miraculis
1211 2878 1305 2934 lavere
1332 2895 1461 2950 superna
1488 2879 1654 2954 benignitas
1683 2880 1805 2956 dignata

104 2988 169 3027 mos
184 2974 281 3043 patres
296 2970 471 3043 interpellat,
486 2969 621 3026 reseratis
644 2968 789 3042 extemplo
803 2969 926 3026 lumini·
980 2968 1026 3021 est
1039 2965 1149 3023 sanctis
1164 2965 1237 3033 suis,
1250 2971 1304 3022 etc.

104 3058 170 3122 bus,
185 3059 261 3115 clare
278 3058 354 3114 diem
371 3063 478 3132 captat,
495 3063 549 3114 ete.
560 3058 626 3114 Post
641 3058 748 3114 missas
762 3059 927 3132 adjungun-
1017 3056 1083 3110 Car.
1099 3053 1194 3110 XXIV.
1210 3055 1284 3111 lloeo
1300 3055 1484 3129 reliquiorum
1497 3057 1650 3130 depositio.
1665 3091 1700 3102 -
1720 3060 1805 3117 Nune

103 3152 153 3205 tur
167 3147 327 3219 Augustino
343 3147 424 3219 digni
444 3147 676 3215 consacerdotes,
693 3147 773 3219 prior
798 3149 925 3204 Lauron-
941 3126 962 3195 C
982 3146 1080 3197 erilem
1095 3141 1126 3198 hi
1140 3147 1291 3200 senatores
1304 3143 1395 3215 nestri
1410 3148 1440 3200 ei
1448 3148 1554 3208 ⁴Petras
1563 3146 1718 3219 conscripti
1730 3147 1806 3220 pari·

104 3236 163 3293 tius
179 3238 330 3303 aderitus,
347 3239 494 3293 secundus
511 3237 637 3293 lllcllitus
652 3254 669 3293 a
683 3236 823 3294 sinistris.
979 3235 1024 3287 ier
1039 3235 1072 3287 Ui
1086 3231 1224 3305 primiius
1239 3231 1393 3307 cemp⁰⁵iii
1412 3234 1608 3306 ieqssissssessssit
1625 3235 1702 3292 siout
1726 3254 1805 3293 unus

140 3330 206 3382 Cae.
222 3327 295 3381 xxi.
323 3328 535 3398 transferuntur
558 3328 657 3392 crateri,
683 3327 838 3394 deusdedit,
863 3327 924 3383 ltn-
980 3319 1113 3392 spirim&
1129 3337 1188 3375 una
1212 3322 1295 3388 fides,
1323 3339 1382 3376 ΠΜ
1407 3321 1546 3390 vheriiiss»
1564 3339 1623 3380 ⁰¹¹⁸
1648 3323 1749 3398 Peiissi0
1773 3328 1805 3382 ei·

104 3422 158 3475 tas.
174 3417 318 3483 llonortrn,
335 3415 502 3472 Netbelmus.
520 3414 617 3470 —llis
637 3415 678 3470 ita
702 3414 731 3470 in
757 3415 860 3488 quinta
885 3417 924 3471 te·
979 3409 1074 3480 gretie
1089 3408 1194 3465 crelin
1210 3409 1468 3482 cisiliejerdcmns
1484 3410 1662 3484 Augustinus
1678 3414 1804 3471 lrontem

103 3505 148 3561 ria
162 3503 342 3577 compositis,
360 3507 471 3560 sextam
496 3503 597 3559 leriam
623 3503 834 3560 nanciscuntur
858 3505 924 3560 reli·
979 3501 1008 3552 ei
1023 3497 1213 3570 principalem
1229 3497 1358 3554 ecclesie
1373 3497 1519 3571 porticum
1534 3500 1803 3576 possidctcumpri·

103 3592 171 3665 quis
194 3591 304 3649 sanetis
325 3592 419 3658 Justo,
430 3589 556 3646 Honorio
582 3607 615 3646 ac
630 3590 787 3647 Dcusdcdit
802 3592 839 3663 (8)
856 3591 925 3647 alie-
980 3601 1028 3654 mo
1043 3602 1211 3642 successore
1227 3585 1356 3643 laureato
1372 3587 1538 3654 Laurentio,
1555 3587 1612 3645 sibi
1636 3590 1768 3662 proximo
1785 3609 1804 3649 a

103 3675 211 3737 rendis.
224 3681 279 3736 Sed
298 3679 437 3735 nimirum
453 3678 551 3735 divina
566 3678 746 3752 dispensatio
763 3680 925 3736 Sabbatum
979 3672 1059 3740 leve.
1076 3678 1105 3730 el
1119 3673 1259 3730 melliflue
1276 3674 1397 3743 Meilii0.
1412 3693 1582 3733 ⁸³⁰⁰⁰⁸S⁰P0
1597 3678 1736 3748 munde
1748 3697 1803 3752 ep·

102 3768 149 3825 bis
164 3769 298 3834 intendit,
315 3785 379 3840 qua
395 3767 457 3823 dies
472 3766 671 3823 translationis
685 3768 841 3841 Augustini
861 3769 924 3840 jam
980 3762 1075 3834 penite
1089 3780 1105 3817 e
1121 3763 1230 3819 dextre.
1249 3765 1313 3836 lpse
1325 3762 1486 3836 principale
1501 3769 1589 3838 ceput
1610 3767 1737 3824 suaviter
1759 3785 1803 3825 re·

102 3862 164 3914 erat
179 3863 288 3923 octava,
301 3857 461 3929 quantinus
478 3857 599 3912 istorum
616 3863 785 3912 sanctorum
797 3856 925 3928 amplius
979 3850 1069 3906 clinat
1079 3851 1186 3907 assisto
1201 3852 1285 3908 altari
1300 3857 1407 3908 sancta
1423 3853 1657 3913 Trinitatisl'ost
1671 3857 1801 3914 Lauren-

102 3946 290 4001 inuovaretur
304 3945 439 4016 gratia,et
449 3944 586 3999 omnibus
602 3961 653 4016 per
668 3959 737 3999 suos
749 3943 811 3998 dies
825 3947 923 3999 trans·
979 3937 1516 4011 iiumjnslissimuslustusetDeidato
1531 3945 1800 4017 assumptuslleus·

100 4033 168 4089 latis
184 4039 402 4089 consecraretur
420 4032 531 4097 festiva,
549 4049 710 4104 omnesque
735 4032 925 4104 conjungeret
978 4027 1059 4084 dedit
1074 4028 1222 4100 subjuncti
1239 4029 1394 4087 asinistris
1406 4030 1801 4090 honorificentissimollono-

101 4140 134 4179 ac
150 4121 352 4179 solemnizaret
369 4121 477 4194 pariter
491 4120 552 4176 hac
569 4138 627 4175 una
652 4121 714 4176 dies
739 4125 772 4175 ut
795 4121 924 4177 ebaritas
979 4115 1032 4182 rio,
1048 4122 1077 4171 el
1091 4116 1214 4172 lhenrite
1230 4117 1381 4174 Theodoro
1396 4119 1605 4192 respondente
1629 4119 1746 4176 dextris.
1764 4121 1800 4177 lli

100 4228 170 4267 una.
186 4211 254 4282 Ipsa
268 4226 335 4283 ergo
352 4213 432 4265 serta
447 4208 517 4265 laria
530 4209 604 4263 itum
619 4214 663 4263 est
678 4209 714 4264 ad
730 4210 923 4280 prenomina—
978 4209 1048 4260 sunt
1063 4210 1173 4277 septem
1188 4205 1265 4262 oculi
1281 4206 1408 4275 Domini,
1423 4224 1476 4280 per
1499 4224 1573 4280 quos
1587 4224 1641 4264 nes
1656 4207 1801 4281 propitius

100 4303 145 4354 tos
161 4304 288 4364 sanctos,
305 4297 390 4370 quasi
407 4297 542 4353 laeillime
557 4315 590 4353 ac
606 4295 755 4353 celerrime
774 4298 921 4354 adducen-
978 4292 1142 4366 respicit.Hi
1160 4299 1270 4368 septem
1288 4295 1419 4352 stellein
1433 4296 1551 4357 dextera
1566 4297 1672 4368 ejus,et
1687 4303 1800 4371 septem

100 4388 166 4455 dos;
178 4386 327 4443 acceditur
337 4386 372 4441 ad
385 4385 618 4442 sacratissimum
632 4385 801 4454 Dcusdcdit,
816 4385 877 4458 qui,
890 4391 924 4442 ut
977 4382 1151 4439 candelabra
1166 4400 1256 4440 aurea
1271 4401 1370 4440 coram
1385 4400 1416 4441 ss
1432 4383 1570 4450 lucentia,
1586 4384 1696 4457 quibus
1710 4387 1800 4461 septi-

98 4480 291 4550 prenotatam
307 4479 361 4543 est,
378 4473 537 4530 australem
553 4473 692 4546 parietem
710 4474 960 4554 pestAugusti-1)
977 4469 1062 4526 lormi
1077 4472 1171 4544 gratia
1186 4473 1313 4544 Spiritus
1328 4472 1374 4529 sui
1390 4471 1617 4545 septempliciter
1640 4473 1799 4532 Ecclesiam

98 4582 169 4620 num
186 4564 325 4638 possedit.
343 4561 578 4619 Incredidilesed
595 4577 693 4616 verum
710 4561 851 4618 dicemus.
869 4564 921 4618 To·
975 4576 1060 4616 suam
1087 4559 1243 4618 illuminat.
1269 4562 1379 4618 Horum
1408 4559 1559 4618 exterioris
1583 4560 1646 4630 ala,
1674 4564 1800 4621 borealis

97 4658 160 4708 turn
177 4652 261 4707 illum
277 4653 465 4717 diem,totam
482 4654 652 4722 sequentem
668 4655 782 4705 noct-em
799 4650 828 4704 in
843 4651 921 4705 lran-
976 4644 1118 4701 lllildreda
1132 4651 1161 4702 et
1175 4646 1311 4703 australis
1326 4647 1473 4705 Adrianus
1488 4649 1801 4725 propriastenentpor-

97 4742 191 4814 gendo
206 4740 251 4795 vel
264 4740 419 4795 reserando
430 4738 484 4811 ipsi
490 4736 798 4794 usmausoleeuttritis
809 4737 922 4796 viribus
974 4733 1061 4800 tiens,
1078 4740 1106 4790 ei
1120 4735 1224 4791 alteria
1238 4735 1274 4790 nd
1289 4736 1386 4808 erpiie
1401 4741 1434 4793 el
1445 4738 1638 4812 Augustinus,
1656 4739 1799 4798 Mildreda

96 4825 921 4900 consumpserunt,manetaudemSabbatianhelesudorc
975 4821 1060 4878 elteri
1076 4822 1208 4895 praenitet
1222 4829 1393 4881 sannionum
1405 4831 1685 4898 innocentum,quos
1695 4845 1797 4886 omnes

96 4915 260 4991 cryptulam
276 4917 340 4987 ejus
356 4917 581 4986 perrupucrunt.
595 4913 704 4969 Deinde
719 4921 826 4987 erupta
844 4916 920 4972 beati
973 4909 1107 4984 virginali
1123 4910 1198 4966 lovct
1212 4910 1366 4983 graminei
1378 4929 1447 4970 cum
1463 4913 1506 4970 eis
1520 4913 1680 4988 cytharizat
1688 4921 1718 4973 at
1732 4933 1798 4975 can·

96 5005 173 5062 iusti
200 5021 293 5076 usqua
317 5003 353 5058 ad
378 5001 481 5057 horam
498 5000 623 5073 primam
641 5002 781 5058 attentius
797 5003 918 5060 insuda·
973 4998 1177 5055 tripertitum
1194 5000 1423 5074 nOVUfflSpenee
1438 5003 1797 5078 w00iA81²0‚illumqu⁰·

95 5097 175 5160 runt,
200 5097 228 5148 et
251 5091 298 5147 vix
326 5107 389 5147 eam
419 5089 537 5144 tandem
564 5096 739 5146 reserarunt.
770 5091 918 5149 Postremo
973 5104 1089 5160 cunque
1112 5086 1179 5144 ierit
1202 5088 1312 5162 pariter
1340 5092 1500 5163 sequendo.
1525 5090 1668 5148 Adrianus
1697 5094 1796 5154 Proto·

95 5181 190 5238 saneti
207 5179 334 5246 llonorii,
353 5178 401 5252 qui
416 5178 521 5233 horum
539 5178 653 5234 medius
675 5181 841 5247 accusabat,
857 5198 918 5252 per·
973 5175 1109 5248 martyris
1125 5175 1277 5248 Stephani,
1295 5195 1347 5234 nec
1363 5195 1421 5235 non
1437 5179 1585 5235 Laurentii
1600 5195 1635 5235 ac
1649 5180 1795 5237 vincentii

94 5275 162 5328 tusa
177 5271 207 5325 in
222 5269 312 5325 latere
338 5272 439 5340 crypta
463 5271 563 5323 sancto
585 5283 734 5341 egressum
751 5269 849 5324 dabat.
866 5267 917 5325 Hic
972 5268 1136 5337 martyrum
1151 5270 1254 5323 tenens
1269 5266 1418 5336 altarium,
1434 5267 1584 5341 martyrali
1603 5267 1663 5324 vita
1688 5274 1796 5343 marty-

130 5393 167 5466 (dl
182 5393 286 5448 iustus
302 5390 408 5446 colitur
422 5390 469 5445 die
487 5407 505 5445 a
525 5390 675 5460 Novemb,
692 5391 837 5447 Honorius
861 5408 916 5447 xxx
971 5387 1185 5461 Martyrologiis
1199 5394 1233 5445 ut
1244 5395 1365 5446 sanctus
1381 5390 1554 5455 celebratur,
1570 5389 1678 5446 dicitur
1693 5410 1710 5448 a
1724 5392 1785 5449 God

96 5465 257 5534 Septemb,
275 5462 433 5518 Dcusdcdit
448 5479 484 5516 xv
497 5460 577 5516 tulii.
969 5458 1050 5516 wine
1066 5459 1112 5515 die
1126 5477 1184 5516 xvn
1201 5461 1344 5530 Octobris,
1361 5479 1437 5520 anne
1452 5462 1517 5528 741,
1531 5461 1650 5518 obiisse.

128 5534 168 5603 (a)
184 5535 216 5590 ln
232 5532 350 5607 prologo
366 5532 508 5591 Historia.
526 5531 698 5589 Netbelmus
722 5547 869 5604 nusquam
885 5531 914 5587 in
