3816 6006
66 307 125 368 973
481 304 634 370 aluums
656 305 787 370 PARIS.
811 304 914 370 nisu.
937 304 1142 370 fllaausut.
1158 340 1197 352 —
1212 305 1285 369 LlB.
1307 307 1361 372 lV.
1712 309 1772 372 att
1845 302 1852 306 ⁴

65 438 192 495 Cartana
210 437 324 495 militia
347 441 485 511 princeps,
510 456 573 495 cum
596 441 745 496 Persarum
770 440 935 508 6661611οΑ
950 439 1135 513 Raptatoque
1149 438 1210 495 viro
1225 438 1420 513 subitocaput
1435 437 1673 512 amputatensis.

284 516 380 566 000179
393 510 567 567 ‘immittam
581 511 678 567 1101111·
949 528 1033 585 Tunc
1046 543 1114 585 vero
1129 532 1269 586 resonant
1284 527 1462 586 clamoribus
1478 526 1598 603 agmina
1611 527 1721 585 densis.

63 618 118 673 Ast
137 615 188 672 ubi
204 632 290 672 mane
305 617 402 685 datur,
418 615 598 690 Venerisque
613 617 675 674 dies
691 620 847 689 reseratur,
949 617 1073 674 Parthus
1087 622 1162 685 ovat,
1180 617 1279 692 digitis
1293 617 1496 692 premitcaput
1510 616 1559 674 iile
1569 619 1736 686 cruentum,

64 706 154 762 Stans
169 722 260 779 eques
274 704 305 761 in
321 705 425 774 muris,
442 706 513 762 dum
529 710 713 763 sustentatur
741 706 778 763 ab
797 706 892 776 hasta,
948 705 1048 780 [(102)
1077 706 1270 780 Praefrgasque
1301 706 1367 763 sudi
1403 708 1601 765 madefactum
1630 704 1773 780 sanguine

64 794 250 867 Sortitusque
265 793 375 862 locum,
390 793 455 850 loca
468 793 576 851 lustrat
591 793 703 852 lumine
715 799 807 865 vasta,
1578 797 1736 869 [mentum,

64 882 197 940 Pulveris
212 884 373 940 obscuram
389 884 539 957 prospexit
554 884 581 938 in
598 901 664 941 aere
679 885 798 940 nubem.
947 883 1004 940 Ora
1019 885 1107 941 refert
1121 885 1157 942 ad
1174 890 1270 942 caetra
1284 884 1367 959 nigro
1387 886 1518 943 rorantia
1531 886 1609 955 tabo,

64 972 173 1029 Tristia
187 989 253 1030 mox
268 972 414 1045 reliquam
429 978 512 1030 vocat
526 974 562 1029 ad
582 973 749 1047 spectacula
772 974 891 1048 pubem.
946 972 1032 1030 Urbis
1047 974 1083 1030 ad
1099 978 1219 1032 eventus
1234 991 1311 1031 nunc
1327 975 1477 1049 ingenium
1496 974 1645 1033 revocabo.

63 1061 223 1135 Suspensis
238 1061 346 1117 animis
363 1078 420 1135 per
430 1061 651 1135 propugnacula
666 1063 794 1119 stabant.
1129 1065 1211 1120 farei
1225 1064 1397 1121 Antiochiam
1413 1067 1587 1138 impugnant.

63 1150 237 1224 Diversique
249 1150 313 1220 viri,
331 1150 447 1207 diversa
461 1151 558 1208 videre
571 1152 723 1225 putabant.
981 1151 1051 1208 Urbi
1065 1169 1182 1227 quaque
1196 1153 1243 1209 die
1258 1153 1345 1209 ‘furci
1360 1171 1415 1211 sua
1430 1157 1527 1211 castra
1542 1152 1751 1227 propinquant,

65 1240 247 1314 appropiare
261 1238 380 1313 quidem
396 1240 508 1297 ‘furcos
523 1241 577 1313 (91)
595 1257 663 1314 pars
677 1239 863 1309 vaticinatur,
946 1239 1037 1297 Marte
1052 1236 1141 1298 ininis
1156 1240 1275 1312 clausis,
1287 1243 1412 1299 suadent
1426 1247 1458 1299 nt
1469 1243 1575 1316 adepta
1591 1241 1768 1316 relinquant.

62 1328 134 1385 Pars
149 1328 323 1402 bysantinos
341 1329 401 1385 fore
416 1329 510 1386 credit
525 1346 600 1402 quos
614 1330 793 1403 speculatur.
944 1329 980 1384 ut
994 1335 1124 1387 castrum
1141 1330 1240 1404 plures
1255 1348 1289 1388 ex
1303 1331 1362 1388 illis
1377 1331 1594 1405 ingrediuntur,

60 1418 203 1474 Ardentes
218 1416 336 1492 clypeos
352 1416 395 1476 sol
411 1418 522 1474 lumine
537 1419 728 1492 percutiebat,
945 1419 1027 1477 latus
1042 1425 1071 1477 et
1085 1421 1212 1479 exterius
1227 1422 1268 1478 ita
1282 1425 1399 1479 nostros
1414 1421 1628 1496 aggrediuntur

60 1505 266 1580 Paulatimque
283 1507 421 1580 frequens
436 1507 580 1565 exercitus
595 1507 777 1564 adveniebat.
943 1508 1007 1565 Non
1023 1509 1112 1584 igitur
1126 1509 1229 1585 positis
1241 1509 1308 1568 telis
1322 1527 1429 1568 manus
1445 1509 1507 1567 ulla
1518 1510 1650 1579 vacabat,

60 1596 223 1653 Consedere
236 1600 336 1653 tamen
352 1596 464 1670 procul,
481 1597 675 1671 exspectando
690 1602 847 1670 sequentes
943 1597 1001 1654 Nec
1016 1597 1099 1672 galea
1113 1599 1271 1673 quisquam
1287 1615 1424 1674 pressum
1437 1603 1526 1672 caput
1540 1598 1724 1658 exonerabat.

61 1686 195 1742 corbana
210 1684 321 1742 militie
337 1686 484 1760 princeps,
502 1685 667 1760 reliquique
682 1690 825 1759 potentes.
943 1685 1031 1744 Nocte
1043 1688 1150 1745 cubant
1166 1688 1234 1745 tecti
1250 1687 1359 1762 clypeis
1373 1687 1403 1745 in
1419 1688 1537 1762 pulvere
1550 1687 1611 1757 vili,

60 1775 118 1831 Sed
133 1775 254 1848 quidam
271 1775 362 1832 Persa
375 1777 439 1848 jam
455 1777 564 1832 moenia
578 1791 629 1850 spe
645 1775 802 1849 capientes,
902 1817 927 1883 B
943 1774 1132 1850 Membraque
1150 1777 1292 1834 deflciunt
1306 1777 1371 1851 ipso
1387 1777 1517 1835 cruciata
1531 1777 1632 1835 cubili.

59 1862 149 1920 Urbis
163 1864 193 1920 in
208 1869 328 1937 aspectu
345 1881 464 1938 campos
480 1865 587 1937 petiere
603 1868 744 1938 patentes,
943 1863 1029 1921 Urbis
1044 1865 1193 1933 turbabat,
1209 1865 1274 1922 loca
1286 1865 1438 1924 discursus
1444 1865 1623 1939 jaculorum.

58 1951 247 2025 Diversisque
263 1951 359 2008 modis
374 1953 504 2026 gaudent
518 1953 558 2009 ibi
574 1952 732 2021 luxuriare,
942 1953 1050 2010 Turres
1062 1953 1130 2011 inde
1144 1954 1248 2028 rigent,
1265 1955 1437 2029 hirsutaque
1451 1959 1527 2013 tecta
1539 1955 1705 2028 domorum,

58 2041 239 2114 Turpianon
250 2041 886 2116 cessantspeculantibus(98‚)improperare,
942 2042 978 2098 Sa
993 2059 1111 2116 quoque
1125 2041 1249 2117 gentiles
1264 2042 1294 2099 in
1311 2048 1410 2118 aperta
1420 2043 1552 2118 pericula
1566 2045 1696 2118 mittunt,

59 2132 239 2204 Spumantes
256 2148 307 2203 per
320 2147 442 2204 gramen
459 2148 549 2204 equos
565 2131 712 2189 dimittere
727 2135 850 2199 certant,
940 2130 976 2185 ut
991 2147 1079 2205 prope
1092 2132 1242 2188 decertant
1257 2130 1373 2206 gladiis,
1387 2148 1535 2205 arcusque
1550 2132 1704 2191 remittunt

57 2219 194 2276 Nudatos
209 2219 429 2291 ensasjaciunt,
446 2219 612 2294 iterumque
626 2225 787 2295 receptant.
942 2220 1056 2293 ltostes,
1071 2226 1099 2277 et
1114 2220 1206 2278 nostri
1223 2221 1372 2278 modicum
1389 2221 1549 2278 discrimen
1564 2222 1722 2280 habebant.

57 2307 228 2378 Examinat,
243 2308 354 2382 passim
369 2306 501 2381 volitant,
518 2309 684 2383 clausisque
700 2309 859 2382 minantur,
940 2307 1048 2366 Omnes
1063 2326 1180 2383 quaque
1193 2309 1240 2366 die
1255 2310 1311 2367 sub
1328 2314 1424 2367 castro
1440 2309 1662 2369 conveniebant.

58 2397 190 2470 Telaque
205 2415 257 2470 per
270 2414 378 2455 vacuas
394 2415 481 2455 auras
494 2403 603 2456 temere
614 2398 793 2472 jaculantur.
939 2397 1064 2471 Jamque
1076 2397 1182 2471 opibus
1197 2397 1330 2456 minimis
1346 2415 1364 2455 a
1377 2398 1513 2472 pluribus
1531 2399 1701 2472 attenuatio,

57 2486 165 2544 Tutius
180 2504 244 2544 esse
259 2490 365 2560 putant
380 2488 473 2544 nostri
490 2487 554 2545 loca
567 2493 646 2545 certa
660 2489 754 2546 fovere
938 2486 992 2542 Vix
1004 2486 1116 2561 aliquid
1130 2487 1225 2545 victus
1239 2488 1369 2545 restabat
1384 2487 1414 2545 in
1430 2488 1502 2545 urbe
1517 2487 1621 2547 beatis.

57 2577 152 2642 Onam
162 2592 249 2632 casus
263 2575 374 2633 incerta
389 2576 473 2649 sequi
493 2576 664 2649 bellumque
679 2594 805 2636 movere.
1176 2578 1280 2636 civitas
1294 2579 1369 2650 same
1381 2577 1534 2634 metatur.

58 2663 115 2721 Sed
132 2680 199 2720 cum
209 2664 273 2736 J‘am
289 2664 376 2721 Tucci
391 2670 555 2723 remearent
569 2666 772 2737 vociferantes,
973 2666 1048 2740 Ergo
1063 2667 1156 2723 fames
1170 2666 1299 2723 erudelis
1314 2666 1408 2735 adest,
1424 2665 1570 2723 crudelior
1582 2666 1673 2724 omni.

56 2754 99 2811 De
113 2752 279 2810 Barnavilla
294 2753 428 2826 seqnitur
443 2754 574 2828 Rogarus
589 2759 708 2812 ovantes
937 2753 1030 2823 Peste,
1047 2754 1102 2811 viri
1115 2753 1247 2828 vigilant,
1264 2754 1506 2829 fagiuntjejnnia
1520 2756 1627 2813 somni.

56 2843 131 2900 Cum
145 2844 240 2900 tribus
254 2843 386 2912 armatis,
405 2860 479 2917 quos
503 2848 659 2917 postquam
689 2860 763 2919 gens
786 2861 881 2902 remo·
936 2843 1087 2901 Deformat
1099 2843 1209 2902 macies
1223 2844 1335 2916 vultus,
1351 2843 1481 2917 nigriora
1495 2843 1618 2918 sepultis

695 2936 770 3007 [rata
784 2934 828 3008 99)
937 2931 1060 2990 Ossibus
1075 2949 1142 2991 ossa
1155 2934 1275 3003 micant,
1293 2937 1435 3006 apparent
1448 2931 1561 2991 viscera
1571 2933 1684 2992 multis.

57 3022 206 3098 Respexit,
223 3022 293 3079 facit
308 3022 430 3080 insidias
445 3023 501 3080 sub
517 3040 589 3096 rupe
604 3027 714 3080 cavata.
936 3021 1050 3096 Vulgus
1068 3022 1146 3079 iners
1157 3023 1263 3080 herbas
1279 3021 1385 3079 dubias
1396 3021 1568 3094 lethumque
1580 3021 1727 3082 minantes

56 3113 193 3186 Dumque
206 3110 385 3169 lacessentes
399 3111 516 3185 aliquos
528 3111 619 3168 nostri
634 3115 836 3184 sequerentur,
936 3110 1031 3176 vellit,
1048 3115 1077 3167 et
1092 3111 1121 3168 in
1137 3112 1210 3168 dura
1226 3110 1377 3168 luctantur
1392 3109 1501 3184 cespite
1516 3112 1629 3183 dentes,

57 3202 78 3257 11
91 3200 215 3260 latebris
229 3201 308 3258 fures
326 3200 439 3258 saliunt
454 3201 605 3274 nostrique
621 3200 693 3273 (l00)
709 3206 846 3257 tenentur
898 3187 920 3256 C
939 3200 1105 3258 Frondibus
1115 3200 1145 3257 hi
1162 3200 1292 3274 gaudent
1306 3199 1429 3257 arbusta
1443 3199 1506 3256 suis
1520 3200 1655 3273 spoliare,

57 3289 180 3356 inclusi,
195 3290 329 3366 versique
345 3296 475 3363 stupent,
491 3290 658 3364 animisque
672 3290 805 3363 receptis,
939 3287 983 3345 Illi
998 3305 1078 3345 more
1094 3290 1159 3345 fera
1175 3289 1298 3360 radices,
1314 3292 1399 3361 prata
1412 3304 1523 3345 vorare.

57 3378 211 3437 Vallantes
226 3384 390 3452 penetrant,
407 3380 517 3453 clypeis
532 3380 568 3437 ad
583 3385 666 3454 terga
680 3378 805 3451 rejectis.
938 3376 1031 3435 Multa
1046 3377 1165 3451 quidem
1192 3378 1350 3435 comedunt
1375 3375 1529 3435 hominum
1558 3393 1617 3435 non
1646 3379 1762 3454 cognita
1838 3383 1843 3387 '

58 3468 95 3525 Ut
111 3468 150 3525 sit
164 3469 213 3525 nbi
228 3469 352 3527 canibus
365 3474 431 3544 post
447 3470 524 3526 cervi
539 3484 626 3525 crura
639 3467 754 3538 solutis,
1591 3467 1724 3540 [mensis.

58 3557 94 3615 Hi
110 3558 234 3632 pedibus
250 3559 389 3631 predam,
406 3562 523 3632 portum
540 3558 613 3632 petit
628 3556 676 3614 ille
692 3556 795 3614 salutis
937 3557 1026 3614 Arida
1040 3556 1117 3613 facta
1132 3573 1238 3614 manus
1250 3573 1298 3614 mx
1312 3556 1442 3630 pondera
1453 3555 1580 3613 sustinet
1593 3556 1667 3614 ensi.

58 3646 110 3703 His
126 3646 188 3704 alas
204 3647 284 3703 addit
299 3663 376 3720 spes,
394 3647 427 3703 f1t
441 3647 517 3705 celer
530 3647 579 3704 ille
595 3647 710 3715 timore,
939 3645 961 3703 0
976 3645 1128 3702 referenda
1143 3646 1201 3703 Deo
1215 3645 1320 3714 virtus,
1338 3645 1519 3702 circumdata
1531 3648 1613 3720 peste

59 3735 127 3792 Mox
140 3735 198 3792 voti
213 3752 333 3808 compos
348 3752 451 3793 cervus
466 3735 547 3792 canis
561 3737 619 3793 exit
635 3737 671 3793 ab
686 3752 745 3792 ore.
939 3735 1046 3792 Nostra
1061 3735 1166 3792 cohors
1180 3738 1280 3792 saturo
1291 3735 1425 3807 jejunam
1436 3734 1557 3791 timetur
1569 3734 1606 3791 ab
1620 3734 1713 3794 hoste.

57 3825 118 3881 Nos
134 3825 207 3898 (101)
222 3825 264 3882 ita
279 3825 405 3882 Parthus
419 3825 628 3899 agitpraeoepe,
643 3825 673 3882 in
684 3825 805 3882 verbera
814 3842 884 3899 pen·
939 3824 996 3881 lies
1012 3824 1104 3881 nova!
1122 3839 1189 3880 crus
1201 3820 1276 3880 asini
1292 3821 1376 3879 libris
1390 3823 1486 3880 tribus
1501 3822 1685 3896 appretiatur

753 3916 846 3987 [dens.
939 3913 1052 3986 Quique
1067 3912 1147 3969 dedit
1160 3911 1297 3985 pretium,
1313 3929 1371 3968 non
1382 3911 1740 3987 prodignsindeputatur.

56 4004 106 4061 Sic
122 4004 197 4078 fugit
211 4004 268 4061 ista
282 4004 396 4074 cohors,
411 4005 448 4060 ad
467 4003 532 4060 vita
548 4004 668 4078 praemia
681 4005 814 4062 tendens.
939 4000 996 4059 Ora
1011 4005 1128 4057 movent
1142 4001 1235 4073 pueri,
1252 4004 1422 4073 matresque
1435 4003 1540 4057 vocant
1558 4001 1727 4074 morientes,

57 4093 185 4166 lnstigat
199 4093 293 4150 socios
308 4093 452 4166 Rogerus,
468 4097 497 4149 ct
511 4093 571 4149 cxci
576 4093 619 4166 pit
638 4093 723 4150 ictus.
938 4091 1013 4146 hera
1027 4106 1080 4163 pro
1093 4088 1187 4146 solitis
1199 4088 1294 4163 epulis
1310 4105 1456 4162 aurasque
1471 4092 1597 4148 terentes
1612 4091 1696 4166 (103.)

55 4181 141 4238 Nunc
158 4183 273 4239 tardare
289 4181 358 4239 facit
372 4183 503 4256 probitas
518 4185 546 4239 ot
561 4183 678 4239 conscia
692 4182 794 4239 virtus.
938 4178 1047 4235 Cursor
1060 4195 1155 4250 equus
1171 4194 1258 4250 quam
1273 4179 1320 4235 rix
1335 4194 1536 4252 nupercarcer
1550 4179 1703 4252 retinebat,

55 4270 195 4327 Telorum
210 4270 313 4328 silvam
328 4271 376 4328 vix
390 4270 516 4329 sustinet
530 4270 650 4328 horrida
664 4288 776 4344 parma.
939 4267 1024 4324 Nunc
1039 4266 1123 4354 avido
1139 4283 1239 4323 morsu
1254 4283 1378 4322 vacuam
1394 4282 1523 4340 presepe
1537 4269 1664 4340 petebat,

56 4359 218 4417 Labentem
233 4363 380 4418 sustentat
395 4377 515 4434 equum,
532 4360 642 4435 tinguit
655 4377 742 4418 cruor
756 4377 847 4418 arma.
940 4357 1106 4414 uitandam
1123 4355 1219 4428 posita
1232 4354 1355 4413 feritate.
1372 4355 1469 4413 furore
1483 4361 1606 4427 remoto,

54 4447 213 4523 Oppressis
230 4449 348 4506 fortuna
363 4455 457 4507 nocet.
474 4451 540 4507 tem
556 4448 741 4506 deficiebant.
940 4445 1063 4503 Labitur
1074 4443 1175 4502 infelix
1190 4443 1357 4519 singultans
1371 4460 1490 4517 corpore
1504 4449 1575 4502 toto.

56 4536 218 4606 laetantes,
234 4539 355 4613 Rogere,
372 4540 416 4595 tui
426 4539 491 4611 jam
507 4542 572 4595 tuta
587 4540 735 4606 tenebant,
900 4559 924 4626 D
939 4535 1063 4591 flevarat
1076 4533 1155 4590 hunc
1174 4533 1263 4591 etiam
1278 4537 1421 4606 prestans
1434 4531 1541 4590 virtute
1551 4535 1703 4610 juventus,

54 4629 129 4683 Cum
144 4631 173 4684 te
185 4627 347 4702 precipitat
361 4628 479 4702 sonipes
494 4627 571 4684 male
587 4627 794 4701 precipitatus,
939 4624 976 4680 ut
990 4623 1075 4680 cibus
1089 4621 1145 4680 iste
1160 4622 1255 4696 placet
1268 4621 1385 4697 populis
1400 4639 1467 4680 caro
1481 4620 1549 4679 licat
1562 4629 1689 4698 emptus.

57 4715 118 4773 Nec
131 4715 267 4774 relevaris
280 4717 349 4791 equi
365 4716 488 4774 revoluti
503 4716 580 4774 mole
594 4722 742 4790 gravatus.
940 4713 1016 4770 Dum
1031 4716 1164 4787 pereunt,
1181 4714 1252 4770 dum
1268 4711 1319 4785 qul
1334 4715 1448 4786 poterat
1461 4712 1617 4786 persistere
1632 4715 1726 4788 fortis,

57 4804 114 4871 Qui
131 4822 190 4863 non
207 4808 347 4879 parcebas
362 4806 451 4875 hosti,
468 4806 585 4864 foedaris
599 4806 629 4862 in
646 4805 704 4864 alto
938 4802 1024 4873 Vivit,
1041 4802 1066 4859 si
1080 4801 1152 4858 vivit
1166 4800 1324 4875 quisquam
1340 4801 1396 4858 aab
1410 4799 1539 4875 imagine
1554 4801 1657 4861 mortis

56 4892 196 4964 Vulnere,
215 4912 267 4953 nec
277 4896 371 4952 voluit
385 4897 499 4952 Turcus
514 4896 567 4951 tibi
583 4912 701 4969 parcere
716 4895 823 4970 capto‘l
939 4892 991 4948 Vir
1005 4890 1125 4964 quidam
1143 4890 1211 4946 data
1225 4893 1309 4947 nocte
1323 4889 1380 4947 sibi
1396 4889 1501 4947 solatia
1515 4894 1618 4948 sancta

96 4983 212 5040 AEstnat
227 4984 257 5039 in
273 4984 367 5041 muris
381 4985 502 5041 confusa
518 4984 629 5057 pudore
639 4985 791 5057 juventus.
941 4981 972 5037 ln
988 4975 1145 5036 commune
1160 4978 1256 5035 refert.
1274 4976 1353 5036 uidet
1364 4977 1472 5035 flducia
1482 4982 1566 5036 tanta
1580 4981 1635 5048 est,

59 5072 139 5129 Dum
155 5071 301 5145 premitur
310 5073 421 5146 J'aculis
436 5074 480 5129 vir
493 5072 578 5130 fortis
593 5073 630 5129 ab
645 5074 728 5130 hoste
743 5076 885 5130 retentus.
941 5067 992 5126 ille
1007 5068 1096 5126 refert
1110 5068 1240 5142 palmam
1257 5066 1365 5124 nostrie
1379 5070 1446 5140 post
1459 5067 1590 5142 quinque
1603 5072 1737 5143 paratam

59 5163 203 5217 Avariunt
215 5161 317 5218 oculos
335 5178 470 5235 proceres
485 5163 535 5236 qui
549 5161 775 5236 prospiciebant,
941 5157 1013 5214 Esse
1027 5156 1101 5225 dies,
1116 5155 1282 5228 hilaratque
1295 5154 1373 5212 viros
1387 5154 1560 5230 plebemque
1573 5161 1706 5217 vocatam

60 5248 137 5307 Cum
150 5266 204 5324 per
219 5268 288 5308 saxa
302 5267 390 5309 canes
400 5250 529 5326 insignia
540 5251 673 5309 mambra
687 5251 853 5321 trahebant,
943 5248 1085 5305 Pratarea
1096 5249 1209 5302 mantes
1224 5248 1393 5303 nostrornm
1407 5243 1565 5304 letificavit

97 5393 146 5461 (97
173 5393 262 5463 uait,
277 5412 371 5452 marce
979 5391 1038 5461 (101
1068 5387 1157 5456 uait,
1172 5387 1230 5445 hos.
1353 5458 1359 5471 ι

100 5463 147 5536 (98
175 5464 269 5532 uait,
284 5468 477 5539 spectantibus.
994 5463 1046 5519 102
1072 5460 1124 5518 Hic
1138 5475 1242 5517 versus
1256 5458 1337 5517 deest
1352 5475 1382 5517 1n
1397 5458 1486 5526 editis

96 5534 266 5604 (99llldit.‚
282 5547 442 5596 memorato.
995 5535 1046 5594 103
1072 5530 1160 5592 doit..
1175 5538 1305 5608 menes,

96 5606 176 5686 (100)
193 5606 470 5687 uait.‚javereqaa
