<?xml version="1.0" encoding="UTF-8"?>
<!DOCTYPE html PUBLIC "-//W3C//DTD XHTML 1.0 Transitional//EN"
    "http://www.w3.org/TR/xhtml1/DTD/xhtml1-transitional.dtd">
<html xmlns="http://www.w3.org/1999/xhtml" xml:lang="en" lang="en">
 <head>
  <title>
</title>
<meta http-equiv="Content-Type" content="text/html;charset=utf-8" />
  <meta name='ocr-system' content='tesseract 3.04.00' />
  <meta name='ocr-capabilities' content='ocr_page ocr_carea ocr_par ocr_line ocrx_word'/>
</head>
<body>
  <div class='ocr_page' id='page_1' title='image "./patrologiaecurs93unkngoog_0891.png"; bbox 0 0 3816 6006; ppageno 0'>
   <div class='ocr_carea' id='block_1_1' title="bbox 63 210 1870 291">
    <p class='ocr_par' dir='ltr' id='par_1_1' title="bbox 63 210 1870 291">
     <span class='ocr_line' id='line_1_1' title="bbox 63 210 1870 291; baseline 0.001 -5"><span class='ocrx_word' id='word_1_1' title='bbox 63 255 71 265; x_wconf 91' lang='lat'>-</span> <span class='ocrx_word' id='word_1_2' title='bbox 162 220 242 287; x_wconf 79' lang='lat' dir='ltr'><strong>asar</strong></span> <span class='ocrx_word' id='word_1_3' title='bbox 661 228 863 290; x_wconf 79' lang='lat' dir='ltr'><strong>nonanus.</strong></span> <span class='ocrx_word' id='word_1_4' title='bbox 879 259 918 272; x_wconf 89' lang='lat'><em>-</em></span> <span class='ocrx_word' id='word_1_5' title='bbox 934 210 1133 289; x_wconf 76' lang='lat' dir='ltr'><strong>moutam</strong></span> <span class='ocrx_word' id='word_1_6' title='bbox 1153 226 1362 291; x_wconf 80' lang='lat' dir='ltr'><strong>sannaus.</strong></span> <span class='ocrx_word' id='word_1_7' title='bbox 1796 224 1870 288; x_wconf 82' lang='lat' dir='ltr'><strong>asu</strong></span> 
     </span>
    </p>
   </div>
   <div class='ocr_carea' id='block_1_2' title="bbox 143 357 1870 5431">
    <p class='ocr_par' dir='ltr' id='par_1_2' title="bbox 146 357 1870 4558">
     <span class='ocr_line' id='line_1_2' title="bbox 160 357 1870 434; baseline 0 -18"><span class='ocrx_word' id='word_1_8' title='bbox 160 359 199 416; x_wconf 90' lang='lat' dir='ltr'><strong>tis</strong></span> <span class='ocrx_word' id='word_1_9' title='bbox 213 359 359 416; x_wconf 90' lang='lat' dir='ltr'><strong>habentur</strong></span> <span class='ocrx_word' id='word_1_10' title='bbox 373 357 526 433; x_wconf 83' lang='lat' dir='ltr'><strong>religiosis.</strong></span> <span class='ocrx_word' id='word_1_11' title='bbox 540 360 603 417; x_wconf 91' lang='lat' dir='ltr'><strong>Non</strong></span> <span class='ocrx_word' id='word_1_12' title='bbox 618 359 752 434; x_wconf 90' lang='lat' dir='ltr'><strong>prohibet</strong></span> <span class='ocrx_word' id='word_1_13' title='bbox 776 360 921 433; x_wconf 90' lang='lat' dir='ltr'><strong>siquidem</strong></span> <span class='ocrx_word' id='word_1_14' title='bbox 946 377 982 417; x_wconf 92' lang='lat' dir='ltr'><strong>ne</strong></span> <span class='ocrx_word' id='word_1_15' title='bbox 996 360 1024 427; x_wconf 78' lang='grc' dir='ltr'>Α</span> <span class='ocrx_word' id='word_1_16' title='bbox 1037 359 1136 433; x_wconf 72' lang='lat' dir='ltr'><strong>federe</strong></span> <span class='ocrx_word' id='word_1_17' title='bbox 1149 362 1236 429; x_wconf 81' lang='lat' dir='ltr'><strong>(Rom.</strong></span> <span class='ocrx_word' id='word_1_18' title='bbox 1252 366 1282 434; x_wconf 91' lang='lat'><strong>1).</strong></span> <span class='ocrx_word' id='word_1_19' title='bbox 1298 361 1352 429; x_wconf 83' lang='lat' dir='ltr'><strong>Qui</strong></span> <span class='ocrx_word' id='word_1_20' title='bbox 1367 358 1445 418; x_wconf 87' lang='lat' dir='ltr'><strong>sicut</strong></span> <span class='ocrx_word' id='word_1_21' title='bbox 1456 359 1709 419; x_wconf 75' lang='lat' dir='ltr'><strong>immisericordes</strong></span> <span class='ocrx_word' id='word_1_22' title='bbox 1736 362 1820 429; x_wconf 87' lang='lat' dir='ltr'><strong>sunt,</strong></span> <span class='ocrx_word' id='word_1_23' title='bbox 1834 358 1870 418; x_wconf 79' lang='lat' dir='ltr'><strong>ita</strong></span> 
     </span>
     <span class='ocr_line' id='line_1_3' title="bbox 159 447 1867 523; baseline -0.001 -17"><span class='ocrx_word' id='word_1_24' title='bbox 159 449 334 516; x_wconf 76' lang='lat' dir='ltr'><strong>habeantur,</strong></span> <span class='ocrx_word' id='word_1_25' title='bbox 351 449 401 505; x_wconf 88' lang='lat' dir='ltr'><strong>sed</strong></span> <span class='ocrx_word' id='word_1_26' title='bbox 428 467 465 505; x_wconf 91' lang='lat' dir='ltr'><strong>ne</strong></span> <span class='ocrx_word' id='word_1_27' title='bbox 489 449 596 506; x_wconf 88' lang='lat' dir='ltr'><strong>habere</strong></span> <span class='ocrx_word' id='word_1_28' title='bbox 616 453 800 523; x_wconf 79' lang='lat' dir='ltr'><strong>appetantur.</strong></span> <span class='ocrx_word' id='word_1_29' title='bbox 818 449 900 506; x_wconf 91' lang='lat' dir='ltr'><strong>Unde</strong></span> <span class='ocrx_word' id='word_1_30' title='bbox 924 467 983 506; x_wconf 89' lang='lat' dir='ltr'><strong>noa</strong></span> <span class='ocrx_word' id='word_1_31' title='bbox 1037 465 1190 507; x_wconf 86' lang='lat' dir='ltr'><strong>summum</strong></span> <span class='ocrx_word' id='word_1_32' title='bbox 1205 450 1339 508; x_wconf 86' lang='lat' dir='ltr'><strong>iudicem</strong></span> <span class='ocrx_word' id='word_1_33' title='bbox 1360 449 1416 508; x_wconf 91' lang='lat' dir='ltr'><strong>sibi</strong></span> <span class='ocrx_word' id='word_1_34' title='bbox 1440 450 1567 508; x_wconf 89' lang='lat' dir='ltr'><strong>sentient</strong></span> <span class='ocrx_word' id='word_1_35' title='bbox 1587 447 1867 507; x_wconf 75' lang='lat' dir='ltr'><strong>immisericordem.</strong></span> 
     </span>
     <span class='ocr_line' id='line_1_4' title="bbox 159 537 1869 613; baseline 0.001 -20"><span class='ocrx_word' id='word_1_36' title='bbox 159 539 200 594; x_wconf 89' lang='lat' dir='ltr'><strong>ait</strong></span> <span class='ocrx_word' id='word_1_37' title='bbox 216 555 222 593; x_wconf 95' lang='lat'><strong>:</strong></span> <span class='ocrx_word' id='word_1_38' title='bbox 239 537 333 595; x_wconf 89' lang='lat' dir='ltr'><strong>Nolite</strong></span> <span class='ocrx_word' id='word_1_39' title='bbox 350 538 412 594; x_wconf 85' lang='lat' dir='ltr'><strong>fieri</strong></span> <span class='ocrx_word' id='word_1_40' title='bbox 429 539 537 606; x_wconf 86' lang='lat' dir='ltr'><strong>tristes,</strong></span> <span class='ocrx_word' id='word_1_41' title='bbox 554 539 604 595; x_wconf 89' lang='lat' dir='ltr'><strong>sed</strong></span> <span class='ocrx_word' id='word_1_42' title='bbox 621 540 704 595; x_wconf 86' lang='lat' dir='ltr'><strong>nolite</strong></span> <span class='ocrx_word' id='word_1_43' title='bbox 725 541 788 612; x_wconf 78' lang='lat' dir='ltr'><strong>fieri</strong></span> <span class='ocrx_word' id='word_1_44' title='bbox 809 541 881 596; x_wconf 88' lang='lat' dir='ltr'><strong>sicut</strong></span> <span class='ocrx_word' id='word_1_45' title='bbox 897 541 982 613; x_wconf 81' lang='lat' dir='ltr'><strong>hypo·</strong></span> <span class='ocrx_word' id='word_1_46' title='bbox 1037 538 1184 613; x_wconf 80' lang='lat' dir='ltr'><strong>Scriptum</strong></span> <span class='ocrx_word' id='word_1_47' title='bbox 1201 540 1242 595; x_wconf 91' lang='lat' dir='ltr'><strong>esi</strong></span> <span class='ocrx_word' id='word_1_48' title='bbox 1259 539 1348 608; x_wconf 89' lang='lat' dir='ltr'><strong>cuim,</strong></span> <span class='ocrx_word' id='word_1_49' title='bbox 1363 539 1504 598; x_wconf 79' lang='lat' dir='ltr'><strong>indicium</strong></span> <span class='ocrx_word' id='word_1_50' title='bbox 1526 542 1586 597; x_wconf 82' lang='lat' dir='ltr'><strong>siue</strong></span> <span class='ocrx_word' id='word_1_51' title='bbox 1607 538 1809 596; x_wconf 82' lang='lat' dir='ltr'><strong>misericordia</strong></span> <span class='ocrx_word' id='word_1_52' title='bbox 1829 541 1869 610; x_wconf 64' lang='lat' dir='ltr'><strong>fiet</strong></span> 
     </span>
     <span class='ocr_line' id='line_1_5' title="bbox 157 625 1867 702; baseline 0 -18"><span class='ocrx_word' id='word_1_53' title='bbox 157 630 236 684; x_wconf 80' lang='lat' dir='ltr'><strong>crite</strong></span> <span class='ocrx_word' id='word_1_54' title='bbox 250 630 353 684; x_wconf 79' lang='lat' dir='ltr'><strong>tristes.</strong></span> <span class='ocrx_word' id='word_1_55' title='bbox 372 628 425 694; x_wconf 83' lang='lat' dir='ltr'><strong>Qui</strong></span> <span class='ocrx_word' id='word_1_56' title='bbox 441 628 520 684; x_wconf 88' lang='lat' dir='ltr'><strong>enim</strong></span> <span class='ocrx_word' id='word_1_57' title='bbox 535 628 669 684; x_wconf 88' lang='lat' dir='ltr'><strong>tristatur</strong></span> <span class='ocrx_word' id='word_1_58' title='bbox 688 629 723 684; x_wconf 90' lang='lat' dir='ltr'><strong>de</strong></span> <span class='ocrx_word' id='word_1_59' title='bbox 746 646 867 685; x_wconf 90' lang='lat' dir='ltr'><strong>suorum</strong></span> <span class='ocrx_word' id='word_1_60' title='bbox 887 646 982 687; x_wconf 90' lang='lat' dir='ltr'><strong>recor·</strong></span> <span class='ocrx_word' id='word_1_61' title='bbox 1036 630 1064 683; x_wconf 89' lang='lat' dir='ltr'><strong>ei</strong></span> <span class='ocrx_word' id='word_1_62' title='bbox 1077 631 1127 701; x_wconf 87' lang='lat' dir='ltr'><strong>qui</strong></span> <span class='ocrx_word' id='word_1_63' title='bbox 1138 646 1194 685; x_wconf 85' lang='lat' dir='ltr'><strong>non</strong></span> <span class='ocrx_word' id='word_1_64' title='bbox 1207 630 1275 701; x_wconf 71' lang='lat' dir='ltr'><strong>fucit</strong></span> <span class='ocrx_word' id='word_1_65' title='bbox 1289 629 1509 686; x_wconf 85' lang='lat' dir='ltr'><strong>misericordiam</strong></span> <span class='ocrx_word' id='word_1_66' title='bbox 1522 630 1587 697; x_wconf 84' lang='lat' dir='ltr'><strong>(ica</strong></span> <span class='ocrx_word' id='word_1_67' title='bbox 1603 633 1647 702; x_wconf 81' lang='grc' dir='ltr'><strong>ιι).</strong></span> <span class='ocrx_word' id='word_1_68' title='bbox 1665 629 1705 684; x_wconf 77' lang='lat' dir='ltr'><strong>nt</strong></span> <span class='ocrx_word' id='word_1_69' title='bbox 1730 625 1867 684; x_wconf 85' lang='lat' dir='ltr'><strong>Dominus</strong></span> 
     </span>
     <span class='ocr_line' id='line_1_6' title="bbox 158 716 1867 791; baseline 0.001 -19"><span class='ocrx_word' id='word_1_70' title='bbox 158 716 868 789; x_wconf 86' lang='lat' dir='ltr'><strong>datiouepeccatorun1‚veldealieuomalo,vel</strong></span> <span class='ocrx_word' id='word_1_71' title='bbox 888 720 923 776; x_wconf 93' lang='lat' dir='ltr'><strong>de</strong></span> <span class='ocrx_word' id='word_1_72' title='bbox 938 720 982 776; x_wconf 92' lang='lat' dir='ltr'><strong>di·</strong></span> <span class='ocrx_word' id='word_1_73' title='bbox 1036 717 1066 773; x_wconf 88' lang='lat' dir='ltr'><strong>in</strong></span> <span class='ocrx_word' id='word_1_74' title='bbox 1083 717 1253 791; x_wconf 79' lang='lat' dir='ltr'><strong>Evangoelio</strong></span> <span class='ocrx_word' id='word_1_75' title='bbox 1280 736 1287 774; x_wconf 74' lang='grc' dir='ltr'>ε</span> <span class='ocrx_word' id='word_1_76' title='bbox 1313 719 1375 775; x_wconf 84' lang='lat' dir='ltr'><strong>lt&#39;isi</strong></span> <span class='ocrx_word' id='word_1_77' title='bbox 1399 720 1561 775; x_wconf 77' lang='lat' dir='ltr'><strong>remiseritis</strong></span> <span class='ocrx_word' id='word_1_78' title='bbox 1575 735 1610 775; x_wconf 75' lang='lat' dir='ltr'><strong>esc</strong></span> <span class='ocrx_word' id='word_1_79' title='bbox 1629 718 1717 775; x_wconf 84' lang='lat' dir='ltr'><strong>eorde</strong></span> <span class='ocrx_word' id='word_1_80' title='bbox 1739 717 1867 790; x_wconf 72' lang='lat' dir='ltr'><strong>[murac</strong></span> 
     </span>
     <span class='ocr_line' id='line_1_7' title="bbox 157 803 1864 877; baseline 0.002 -17"><span class='ocrx_word' id='word_1_81' title='bbox 157 803 265 861; x_wconf 86' lang='lat' dir='ltr'><strong>latione</strong></span> <span class='ocrx_word' id='word_1_82' title='bbox 279 804 378 877; x_wconf 89' lang='lat' dir='ltr'><strong>patriae</strong></span> <span class='ocrx_word' id='word_1_83' title='bbox 404 804 538 875; x_wconf 85' lang='lat' dir='ltr'><strong>coeleetis,</strong></span> <span class='ocrx_word' id='word_1_84' title='bbox 564 807 637 862; x_wconf 89' lang='lat' dir='ltr'><strong>bene</strong></span> <span class='ocrx_word' id='word_1_85' title='bbox 659 806 873 863; x_wconf 87' lang='lat' dir='ltr'><strong>constristatur.</strong></span> <span class='ocrx_word' id='word_1_86' title='bbox 901 806 982 863; x_wconf 86' lang='lat' dir='ltr'><strong>Unde</strong></span> <span class='ocrx_word' id='word_1_87' title='bbox 1035 808 1141 874; x_wconf 88' lang='lat' dir='ltr'><strong>vestris,</strong></span> <span class='ocrx_word' id='word_1_88' title='bbox 1155 824 1205 870; x_wconf 82' lang='lat' dir='ltr'><strong>uec</strong></span> <span class='ocrx_word' id='word_1_89' title='bbox 1218 809 1301 864; x_wconf 86' lang='lat' dir='ltr'><strong>Pater</strong></span> <span class='ocrx_word' id='word_1_90' title='bbox 1314 815 1401 867; x_wconf 77' lang='lat' dir='ltr'><strong>vestm</strong></span> <span class='ocrx_word' id='word_1_91' title='bbox 1418 809 1531 865; x_wconf 71' lang='lat' dir='ltr'><strong>coeimtrs</strong></span> <span class='ocrx_word' id='word_1_92' title='bbox 1545 811 1666 865; x_wconf 85' lang='lat' dir='ltr'><strong>remittet</strong></span> <span class='ocrx_word' id='word_1_93' title='bbox 1679 806 1864 875; x_wconf 63' lang='lat' dir='ltr'><strong>uobutlutti.</strong></span> 
     </span>
     <span class='ocr_line' id='line_1_8' title="bbox 158 893 1864 971; baseline 0.002 -22"><span class='ocrx_word' id='word_1_94' title='bbox 158 893 302 966; x_wconf 88' lang='lat' dir='ltr'><strong>Propheta</strong></span> <span class='ocrx_word' id='word_1_95' title='bbox 318 910 324 949; x_wconf 93' lang='lat'>:</span> <span class='ocrx_word' id='word_1_96' title='bbox 342 894 394 950; x_wconf 83' lang='lat' dir='ltr'><strong>Cor</strong></span> <span class='ocrx_word' id='word_1_97' title='bbox 407 896 556 950; x_wconf 78' lang='lat' dir='ltr'><strong>corrtritum</strong></span> <span class='ocrx_word' id='word_1_98' title='bbox 577 902 602 951; x_wconf 91' lang='lat' dir='ltr'><strong>et</strong></span> <span class='ocrx_word' id='word_1_99' title='bbox 625 895 814 965; x_wconf 72' lang='lat' dir='ltr'><strong>inutilitatum,</strong></span> <span class='ocrx_word' id='word_1_100' title='bbox 830 897 910 963; x_wconf 88' lang='lat' dir='ltr'><strong>Deus,</strong></span> <span class='ocrx_word' id='word_1_101' title='bbox 927 913 983 952; x_wconf 86' lang='lat' dir='ltr'><strong>uon</strong></span> <span class='ocrx_word' id='word_1_102' title='bbox 1035 899 1123 967; x_wconf 79' lang='lat' dir='ltr'><strong>nutu).</strong></span> <span class='ocrx_word' id='word_1_103' title='bbox 1141 898 1309 954; x_wconf 83' lang='lat' dir='ltr'><strong>Dcoutrario</strong></span> <span class='ocrx_word' id='word_1_104' title='bbox 1324 914 1390 954; x_wconf 86' lang='lat' dir='ltr'><strong>uero</strong></span> <span class='ocrx_word' id='word_1_105' title='bbox 1401 898 1437 954; x_wconf 91' lang='lat' dir='ltr'><strong>de</strong></span> <span class='ocrx_word' id='word_1_106' title='bbox 1451 897 1509 971; x_wconf 92' lang='lat' dir='ltr'><strong>piis</strong></span> <span class='ocrx_word' id='word_1_107' title='bbox 1519 902 1548 954; x_wconf 88' lang='lat' dir='ltr'><strong>et</strong></span> <span class='ocrx_word' id='word_1_108' title='bbox 1559 896 1864 954; x_wconf 84' lang='lat' dir='ltr'><strong>misericordibusDo</strong></span> 
     </span>
     <span class='ocr_line' id='line_1_9' title="bbox 158 983 1863 1060; baseline 0.001 -20"><span class='ocrx_word' id='word_1_109' title='bbox 158 983 287 1055; x_wconf 78' lang='lat' dir='ltr'><strong>despicies</strong></span> <span class='ocrx_word' id='word_1_110' title='bbox 304 983 389 1054; x_wconf 82' lang='lat' dir='ltr'><strong>(Psat.</strong></span> <span class='ocrx_word' id='word_1_111' title='bbox 406 983 436 1055; x_wconf 79' lang='grc' dir='ltr'><strong>ι).</strong></span> <span class='ocrx_word' id='word_1_112' title='bbox 453 985 487 1039; x_wconf 83' lang='lat' dir='ltr'><strong>Et</strong></span> <span class='ocrx_word' id='word_1_113' title='bbox 500 983 568 1040; x_wconf 91' lang='lat' dir='ltr'><strong>alibi</strong></span> <span class='ocrx_word' id='word_1_114' title='bbox 586 1000 592 1040; x_wconf 95' lang='lat'><strong>:</strong></span> <span class='ocrx_word' id='word_1_115' title='bbox 609 985 668 1040; x_wconf 79' lang='lat' dir='ltr'><strong>llere</strong></span> <span class='ocrx_word' id='word_1_116' title='bbox 691 1002 733 1041; x_wconf 84' lang='lat' dir='ltr'><strong>rae</strong></span> <span class='ocrx_word' id='word_1_117' title='bbox 758 986 823 1058; x_wconf 79' lang='lat'><strong>(29),</strong></span> <span class='ocrx_word' id='word_1_118' title='bbox 849 988 915 1058; x_wconf 85' lang='lat' dir='ltr'><strong>quin</strong></span> <span class='ocrx_word' id='word_1_119' title='bbox 937 988 981 1041; x_wconf 88' lang='lat' dir='ltr'><strong>ia·</strong></span> <span class='ocrx_word' id='word_1_120' title='bbox 1036 985 1135 1042; x_wconf 91' lang='lat' dir='ltr'><strong>minus</strong></span> <span class='ocrx_word' id='word_1_121' title='bbox 1148 985 1219 1042; x_wconf 91' lang='lat' dir='ltr'><strong>dicit</strong></span> <span class='ocrx_word' id='word_1_122' title='bbox 1234 1002 1241 1042; x_wconf 75' lang='grc' dir='ltr'>ε</span> <span class='ocrx_word' id='word_1_123' title='bbox 1256 988 1334 1043; x_wconf 86' lang='lat' dir='ltr'><strong>Beati</strong></span> <span class='ocrx_word' id='word_1_124' title='bbox 1348 987 1546 1054; x_wconf 85' lang='lat' dir='ltr'><strong>misericordes,</strong></span> <span class='ocrx_word' id='word_1_125' title='bbox 1568 987 1709 1060; x_wconf 87' lang='lat' dir='ltr'><strong>quonium</strong></span> <span class='ocrx_word' id='word_1_126' title='bbox 1734 986 1792 1058; x_wconf 84' lang='lat' dir='ltr'><strong>ipsi</strong></span> <span class='ocrx_word' id='word_1_127' title='bbox 1812 1002 1863 1042; x_wconf 78' lang='lat' dir='ltr'><strong>con</strong></span> 
     </span>
     <span class='ocr_line' id='line_1_10' title="bbox 158 1072 1862 1148; baseline 0.001 -18"><span class='ocrx_word' id='word_1_128' title='bbox 158 1072 261 1130; x_wconf 84' lang='lat' dir='ltr'><strong>calatus</strong></span> <span class='ocrx_word' id='word_1_129' title='bbox 275 1089 350 1129; x_wconf 78' lang='lat' dir='ltr'><strong>meru</strong></span> <span class='ocrx_word' id='word_1_130' title='bbox 362 1075 541 1145; x_wconf 75' lang='lat' dir='ltr'><strong>protospatae</strong></span> <span class='ocrx_word' id='word_1_131' title='bbox 555 1081 612 1130; x_wconf 89' lang='lat' dir='ltr'><strong>est!</strong></span> <span class='ocrx_word' id='word_1_132' title='bbox 627 1074 680 1141; x_wconf 83' lang='lat' dir='ltr'><strong>Qui</strong></span> <span class='ocrx_word' id='word_1_133' title='bbox 696 1090 762 1130; x_wconf 82' lang='lat' dir='ltr'><strong>vero</strong></span> <span class='ocrx_word' id='word_1_134' title='bbox 788 1074 922 1130; x_wconf 79' lang='lat' dir='ltr'><strong>tristatur</strong></span> <span class='ocrx_word' id='word_1_135' title='bbox 945 1074 981 1130; x_wconf 90' lang='lat' dir='ltr'><strong>de</strong></span> <span class='ocrx_word' id='word_1_136' title='bbox 1034 1082 1181 1148; x_wconf 84' lang='lat' dir='ltr'><strong>sequentur</strong></span> <span class='ocrx_word' id='word_1_137' title='bbox 1204 1075 1424 1133; x_wconf 75' lang='lat' dir='ltr'><strong>anismmraiium</strong></span> <span class='ocrx_word' id='word_1_138' title='bbox 1448 1075 1596 1147; x_wconf 51' lang='lat' dir='ltr'><strong>(buitim).</strong></span> <span class='ocrx_word' id='word_1_139' title='bbox 1622 1075 1747 1147; x_wconf 85' lang='lat' dir='ltr'><strong>Itaque,</strong></span> <span class='ocrx_word' id='word_1_140' title='bbox 1770 1075 1862 1132; x_wconf 80' lang='lat' dir='ltr'><strong>trahas</strong></span> 
     </span>
     <span class='ocr_line' id='line_1_11' title="bbox 158 1162 1862 1236; baseline 0.001 -16"><span class='ocrx_word' id='word_1_141' title='bbox 158 1162 315 1220; x_wconf 89' lang='lat' dir='ltr'><strong>amissione</strong></span> <span class='ocrx_word' id='word_1_142' title='bbox 331 1179 428 1218; x_wconf 88' lang='lat' dir='ltr'><strong>rerum</strong></span> <span class='ocrx_word' id='word_1_143' title='bbox 454 1163 672 1235; x_wconf 89' lang='lat' dir='ltr'><strong>temporalium,</strong></span> <span class='ocrx_word' id='word_1_144' title='bbox 697 1162 742 1219; x_wconf 82' lang='lat' dir='ltr'><strong>rol</strong></span> <span class='ocrx_word' id='word_1_145' title='bbox 769 1164 804 1219; x_wconf 91' lang='lat' dir='ltr'><strong>de</strong></span> <span class='ocrx_word' id='word_1_146' title='bbox 828 1163 927 1236; x_wconf 90' lang='lat' dir='ltr'><strong>aliqua</strong></span> <span class='ocrx_word' id='word_1_147' title='bbox 951 1181 981 1220; x_wconf 89' lang='lat' dir='ltr'><strong>re</strong></span> <span class='ocrx_word' id='word_1_148' title='bbox 1036 1164 1103 1233; x_wconf 88' lang='lat' dir='ltr'><strong>mci,</strong></span> <span class='ocrx_word' id='word_1_149' title='bbox 1119 1164 1309 1221; x_wconf 82' lang='lat' dir='ltr'><strong>excludamus</strong></span> <span class='ocrx_word' id='word_1_150' title='bbox 1324 1165 1437 1222; x_wconf 89' lang='lat' dir='ltr'><strong>anobis</strong></span> <span class='ocrx_word' id='word_1_151' title='bbox 1453 1181 1570 1232; x_wconf 88' lang='lat' dir='ltr'><strong>omnem</strong></span> <span class='ocrx_word' id='word_1_152' title='bbox 1582 1164 1732 1221; x_wconf 86' lang='lat' dir='ltr'><strong>daritiam</strong></span> <span class='ocrx_word' id='word_1_153' title='bbox 1745 1164 1862 1221; x_wconf 84' lang='lat' dir='ltr'><strong>atinha-</strong></span> 
     </span>
     <span class='ocr_line' id='line_1_12' title="bbox 156 1250 1864 1326; baseline -0.001 -17"><span class='ocrx_word' id='word_1_154' title='bbox 156 1269 231 1309; x_wconf 87' lang='lat' dir='ltr'><strong>vaua</strong></span> <span class='ocrx_word' id='word_1_155' title='bbox 245 1250 288 1307; x_wconf 91' lang='lat' dir='ltr'><strong>vel</strong></span> <span class='ocrx_word' id='word_1_156' title='bbox 303 1251 390 1321; x_wconf 91' lang='lat' dir='ltr'><strong>mala,</strong></span> <span class='ocrx_word' id='word_1_157' title='bbox 408 1251 483 1307; x_wconf 90' lang='lat' dir='ltr'><strong>male</strong></span> <span class='ocrx_word' id='word_1_158' title='bbox 507 1252 650 1308; x_wconf 87' lang='lat' dir='ltr'><strong>tristatur.</strong></span> <span class='ocrx_word' id='word_1_159' title='bbox 668 1251 827 1326; x_wconf 74' lang='lat' dir='ltr'><strong>hypocrita</strong></span> <span class='ocrx_word' id='word_1_160' title='bbox 851 1270 917 1310; x_wconf 92' lang='lat' dir='ltr'><strong>voro</strong></span> <span class='ocrx_word' id='word_1_161' title='bbox 937 1252 981 1309; x_wconf 84' lang='lat' dir='ltr'><strong>vel</strong></span> <span class='ocrx_word' id='word_1_162' title='bbox 1035 1254 1218 1318; x_wconf 84' lang='lat' dir='ltr'><strong>manitatem,</strong></span> <span class='ocrx_word' id='word_1_163' title='bbox 1234 1257 1261 1309; x_wconf 90' lang='lat' dir='ltr'><strong>et</strong></span> <span class='ocrx_word' id='word_1_164' title='bbox 1277 1254 1437 1311; x_wconf 90' lang='lat' dir='ltr'><strong>induamus</strong></span> <span class='ocrx_word' id='word_1_165' title='bbox 1451 1253 1562 1311; x_wconf 87' lang='lat' dir='ltr'><strong>viscera</strong></span> <span class='ocrx_word' id='word_1_166' title='bbox 1583 1252 1815 1311; x_wconf 75' lang='lat' dir='ltr'><strong>misericordia.</strong></span> <span class='ocrx_word' id='word_1_167' title='bbox 1835 1254 1864 1311; x_wconf 78' lang='lat' dir='ltr'><strong>lu</strong></span> 
     </span>
     <span class='ocr_line' id='line_1_13' title="bbox 157 1340 1862 1416; baseline 0 -18"><span class='ocrx_word' id='word_1_168' title='bbox 157 1341 395 1408; x_wconf 79' lang='lat' dir='ltr'><strong>contristantur,</strong></span> <span class='ocrx_word' id='word_1_169' title='bbox 412 1341 461 1396; x_wconf 89' lang='lat' dir='ltr'><strong>sed</strong></span> <span class='ocrx_word' id='word_1_170' title='bbox 478 1341 628 1396; x_wconf 87' lang='lat' dir='ltr'><strong>tristitiam</strong></span> <span class='ocrx_word' id='word_1_171' title='bbox 644 1340 795 1408; x_wconf 90' lang='lat' dir='ltr'><strong>simulant,</strong></span> <span class='ocrx_word' id='word_1_172' title='bbox 810 1341 854 1397; x_wconf 88' lang='lat' dir='ltr'><strong>vel</strong></span> <span class='ocrx_word' id='word_1_173' title='bbox 878 1341 901 1397; x_wconf 88' lang='lat' dir='ltr'><strong>si</strong></span> <span class='ocrx_word' id='word_1_174' title='bbox 928 1341 980 1396; x_wconf 90' lang='lat' dir='ltr'><strong>tri·</strong></span> <span class='ocrx_word' id='word_1_175' title='bbox 1035 1359 1103 1399; x_wconf 89' lang='lat' dir='ltr'><strong>cum</strong></span> <span class='ocrx_word' id='word_1_176' title='bbox 1118 1340 1148 1397; x_wconf 91' lang='lat' dir='ltr'><strong>in</strong></span> <span class='ocrx_word' id='word_1_177' title='bbox 1163 1341 1243 1398; x_wconf 91' lang='lat' dir='ltr'><strong>omni</strong></span> <span class='ocrx_word' id='word_1_178' title='bbox 1259 1346 1390 1414; x_wconf 90' lang='lat' dir='ltr'><strong>tempore</strong></span> <span class='ocrx_word' id='word_1_179' title='bbox 1412 1343 1573 1400; x_wconf 87' lang='lat' dir='ltr'><strong>debeamus</strong></span> <span class='ocrx_word' id='word_1_180' title='bbox 1595 1342 1800 1416; x_wconf 73' lang='lat' dir='ltr'><strong>pinguescere</strong></span> <span class='ocrx_word' id='word_1_181' title='bbox 1811 1341 1862 1399; x_wconf 88' lang='lat' dir='ltr'><strong>olco</strong></span> 
     </span>
     <span class='ocr_line' id='line_1_14' title="bbox 156 1429 1863 1505; baseline 0.002 -20"><span class='ocrx_word' id='word_1_182' title='bbox 156 1433 282 1497; x_wconf 89' lang='lat' dir='ltr'><strong>stautur,</strong></span> <span class='ocrx_word' id='word_1_183' title='bbox 300 1429 441 1486; x_wconf 85' lang='lat' dir='ltr'><strong>simulant</strong></span> <span class='ocrx_word' id='word_1_184' title='bbox 461 1430 666 1487; x_wconf 88' lang='lat' dir='ltr'><strong>intentionem:</strong></span> <span class='ocrx_word' id='word_1_185' title='bbox 678 1429 982 1503; x_wconf 82' lang='lat' dir='ltr'><strong>quiasimulantseex</strong></span> <span class='ocrx_word' id='word_1_186' title='bbox 1035 1431 1251 1496; x_wconf 82' lang='lat' dir='ltr'><strong>misericordie,</strong></span> <span class='ocrx_word' id='word_1_187' title='bbox 1264 1431 1351 1503; x_wconf 81' lang='lat' dir='ltr'><strong>juxta</strong></span> <span class='ocrx_word' id='word_1_188' title='bbox 1366 1430 1457 1489; x_wconf 87' lang='lat' dir='ltr'><strong>illud:</strong></span> <span class='ocrx_word' id='word_1_189' title='bbox 1476 1430 1573 1489; x_wconf 81' lang='lat' dir='ltr'><strong>Oleum</strong></span> <span class='ocrx_word' id='word_1_190' title='bbox 1593 1449 1611 1489; x_wconf 88' lang='lat' dir='ltr'><strong>u</strong></span> <span class='ocrx_word' id='word_1_191' title='bbox 1635 1432 1730 1505; x_wconf 80' lang='lat' dir='ltr'><strong>cupite</strong></span> <span class='ocrx_word' id='word_1_192' title='bbox 1750 1440 1799 1490; x_wconf 86' lang='lat' dir='ltr'><strong>tuo</strong></span> <span class='ocrx_word' id='word_1_193' title='bbox 1817 1449 1863 1488; x_wconf 81' lang='lat' dir='ltr'><strong>nm</strong></span> 
     </span>
     <span class='ocr_line' id='line_1_15' title="bbox 156 1518 1863 1594; baseline 0 -18"><span class='ocrx_word' id='word_1_194' title='bbox 156 1519 233 1576; x_wconf 90' lang='lat' dir='ltr'><strong>bona</strong></span> <span class='ocrx_word' id='word_1_195' title='bbox 248 1518 407 1575; x_wconf 89' lang='lat' dir='ltr'><strong>intentione</strong></span> <span class='ocrx_word' id='word_1_196' title='bbox 422 1519 602 1587; x_wconf 87' lang='lat' dir='ltr'><strong>contristeri;</strong></span> <span class='ocrx_word' id='word_1_197' title='bbox 618 1536 686 1575; x_wconf 90' lang='lat' dir='ltr'><strong>cum</strong></span> <span class='ocrx_word' id='word_1_198' title='bbox 711 1519 767 1591; x_wconf 89' lang='lat' dir='ltr'><strong>ipsi</strong></span> <span class='ocrx_word' id='word_1_199' title='bbox 783 1521 818 1575; x_wconf 91' lang='lat' dir='ltr'><strong>de</strong></span> <span class='ocrx_word' id='word_1_200' title='bbox 841 1518 980 1576; x_wconf 89' lang='lat' dir='ltr'><strong>dilatione</strong></span> <span class='ocrx_word' id='word_1_201' title='bbox 1034 1521 1143 1594; x_wconf 77' lang='lat' dir='ltr'><strong>deficiat</strong></span> <span class='ocrx_word' id='word_1_202' title='bbox 1156 1521 1237 1591; x_wconf 79' lang='lat' dir='ltr'><strong>(Emi.</strong></span> <span class='ocrx_word' id='word_1_203' title='bbox 1254 1526 1303 1594; x_wconf 84' lang='lat' dir='ltr'><strong>rx),</strong></span> <span class='ocrx_word' id='word_1_204' title='bbox 1320 1524 1420 1577; x_wconf 87' lang='lat' dir='ltr'><strong>tamen</strong></span> <span class='ocrx_word' id='word_1_205' title='bbox 1445 1519 1590 1594; x_wconf 82' lang='lat' dir='ltr'><strong>praecipua</strong></span> <span class='ocrx_word' id='word_1_206' title='bbox 1613 1520 1647 1575; x_wconf 92' lang='lat' dir='ltr'><strong>in</strong></span> <span class='ocrx_word' id='word_1_207' title='bbox 1672 1519 1784 1576; x_wconf 87' lang='lat' dir='ltr'><strong>diebus</strong></span> <span class='ocrx_word' id='word_1_208' title='bbox 1794 1520 1863 1593; x_wconf 71' lang='lat' dir='ltr'><strong>Jeju-</strong></span> 
     </span>
     <span class='ocr_line' id='line_1_16' title="bbox 155 1608 1863 1684; baseline 0 -18"><span class='ocrx_word' id='word_1_209' title='bbox 155 1627 235 1666; x_wconf 82' lang='lat' dir='ltr'><strong>vanae</strong></span> <span class='ocrx_word' id='word_1_210' title='bbox 251 1608 452 1682; x_wconf 81' lang='lat' dir='ltr'><strong>gloriae,quam</strong></span> <span class='ocrx_word' id='word_1_211' title='bbox 466 1609 642 1675; x_wconf 87' lang='lat' dir='ltr'><strong>desiderant,</strong></span> <span class='ocrx_word' id='word_1_212' title='bbox 659 1609 979 1677; x_wconf 87' lang='lat' dir='ltr'><strong>constristantur.Quod</strong></span> <span class='ocrx_word' id='word_1_213' title='bbox 1035 1611 1149 1668; x_wconf 91' lang='lat' dir='ltr'><strong>niorum</strong></span> <span class='ocrx_word' id='word_1_214' title='bbox 1165 1610 1364 1667; x_wconf 87' lang='lat' dir='ltr'><strong>misericordia</strong></span> <span class='ocrx_word' id='word_1_215' title='bbox 1379 1611 1524 1667; x_wconf 89' lang='lat' dir='ltr'><strong>debemus</strong></span> <span class='ocrx_word' id='word_1_216' title='bbox 1539 1609 1863 1684; x_wconf 85' lang='lat' dir='ltr'><strong>superffluere,quando</strong></span> 
     </span>
     <span class='ocr_line' id='line_1_17' title="bbox 156 1697 1864 1775; baseline 0.002 -20"><span class='ocrx_word' id='word_1_217' title='bbox 156 1697 310 1756; x_wconf 86' lang='lat' dir='ltr'><strong>utmelius</strong></span> <span class='ocrx_word' id='word_1_218' title='bbox 326 1698 439 1771; x_wconf 91' lang='lat' dir='ltr'><strong>possint</strong></span> <span class='ocrx_word' id='word_1_219' title='bbox 454 1697 636 1763; x_wconf 70' lang='lat' dir='ltr'><strong>simulares</strong></span> <span class='ocrx_word' id='word_1_220' title='bbox 661 1698 785 1754; x_wconf 88' lang='lat' dir='ltr'><strong>naturali</strong></span> <span class='ocrx_word' id='word_1_221' title='bbox 811 1698 915 1768; x_wconf 89' lang='lat' dir='ltr'><strong>colore,</strong></span> <span class='ocrx_word' id='word_1_222' title='bbox 932 1716 980 1756; x_wconf 82' lang='lat' dir='ltr'><strong>ex·</strong></span> <span class='ocrx_word' id='word_1_223' title='bbox 1035 1701 1070 1758; x_wconf 91' lang='lat' dir='ltr'><strong>de</strong></span> <span class='ocrx_word' id='word_1_224' title='bbox 1102 1699 1228 1773; x_wconf 85' lang='lat' dir='ltr'><strong>pcccatis</strong></span> <span class='ocrx_word' id='word_1_225' title='bbox 1263 1700 1372 1757; x_wconf 84' lang='lat' dir='ltr'><strong>nostris</strong></span> <span class='ocrx_word' id='word_1_226' title='bbox 1409 1700 1643 1758; x_wconf 86' lang='lat' dir='ltr'><strong>miscricordiam</strong></span> <span class='ocrx_word' id='word_1_227' title='bbox 1678 1704 1864 1775; x_wconf 79' lang='lat' dir='ltr'><strong>expectamus</strong></span> 
     </span>
     <span class='ocr_line' id='line_1_18' title="bbox 155 1787 1863 1863; baseline 0.002 -18"><span class='ocrx_word' id='word_1_228' title='bbox 155 1787 433 1845; x_wconf 80' lang='lat' dir='ltr'><strong>terminanttaciem</strong></span> <span class='ocrx_word' id='word_1_229' title='bbox 449 1804 544 1855; x_wconf 90' lang='lat' dir='ltr'><strong>suam,</strong></span> <span class='ocrx_word' id='word_1_230' title='bbox 561 1791 590 1843; x_wconf 91' lang='lat' dir='ltr'><strong>et</strong></span> <span class='ocrx_word' id='word_1_231' title='bbox 610 1787 764 1845; x_wconf 87' lang='lat' dir='ltr'><strong>artificiose</strong></span> <span class='ocrx_word' id='word_1_232' title='bbox 786 1805 850 1845; x_wconf 88' lang='lat' dir='ltr'><strong>oum</strong></span> <span class='ocrx_word' id='word_1_233' title='bbox 873 1788 981 1861; x_wconf 88' lang='lat' dir='ltr'><strong>pallere</strong></span> <span class='ocrx_word' id='word_1_234' title='bbox 1036 1790 1182 1863; x_wconf 87' lang='lat' dir='ltr'><strong>Scriptum</strong></span> <span class='ocrx_word' id='word_1_235' title='bbox 1213 1793 1257 1846; x_wconf 86' lang='lat' dir='ltr'><strong>est</strong></span> <span class='ocrx_word' id='word_1_236' title='bbox 1284 1788 1373 1857; x_wconf 90' lang='lat' dir='ltr'><strong>enim,</strong></span> <span class='ocrx_word' id='word_1_237' title='bbox 1402 1788 1617 1847; x_wconf 63' lang='lat' dir='ltr'><strong>Misericordiam</strong></span> <span class='ocrx_word' id='word_1_238' title='bbox 1651 1790 1725 1859; x_wconf 72' lang='lat' dir='ltr'><strong>caclo,</strong></span> <span class='ocrx_word' id='word_1_239' title='bbox 1760 1799 1788 1848; x_wconf 84' lang='lat' dir='ltr'><strong>ct</strong></span> <span class='ocrx_word' id='word_1_240' title='bbox 1816 1808 1863 1849; x_wconf 84' lang='lat' dir='ltr'><strong>nus</strong></span> 
     </span>
     <span class='ocr_line' id='line_1_19' title="bbox 157 1876 1862 1953; baseline 0.002 -19"><span class='ocrx_word' id='word_1_241' title='bbox 157 1878 277 1947; x_wconf 84' lang='lat' dir='ltr'><strong>iaciunt,</strong></span> <span class='ocrx_word' id='word_1_242' title='bbox 294 1877 345 1933; x_wconf 90' lang='lat' dir='ltr'><strong>sed</strong></span> <span class='ocrx_word' id='word_1_243' title='bbox 361 1894 424 1950; x_wconf 82' lang='lat' dir='ltr'><strong>qun</strong></span> <span class='ocrx_word' id='word_1_244' title='bbox 440 1877 481 1933; x_wconf 88' lang='lat' dir='ltr'><strong>eis</strong></span> <span class='ocrx_word' id='word_1_245' title='bbox 496 1876 627 1934; x_wconf 66' lang='lat' dir='ltr'><strong>ntflitas‘l</strong></span> <span class='ocrx_word' id='word_1_246' title='bbox 641 1878 725 1934; x_wconf 81' lang='lat' dir='ltr'><strong>Amen</strong></span> <span class='ocrx_word' id='word_1_247' title='bbox 748 1877 807 1934; x_wconf 72' lang='lat' dir='ltr'><strong>iiico</strong></span> <span class='ocrx_word' id='word_1_248' title='bbox 831 1880 917 1946; x_wconf 65' lang='lat' dir='ltr'><strong>vobin</strong></span> <span class='ocrx_word' id='word_1_249' title='bbox 937 1896 980 1936; x_wconf 88' lang='lat' dir='ltr'><strong>re·</strong></span> <span class='ocrx_word' id='word_1_250' title='bbox 1034 1880 1203 1952; x_wconf 79' lang='lat' dir='ltr'><strong>sacrificium</strong></span> <span class='ocrx_word' id='word_1_251' title='bbox 1234 1877 1303 1948; x_wconf 83' lang='lat' dir='ltr'><strong>(Ose.</strong></span> <span class='ocrx_word' id='word_1_252' title='bbox 1341 1884 1389 1952; x_wconf 87' lang='lat' dir='ltr'><strong>vr).</strong></span> <span class='ocrx_word' id='word_1_253' title='bbox 1427 1878 1628 1937; x_wconf 82' lang='lat' dir='ltr'><strong>Misericordia</strong></span> <span class='ocrx_word' id='word_1_254' title='bbox 1659 1879 1727 1936; x_wconf 88' lang='lat' dir='ltr'><strong>sine</strong></span> <span class='ocrx_word' id='word_1_255' title='bbox 1755 1880 1862 1953; x_wconf 84' lang='lat' dir='ltr'><strong>jejunia</strong></span> 
     </span>
     <span class='ocr_line' id='line_1_20' title="bbox 156 1966 1862 2041; baseline 0.001 -15"><span class='ocrx_word' id='word_1_256' title='bbox 156 1975 284 2041; x_wconf 84' lang='lat' dir='ltr'><strong>ceperunt</strong></span> <span class='ocrx_word' id='word_1_257' title='bbox 298 1966 446 2024; x_wconf 78' lang='lat' dir='ltr'><strong>mercedum</strong></span> <span class='ocrx_word' id='word_1_258' title='bbox 459 1967 671 2035; x_wconf 70' lang='lat' dir='ltr'><strong>scanlaudam</strong></span> <span class='ocrx_word' id='word_1_259' title='bbox 686 1967 980 2041; x_wconf 88' lang='lat' dir='ltr'><strong>scilicethumannm,</strong></span> <span class='ocrx_word' id='word_1_260' title='bbox 1034 1968 1120 2026; x_wconf 85' lang='lat' dir='ltr'><strong>valet.</strong></span> <span class='ocrx_word' id='word_1_261' title='bbox 1152 1967 1302 2039; x_wconf 83' lang='lat' dir='ltr'><strong>injunium</strong></span> <span class='ocrx_word' id='word_1_262' title='bbox 1338 1967 1403 2034; x_wconf 88' lang='lat' dir='ltr'><strong>siue</strong></span> <span class='ocrx_word' id='word_1_263' title='bbox 1434 1967 1639 2026; x_wconf 88' lang='lat' dir='ltr'><strong>misericordia</strong></span> <span class='ocrx_word' id='word_1_264' title='bbox 1672 1967 1775 2026; x_wconf 85' lang='lat' dir='ltr'><strong>valere</strong></span> <span class='ocrx_word' id='word_1_265' title='bbox 1810 1987 1862 2027; x_wconf 89' lang='lat' dir='ltr'><strong>non</strong></span> 
     </span>
     <span class='ocr_line' id='line_1_21' title="bbox 156 2055 1861 2138; baseline 0.001 -24"><span class='ocrx_word' id='word_1_266' title='bbox 156 2061 378 2132; x_wconf 91' lang='lat' dir='ltr'><strong>propterquam</strong></span> <span class='ocrx_word' id='word_1_267' title='bbox 405 2059 498 2112; x_wconf 92' lang='lat' dir='ltr'><strong>totum</strong></span> <span class='ocrx_word' id='word_1_268' title='bbox 523 2055 595 2111; x_wconf 93' lang='lat' dir='ltr'><strong>illud</strong></span> <span class='ocrx_word' id='word_1_269' title='bbox 619 2055 860 2112; x_wconf 65' lang='lat' dir='ltr'><strong>inclamantium</strong></span> <span class='ocrx_word' id='word_1_270' title='bbox 879 2057 979 2130; x_wconf 89' lang='lat' dir='ltr'><strong>igitur,</strong></span> <span class='ocrx_word' id='word_1_271' title='bbox 1035 2061 1131 2131; x_wconf 85' lang='lat' dir='ltr'><strong>potest</strong></span> <span class='ocrx_word' id='word_1_272' title='bbox 1181 2056 1255 2112; x_wconf 86' lang='lat' dir='ltr'><strong>Cum</strong></span> <span class='ocrx_word' id='word_1_273' title='bbox 1294 2056 1383 2129; x_wconf 87' lang='lat' dir='ltr'><strong>igitur</strong></span> <span class='ocrx_word' id='word_1_274' title='bbox 1419 2057 1605 2130; x_wconf 75' lang='lat' dir='ltr'><strong>jejunamus,</strong></span> <span class='ocrx_word' id='word_1_275' title='bbox 1648 2056 1761 2138; x_wconf 84' lang='lat' dir='ltr'><strong>iratres</strong></span> <span class='ocrx_word' id='word_1_276' title='bbox 1801 2059 1861 2124; x_wconf 87' lang='lat' dir='ltr'><strong>mci,</strong></span> 
     </span>
     <span class='ocr_line' id='line_1_22' title="bbox 156 2144 1862 2221; baseline 0.001 -18"><span class='ocrx_word' id='word_1_277' title='bbox 156 2147 260 2204; x_wconf 84' lang='lat' dir='ltr'><strong>fratres</strong></span> <span class='ocrx_word' id='word_1_278' title='bbox 274 2146 342 2212; x_wconf 87' lang='lat' dir='ltr'><strong>roei,</strong></span> <span class='ocrx_word' id='word_1_279' title='bbox 354 2144 506 2217; x_wconf 86' lang='lat' dir='ltr'><strong>jejunatis,</strong></span> <span class='ocrx_word' id='word_1_280' title='bbox 519 2160 586 2200; x_wconf 80' lang='lat' dir='ltr'><strong>cuni</strong></span> <span class='ocrx_word' id='word_1_281' title='bbox 602 2144 817 2219; x_wconf 78' lang='lat' dir='ltr'><strong>eleemosynam</strong></span> <span class='ocrx_word' id='word_1_282' title='bbox 832 2145 919 2216; x_wconf 87' lang='lat' dir='ltr'><strong>datis,</strong></span> <span class='ocrx_word' id='word_1_283' title='bbox 936 2147 980 2205; x_wconf 90' lang='lat' dir='ltr'><strong>vel</strong></span> <span class='ocrx_word' id='word_1_284' title='bbox 1034 2147 1129 2220; x_wconf 92' lang='lat' dir='ltr'><strong>primo</strong></span> <span class='ocrx_word' id='word_1_285' title='bbox 1159 2145 1391 2219; x_wconf 85' lang='lat' dir='ltr'><strong>misericordiam</strong></span> <span class='ocrx_word' id='word_1_286' title='bbox 1420 2146 1583 2204; x_wconf 83' lang='lat' dir='ltr'><strong>habeamus</strong></span> <span class='ocrx_word' id='word_1_287' title='bbox 1618 2146 1652 2202; x_wconf 89' lang='lat' dir='ltr'><strong>in</strong></span> <span class='ocrx_word' id='word_1_288' title='bbox 1686 2164 1755 2217; x_wconf 86' lang='lat' dir='ltr'><strong>nos,</strong></span> <span class='ocrx_word' id='word_1_289' title='bbox 1785 2148 1862 2221; x_wconf 82' lang='lat' dir='ltr'><strong>juxte</strong></span> 
     </span>
     <span class='ocr_line' id='line_1_23' title="bbox 156 2233 1861 2311; baseline 0.001 -19"><span class='ocrx_word' id='word_1_290' title='bbox 156 2251 224 2292; x_wconf 90' lang='lat' dir='ltr'><strong>cnm</strong></span> <span class='ocrx_word' id='word_1_291' title='bbox 239 2234 350 2306; x_wconf 89' lang='lat' dir='ltr'><strong>aliquid</strong></span> <span class='ocrx_word' id='word_1_292' title='bbox 362 2233 439 2289; x_wconf 89' lang='lat' dir='ltr'><strong>aliud</strong></span> <span class='ocrx_word' id='word_1_293' title='bbox 456 2233 565 2290; x_wconf 92' lang='lat' dir='ltr'><strong>bonum</strong></span> <span class='ocrx_word' id='word_1_294' title='bbox 581 2233 686 2303; x_wconf 86' lang='lat' dir='ltr'><strong>tacitis,</strong></span> <span class='ocrx_word' id='word_1_295' title='bbox 703 2251 760 2291; x_wconf 92' lang='lat' dir='ltr'><strong>nou</strong></span> <span class='ocrx_word' id='word_1_296' title='bbox 775 2234 887 2292; x_wconf 86' lang='lat' dir='ltr'><strong>faciatis</strong></span> <span class='ocrx_word' id='word_1_297' title='bbox 906 2235 979 2292; x_wconf 93' lang='lat' dir='ltr'><strong>illud</strong></span> <span class='ocrx_word' id='word_1_298' title='bbox 1035 2233 1118 2302; x_wconf 93' lang='lat' dir='ltr'><strong>illud,</strong></span> <span class='ocrx_word' id='word_1_299' title='bbox 1152 2233 1277 2291; x_wconf 78' lang='lat' dir='ltr'><strong>Miserere</strong></span> <span class='ocrx_word' id='word_1_300' title='bbox 1304 2236 1408 2292; x_wconf 77' lang='lat' dir='ltr'><strong>numm</strong></span> <span class='ocrx_word' id='word_1_301' title='bbox 1436 2241 1512 2293; x_wconf 76' lang='lat' dir='ltr'><strong>tuae</strong></span> <span class='ocrx_word' id='word_1_302' title='bbox 1542 2234 1658 2308; x_wconf 81' lang='lat' dir='ltr'><strong>placens</strong></span> <span class='ocrx_word' id='word_1_303' title='bbox 1691 2236 1749 2294; x_wconf 83' lang='lat' dir='ltr'><strong>Deo</strong></span> <span class='ocrx_word' id='word_1_304' title='bbox 1773 2237 1861 2311; x_wconf 69' lang='lat' dir='ltr'><strong>(tecla</strong></span> 
     </span>
     <span class='ocr_line' id='line_1_24' title="bbox 155 2322 1859 2402; baseline 0.002 -21"><span class='ocrx_word' id='word_1_305' title='bbox 155 2324 192 2381; x_wconf 83' lang='lat' dir='ltr'><strong>ud</strong></span> <span class='ocrx_word' id='word_1_306' title='bbox 208 2322 505 2389; x_wconf 86' lang='lat' dir='ltr'><strong>laudomhomiuum‚</strong></span> <span class='ocrx_word' id='word_1_307' title='bbox 522 2322 766 2380; x_wconf 88' lang='lat' dir='ltr'><strong>sedadamorem</strong></span> <span class='ocrx_word' id='word_1_308' title='bbox 793 2324 841 2381; x_wconf 90' lang='lat' dir='ltr'><strong>Dei</strong></span> <span class='ocrx_word' id='word_1_309' title='bbox 864 2342 979 2398; x_wconf 88' lang='lat' dir='ltr'><strong>prome·</strong></span> <span class='ocrx_word' id='word_1_310' title='bbox 1034 2325 1111 2392; x_wconf 74' lang='lat' dir='ltr'><strong>ux).</strong></span> <span class='ocrx_word' id='word_1_311' title='bbox 1144 2322 1255 2402; x_wconf 72' lang='lat' dir='ltr'><strong>Animas</strong></span> <span class='ocrx_word' id='word_1_312' title='bbox 1290 2326 1395 2379; x_wconf 75' lang='lat' dir='ltr'><strong>nostrae</strong></span> <span class='ocrx_word' id='word_1_313' title='bbox 1434 2327 1503 2379; x_wconf 90' lang='lat' dir='ltr'><strong>tunc</strong></span> <span class='ocrx_word' id='word_1_314' title='bbox 1546 2323 1740 2392; x_wconf 85' lang='lat' dir='ltr'><strong>miseremus,</strong></span> <span class='ocrx_word' id='word_1_315' title='bbox 1774 2342 1859 2399; x_wconf 79' lang='lat' dir='ltr'><strong>qusu-</strong></span> 
     </span>
     <span class='ocr_line' id='line_1_25' title="bbox 155 2410 1859 2489; baseline 0 -17"><span class='ocrx_word' id='word_1_316' title='bbox 155 2414 290 2472; x_wconf 86' lang='lat' dir='ltr'><strong>rendum.</strong></span> <span class='ocrx_word' id='word_1_317' title='bbox 306 2413 379 2469; x_wconf 86' lang='lat' dir='ltr'><strong>Num</strong></span> <span class='ocrx_word' id='word_1_318' title='bbox 395 2430 458 2485; x_wconf 78' lang='lat' dir='ltr'><strong>quea</strong></span> <span class='ocrx_word' id='word_1_319' title='bbox 473 2412 533 2468; x_wconf 88' lang='lat' dir='ltr'><strong>vita</strong></span> <span class='ocrx_word' id='word_1_320' title='bbox 547 2411 741 2470; x_wconf 89' lang='lat' dir='ltr'><strong>miserabilior</strong></span> <span class='ocrx_word' id='word_1_321' title='bbox 754 2417 799 2469; x_wconf 89' lang='lat' dir='ltr'><strong>est</strong></span> <span class='ocrx_word' id='word_1_322' title='bbox 812 2415 877 2471; x_wconf 78' lang='lat' dir='ltr'><strong>vitm</strong></span> <span class='ocrx_word' id='word_1_323' title='bbox 892 2414 980 2489; x_wconf 76' lang='lat' dir='ltr'><strong>hypo·</strong></span> <span class='ocrx_word' id='word_1_324' title='bbox 1034 2412 1071 2468; x_wconf 92' lang='lat' dir='ltr'><strong>do</strong></span> <span class='ocrx_word' id='word_1_325' title='bbox 1101 2429 1118 2467; x_wconf 87' lang='lat' dir='ltr'><strong>a</strong></span> <span class='ocrx_word' id='word_1_326' title='bbox 1145 2411 1283 2468; x_wconf 87' lang='lat' dir='ltr'><strong>servitute</strong></span> <span class='ocrx_word' id='word_1_327' title='bbox 1312 2410 1448 2468; x_wconf 90' lang='lat' dir='ltr'><strong>vitiorum</strong></span> <span class='ocrx_word' id='word_1_328' title='bbox 1476 2429 1541 2469; x_wconf 88' lang='lat' dir='ltr'><strong>cam</strong></span> <span class='ocrx_word' id='word_1_329' title='bbox 1574 2429 1626 2486; x_wconf 90' lang='lat' dir='ltr'><strong>per</strong></span> <span class='ocrx_word' id='word_1_330' title='bbox 1660 2414 1859 2488; x_wconf 68' lang='lat' dir='ltr'><strong>penitentiam</strong></span> 
     </span>
     <span class='ocr_line' id='line_1_26' title="bbox 156 2500 1859 2577; baseline 0.001 -19"><span class='ocrx_word' id='word_1_331' title='bbox 156 2503 245 2571; x_wconf 83' lang='lat' dir='ltr'><strong>critas,</strong></span> <span class='ocrx_word' id='word_1_332' title='bbox 262 2501 312 2576; x_wconf 92' lang='lat' dir='ltr'><strong>qui</strong></span> <span class='ocrx_word' id='word_1_333' title='bbox 328 2502 364 2558; x_wconf 92' lang='lat' dir='ltr'><strong>ob</strong></span> <span class='ocrx_word' id='word_1_334' title='bbox 380 2518 469 2558; x_wconf 85' lang='lat' dir='ltr'><strong>vanos</strong></span> <span class='ocrx_word' id='word_1_335' title='bbox 484 2500 637 2557; x_wconf 90' lang='lat' dir='ltr'><strong>hominum</strong></span> <span class='ocrx_word' id='word_1_336' title='bbox 653 2502 840 2560; x_wconf 87' lang='lat' dir='ltr'><strong>rumusculos</strong></span> <span class='ocrx_word' id='word_1_337' title='bbox 859 2509 887 2560; x_wconf 90' lang='lat' dir='ltr'><strong>et</strong></span> <span class='ocrx_word' id='word_1_338' title='bbox 905 2521 978 2577; x_wconf 78' lang='lat' dir='ltr'><strong>pre·</strong></span> <span class='ocrx_word' id='word_1_339' title='bbox 1034 2518 1214 2559; x_wconf 84' lang='lat' dir='ltr'><strong>revocamus.</strong></span> <span class='ocrx_word' id='word_1_340' title='bbox 1226 2500 1419 2558; x_wconf 85' lang='lat' dir='ltr'><strong>blisereamur</strong></span> <span class='ocrx_word' id='word_1_341' title='bbox 1432 2504 1461 2557; x_wconf 91' lang='lat' dir='ltr'><strong>et</strong></span> <span class='ocrx_word' id='word_1_342' title='bbox 1476 2501 1679 2575; x_wconf 87' lang='lat' dir='ltr'><strong>proximorum</strong></span> <span class='ocrx_word' id='word_1_343' title='bbox 1695 2507 1859 2562; x_wconf 78' lang='lat' dir='ltr'><strong>nostrorum</strong></span> 
     </span>
     <span class='ocr_line' id='line_1_27' title="bbox 156 2590 1860 2665; baseline -0.001 -14"><span class='ocrx_word' id='word_1_344' title='bbox 156 2596 269 2653; x_wconf 83' lang='lat' dir='ltr'><strong>sentem</strong></span> <span class='ocrx_word' id='word_1_345' title='bbox 292 2591 381 2647; x_wconf 85' lang='lat' dir='ltr'><strong>vitam</strong></span> <span class='ocrx_word' id='word_1_346' title='bbox 405 2591 507 2665; x_wconf 88' lang='lat' dir='ltr'><strong>perdet</strong></span> <span class='ocrx_word' id='word_1_347' title='bbox 532 2594 560 2646; x_wconf 92' lang='lat' dir='ltr'><strong>et</strong></span> <span class='ocrx_word' id='word_1_348' title='bbox 584 2590 724 2648; x_wconf 88' lang='lat' dir='ltr'><strong>futuram.</strong></span> <span class='ocrx_word' id='word_1_349' title='bbox 749 2596 848 2663; x_wconf 88' lang='lat' dir='ltr'><strong>Porro,</strong></span> <span class='ocrx_word' id='word_1_350' title='bbox 874 2595 979 2652; x_wconf 86' lang='lat' dir='ltr'><strong>tratres</strong></span> <span class='ocrx_word' id='word_1_351' title='bbox 1033 2591 1063 2649; x_wconf 92' lang='lat' dir='ltr'><strong>in</strong></span> <span class='ocrx_word' id='word_1_352' title='bbox 1079 2607 1133 2649; x_wconf 89' lang='lat' dir='ltr'><strong>nos</strong></span> <span class='ocrx_word' id='word_1_353' title='bbox 1148 2590 1333 2664; x_wconf 88' lang='lat' dir='ltr'><strong>peccantium</strong></span> <span class='ocrx_word' id='word_1_354' title='bbox 1349 2590 1392 2647; x_wconf 90' lang='lat' dir='ltr'><strong>eis</strong></span> <span class='ocrx_word' id='word_1_355' title='bbox 1411 2590 1595 2648; x_wconf 90' lang='lat' dir='ltr'><strong>dimittendo.</strong></span> <span class='ocrx_word' id='word_1_356' title='bbox 1612 2591 1814 2650; x_wconf 82' lang='lat' dir='ltr'><strong>Misereamur</strong></span> <span class='ocrx_word' id='word_1_357' title='bbox 1835 2599 1860 2650; x_wconf 87' lang='lat' dir='ltr'><strong>et</strong></span> 
     </span>
     <span class='ocr_line' id='line_1_28' title="bbox 156 2679 1859 2757; baseline -0.001 -16"><span class='ocrx_word' id='word_1_358' title='bbox 156 2681 371 2754; x_wconf 87' lang='lat' dir='ltr'><strong>mei‚perlectis,</strong></span> <span class='ocrx_word' id='word_1_359' title='bbox 386 2681 437 2753; x_wconf 94' lang='lat' dir='ltr'><strong>qui</strong></span> <span class='ocrx_word' id='word_1_360' title='bbox 452 2680 574 2754; x_wconf 82' lang='lat' dir='ltr'><strong>gloriam</strong></span> <span class='ocrx_word' id='word_1_361' title='bbox 590 2680 743 2737; x_wconf 91' lang='lat' dir='ltr'><strong>hominum</strong></span> <span class='ocrx_word' id='word_1_362' title='bbox 758 2699 816 2738; x_wconf 90' lang='lat' dir='ltr'><strong>nou</strong></span> <span class='ocrx_word' id='word_1_363' title='bbox 827 2688 977 2757; x_wconf 87' lang='lat' dir='ltr'><strong>appetunt,</strong></span> <span class='ocrx_word' id='word_1_364' title='bbox 1034 2680 1179 2737; x_wconf 89' lang='lat' dir='ltr'><strong>malorum</strong></span> <span class='ocrx_word' id='word_1_365' title='bbox 1195 2679 1360 2747; x_wconf 86' lang='lat' dir='ltr'><strong>hominum,</strong></span> <span class='ocrx_word' id='word_1_366' title='bbox 1375 2697 1428 2753; x_wconf 90' lang='lat' dir='ltr'><strong>pro</strong></span> <span class='ocrx_word' id='word_1_367' title='bbox 1443 2679 1486 2738; x_wconf 90' lang='lat' dir='ltr'><strong>cis</strong></span> <span class='ocrx_word' id='word_1_368' title='bbox 1501 2680 1709 2755; x_wconf 86' lang='lat' dir='ltr'><strong>supplicando.</strong></span> <span class='ocrx_word' id='word_1_369' title='bbox 1727 2682 1859 2740; x_wconf 75' lang='lat' dir='ltr'><strong>illiserat·</strong></span> 
     </span>
     <span class='ocr_line' id='line_1_29' title="bbox 156 2768 1860 2845; baseline 0.001 -18"><span class='ocrx_word' id='word_1_370' title='bbox 156 2775 186 2828; x_wconf 88' lang='lat' dir='ltr'><strong>et</strong></span> <span class='ocrx_word' id='word_1_371' title='bbox 199 2770 328 2827; x_wconf 85' lang='lat' dir='ltr'><strong>oblatam</strong></span> <span class='ocrx_word' id='word_1_372' title='bbox 344 2773 546 2838; x_wconf 89' lang='lat' dir='ltr'><strong>contemnunt,</strong></span> <span class='ocrx_word' id='word_1_373' title='bbox 562 2785 619 2825; x_wconf 94' lang='lat' dir='ltr'><strong>uon</strong></span> <span class='ocrx_word' id='word_1_374' title='bbox 636 2775 680 2826; x_wconf 88' lang='lat' dir='ltr'><strong>cst</strong></span> <span class='ocrx_word' id='word_1_375' title='bbox 704 2788 821 2828; x_wconf 87' lang='lat' dir='ltr'><strong>necesse</strong></span> <span class='ocrx_word' id='word_1_376' title='bbox 837 2772 977 2845; x_wconf 90' lang='lat' dir='ltr'><strong>pallorem</strong></span> <span class='ocrx_word' id='word_1_377' title='bbox 1034 2787 1101 2826; x_wconf 90' lang='lat' dir='ltr'><strong>mur</strong></span> <span class='ocrx_word' id='word_1_378' title='bbox 1109 2770 1284 2825; x_wconf 79' lang='lat' dir='ltr'><strong>afflictorum</strong></span> <span class='ocrx_word' id='word_1_379' title='bbox 1296 2773 1325 2825; x_wconf 91' lang='lat' dir='ltr'><strong>et</strong></span> <span class='ocrx_word' id='word_1_380' title='bbox 1333 2786 1496 2843; x_wconf 86' lang='lat' dir='ltr'><strong>pauperum</strong></span> <span class='ocrx_word' id='word_1_381' title='bbox 1505 2768 1776 2840; x_wconf 85' lang='lat' dir='ltr'><strong>eissubvenieudo,</strong></span> <span class='ocrx_word' id='word_1_382' title='bbox 1782 2773 1860 2845; x_wconf 80' lang='lat' dir='ltr'><strong>juxta</strong></span> 
     </span>
     <span class='ocr_line' id='line_1_30' title="bbox 154 2858 1858 2933; baseline 0.001 -16"><span class='ocrx_word' id='word_1_383' title='bbox 154 2860 263 2927; x_wconf 80' lang='lat' dir='ltr'><strong>vultus,</strong></span> <span class='ocrx_word' id='word_1_384' title='bbox 280 2863 309 2916; x_wconf 88' lang='lat' dir='ltr'><strong>ct</strong></span> <span class='ocrx_word' id='word_1_385' title='bbox 331 2859 498 2933; x_wconf 87' lang='lat' dir='ltr'><strong>squalorem</strong></span> <span class='ocrx_word' id='word_1_386' title='bbox 522 2859 612 2916; x_wconf 86' lang='lat' dir='ltr'><strong>vestis</strong></span> <span class='ocrx_word' id='word_1_387' title='bbox 635 2861 753 2931; x_wconf 81' lang='lat' dir='ltr'><strong>euitare,</strong></span> <span class='ocrx_word' id='word_1_388' title='bbox 770 2861 813 2917; x_wconf 84' lang='lat' dir='ltr'><strong>vel</strong></span> <span class='ocrx_word' id='word_1_389' title='bbox 830 2880 884 2918; x_wconf 90' lang='lat' dir='ltr'><strong>sua</strong></span> <span class='ocrx_word' id='word_1_390' title='bbox 903 2864 979 2920; x_wconf 90' lang='lat' dir='ltr'><strong>bona</strong></span> <span class='ocrx_word' id='word_1_391' title='bbox 1033 2860 1111 2932; x_wconf 89' lang='lat' dir='ltr'><strong>quod</strong></span> <span class='ocrx_word' id='word_1_392' title='bbox 1128 2859 1218 2916; x_wconf 89' lang='lat' dir='ltr'><strong>lsaias</strong></span> <span class='ocrx_word' id='word_1_393' title='bbox 1231 2858 1301 2915; x_wconf 90' lang='lat' dir='ltr'><strong>dicit</strong></span> <span class='ocrx_word' id='word_1_394' title='bbox 1316 2877 1322 2916; x_wconf 91' lang='lat'><strong>:</strong></span> <span class='ocrx_word' id='word_1_395' title='bbox 1337 2861 1443 2930; x_wconf 83' lang='lat' dir='ltr'><strong>Frunpe</strong></span> <span class='ocrx_word' id='word_1_396' title='bbox 1455 2860 1590 2917; x_wconf 83' lang='lat' dir='ltr'><strong>esurienti</strong></span> <span class='ocrx_word' id='word_1_397' title='bbox 1609 2877 1719 2933; x_wconf 76' lang='lat' dir='ltr'><strong>pausem</strong></span> <span class='ocrx_word' id='word_1_398' title='bbox 1744 2868 1858 2919; x_wconf 71' lang='lat' dir='ltr'><strong>tunnas</strong></span> 
     </span>
     <span class='ocr_line' id='line_1_31' title="bbox 155 2948 1859 3024; baseline 0.001 -17"><span class='ocrx_word' id='word_1_399' title='bbox 155 2966 243 3024; x_wconf 89' lang='lat' dir='ltr'><strong>opera</strong></span> <span class='ocrx_word' id='word_1_400' title='bbox 255 2949 444 3018; x_wconf 87' lang='lat' dir='ltr'><strong>abscondere,</strong></span> <span class='ocrx_word' id='word_1_401' title='bbox 460 2948 518 3005; x_wconf 90' lang='lat' dir='ltr'><strong>imo</strong></span> <span class='ocrx_word' id='word_1_402' title='bbox 542 2952 572 3005; x_wconf 89' lang='lat' dir='ltr'><strong>et</strong></span> <span class='ocrx_word' id='word_1_403' title='bbox 593 2954 757 3022; x_wconf 85' lang='lat' dir='ltr'><strong>peccarent,</strong></span> <span class='ocrx_word' id='word_1_404' title='bbox 773 2951 798 3005; x_wconf 90' lang='lat' dir='ltr'><strong>si</strong></span> <span class='ocrx_word' id='word_1_405' title='bbox 822 2951 980 3011; x_wconf 90' lang='lat' dir='ltr'><strong>absconde·</strong></span> <span class='ocrx_word' id='word_1_406' title='bbox 1032 2965 1129 3021; x_wconf 76' lang='lat' dir='ltr'><strong>apenos</strong></span> <span class='ocrx_word' id='word_1_407' title='bbox 1143 2965 1276 3021; x_wconf 79' lang='lat' dir='ltr'><strong>vaposque</strong></span> <span class='ocrx_word' id='word_1_408' title='bbox 1290 2949 1372 3005; x_wconf 84' lang='lat' dir='ltr'><strong>indue</strong></span> <span class='ocrx_word' id='word_1_409' title='bbox 1387 2951 1415 3005; x_wconf 87' lang='lat' dir='ltr'><strong>in</strong></span> <span class='ocrx_word' id='word_1_410' title='bbox 1429 2949 1540 3007; x_wconf 73' lang='lat' dir='ltr'><strong>mmum</strong></span> <span class='ocrx_word' id='word_1_411' title='bbox 1559 2957 1648 3006; x_wconf 86' lang='lat' dir='ltr'><strong>tunm.</strong></span> <span class='ocrx_word' id='word_1_412' title='bbox 1668 2952 1745 3009; x_wconf 81' lang='lat' dir='ltr'><strong>Cum</strong></span> <span class='ocrx_word' id='word_1_413' title='bbox 1764 2952 1859 3009; x_wconf 82' lang='lat' dir='ltr'><strong>videris</strong></span> 
     </span>
     <span class='ocr_line' id='line_1_32' title="bbox 154 3036 1858 3112; baseline -0.002 -15"><span class='ocrx_word' id='word_1_414' title='bbox 154 3043 228 3109; x_wconf 85' lang='lat' dir='ltr'><strong>rent,</strong></span> <span class='ocrx_word' id='word_1_415' title='bbox 243 3038 383 3112; x_wconf 89' lang='lat' dir='ltr'><strong>quoniam</strong></span> <span class='ocrx_word' id='word_1_416' title='bbox 396 3037 505 3095; x_wconf 88' lang='lat' dir='ltr'><strong>talibus</strong></span> <span class='ocrx_word' id='word_1_417' title='bbox 520 3038 631 3095; x_wconf 90' lang='lat' dir='ltr'><strong>dictum</strong></span> <span class='ocrx_word' id='word_1_418' title='bbox 657 3043 701 3095; x_wconf 87' lang='lat' dir='ltr'><strong>est</strong></span> <span class='ocrx_word' id='word_1_419' title='bbox 724 3056 730 3094; x_wconf 93' lang='lat'>:</span> <span class='ocrx_word' id='word_1_420' title='bbox 756 3040 802 3096; x_wconf 84' lang='lat' dir='ltr'><strong>Sic</strong></span> <span class='ocrx_word' id='word_1_421' title='bbox 825 3041 913 3099; x_wconf 75' lang='lat' dir='ltr'><strong>tameat</strong></span> <span class='ocrx_word' id='word_1_422' title='bbox 930 3044 979 3100; x_wconf 76' lang='lat' dir='ltr'><strong>tua</strong></span> <span class='ocrx_word' id='word_1_423' title='bbox 1031 3038 1139 3095; x_wconf 81' lang='lat' dir='ltr'><strong>andum</strong></span> <span class='ocrx_word' id='word_1_424' title='bbox 1151 3039 1227 3110; x_wconf 88' lang='lat' dir='ltr'><strong>operi</strong></span> <span class='ocrx_word' id='word_1_425' title='bbox 1240 3045 1341 3106; x_wconf 72' lang='lat' dir='ltr'><strong>sumet</strong></span> <span class='ocrx_word' id='word_1_426' title='bbox 1354 3053 1465 3094; x_wconf 84' lang='lat' dir='ltr'><strong>earnem</strong></span> <span class='ocrx_word' id='word_1_427' title='bbox 1487 3043 1563 3093; x_wconf 88' lang='lat' dir='ltr'><strong>taum</strong></span> <span class='ocrx_word' id='word_1_428' title='bbox 1575 3053 1611 3094; x_wconf 91' lang='lat' dir='ltr'><strong>ne</strong></span> <span class='ocrx_word' id='word_1_429' title='bbox 1623 3036 1789 3111; x_wconf 71' lang='lat' dir='ltr'><strong>despexeris</strong></span> <span class='ocrx_word' id='word_1_430' title='bbox 1803 3039 1858 3112; x_wconf 81' lang='lat' dir='ltr'><strong>(lm.</strong></span> 
     </span>
     <span class='ocr_line' id='line_1_33' title="bbox 153 3113 1860 3201; baseline -0.001 -15"><span class='ocrx_word' id='word_1_431' title='bbox 153 3138 243 3188; x_wconf 86' lang='lat' dir='ltr'><strong>uestra</strong></span> <span class='ocrx_word' id='word_1_432' title='bbox 271 3145 363 3185; x_wconf 87' lang='lat' dir='ltr'><strong>earam</strong></span> <span class='ocrx_word' id='word_1_433' title='bbox 386 3127 552 3196; x_wconf 83' lang='lat' dir='ltr'><strong>bominibus,</strong></span> <span class='ocrx_word' id='word_1_434' title='bbox 578 3134 608 3184; x_wconf 87' lang='lat' dir='ltr'><strong>ut</strong></span> <span class='ocrx_word' id='word_1_435' title='bbox 630 3129 783 3200; x_wconf 72' lang='lat' dir='ltr'><strong>glorificent</strong></span> <span class='ocrx_word' id='word_1_436' title='bbox 807 3133 919 3189; x_wconf 86' lang='lat' dir='ltr'><strong>Patrem</strong></span> <span class='ocrx_word' id='word_1_437' title='bbox 932 3149 976 3190; x_wconf 86' lang='lat' dir='ltr'><strong>ue-</strong></span> <span class='ocrx_word' id='word_1_438' title='bbox 991 3113 1018 3182; x_wconf 79' lang='lat' dir='ltr'><strong>(i</strong></span> <span class='ocrx_word' id='word_1_439' title='bbox 1034 3126 1257 3201; x_wconf 68' lang='lat' dir='ltr'><strong>rvrntPrecipit</strong></span> <span class='ocrx_word' id='word_1_440' title='bbox 1270 3143 1386 3200; x_wconf 88' lang='lat' dir='ltr'><strong>quoque</strong></span> <span class='ocrx_word' id='word_1_441' title='bbox 1401 3127 1543 3184; x_wconf 88' lang='lat' dir='ltr'><strong>Dominus</strong></span> <span class='ocrx_word' id='word_1_442' title='bbox 1553 3126 1747 3200; x_wconf 82' lang='lat' dir='ltr'><strong>jejunantem</strong></span> <span class='ocrx_word' id='word_1_443' title='bbox 1758 3129 1860 3187; x_wconf 84' lang='lat' dir='ltr'><strong>habere</strong></span> 
     </span>
     <span class='ocr_line' id='line_1_34' title="bbox 151 3215 1860 3293; baseline -0.001 -16"><span class='ocrx_word' id='word_1_444' title='bbox 151 3226 239 3277; x_wconf 68' lang='lat' dir='ltr'><strong>sunm</strong></span> <span class='ocrx_word' id='word_1_445' title='bbox 252 3220 302 3291; x_wconf 90' lang='lat' dir='ltr'><strong>qui</strong></span> <span class='ocrx_word' id='word_1_446' title='bbox 316 3220 346 3274; x_wconf 89' lang='lat' dir='ltr'><strong>in</strong></span> <span class='ocrx_word' id='word_1_447' title='bbox 359 3218 434 3274; x_wconf 79' lang='lat' dir='ltr'><strong>cretis</strong></span> <span class='ocrx_word' id='word_1_448' title='bbox 448 3225 487 3274; x_wconf 91' lang='lat' dir='ltr'><strong>est</strong></span> <span class='ocrx_word' id='word_1_449' title='bbox 506 3216 614 3286; x_wconf 72' lang='lat' dir='ltr'><strong>(Datur.</strong></span> <span class='ocrx_word' id='word_1_450' title='bbox 631 3218 670 3289; x_wconf 87' lang='lat' dir='ltr'><strong>v).</strong></span> <span class='ocrx_word' id='word_1_451' title='bbox 695 3219 876 3292; x_wconf 85' lang='lat' dir='ltr'><strong>Imperfectis</strong></span> <span class='ocrx_word' id='word_1_452' title='bbox 897 3239 973 3292; x_wconf 88' lang='lat' dir='ltr'><strong>vero,</strong></span> <span class='ocrx_word' id='word_1_453' title='bbox 1032 3217 1208 3275; x_wconf 87' lang='lat' dir='ltr'><strong>munditiam</strong></span> <span class='ocrx_word' id='word_1_454' title='bbox 1225 3215 1255 3272; x_wconf 92' lang='lat' dir='ltr'><strong>in</strong></span> <span class='ocrx_word' id='word_1_455' title='bbox 1271 3215 1487 3283; x_wconf 69' lang='lat' dir='ltr'><strong>conscientiasi</strong></span> <span class='ocrx_word' id='word_1_456' title='bbox 1508 3215 1708 3290; x_wconf 85' lang='lat' dir='ltr'><strong>spiritualiter</strong></span> <span class='ocrx_word' id='word_1_457' title='bbox 1721 3217 1860 3293; x_wconf 61' lang='lat' dir='ltr'><strong>intellige</strong></span> 
     </span>
     <span class='ocr_line' id='line_1_35' title="bbox 153 3305 1859 3383; baseline -0.001 -18"><span class='ocrx_word' id='word_1_458' title='bbox 153 3309 202 3382; x_wconf 93' lang='lat' dir='ltr'><strong>qui</strong></span> <span class='ocrx_word' id='word_1_459' title='bbox 211 3308 333 3383; x_wconf 80' lang='lat' dir='ltr'><strong>gloriam</strong></span> <span class='ocrx_word' id='word_1_460' title='bbox 343 3307 497 3363; x_wconf 89' lang='lat' dir='ltr'><strong>hominum</strong></span> <span class='ocrx_word' id='word_1_461' title='bbox 509 3306 640 3363; x_wconf 89' lang='lat' dir='ltr'><strong>nondum</strong></span> <span class='ocrx_word' id='word_1_462' title='bbox 651 3307 974 3380; x_wconf 88' lang='lat' dir='ltr'><strong>penituscontcmnunt‚</strong></span> <span class='ocrx_word' id='word_1_463' title='bbox 1031 3325 1098 3364; x_wconf 89' lang='lat' dir='ltr'><strong>mus</strong></span> <span class='ocrx_word' id='word_1_464' title='bbox 1114 3305 1168 3363; x_wconf 92' lang='lat' dir='ltr'><strong>hoc</strong></span> <span class='ocrx_word' id='word_1_465' title='bbox 1183 3305 1260 3380; x_wconf 92' lang='lat' dir='ltr'><strong>quod</strong></span> <span class='ocrx_word' id='word_1_466' title='bbox 1276 3305 1471 3378; x_wconf 61' lang='lat' dir='ltr'><strong>dicentemque</strong></span> <span class='ocrx_word' id='word_1_467' title='bbox 1486 3312 1561 3362; x_wconf 77' lang='lat' dir='ltr'><strong>mum</strong></span> <span class='ocrx_word' id='word_1_468' title='bbox 1575 3306 1741 3364; x_wconf 61' lang='lat' dir='ltr'><strong>inanimale</strong></span> <span class='ocrx_word' id='word_1_469' title='bbox 1755 3308 1859 3383; x_wconf 89' lang='lat' dir='ltr'><strong>quippe</strong></span> 
     </span>
     <span class='ocr_line' id='line_1_36' title="bbox 152 3395 1860 3469; baseline 0.001 -15"><span class='ocrx_word' id='word_1_470' title='bbox 152 3401 182 3454; x_wconf 90' lang='lat' dir='ltr'><strong>et</strong></span> <span class='ocrx_word' id='word_1_471' title='bbox 206 3397 323 3454; x_wconf 85' lang='lat' dir='ltr'><strong>laudem</strong></span> <span class='ocrx_word' id='word_1_472' title='bbox 349 3396 475 3453; x_wconf 86' lang='lat' dir='ltr'><strong>ablatum</strong></span> <span class='ocrx_word' id='word_1_473' title='bbox 500 3410 636 3466; x_wconf 84' lang='lat' dir='ltr'><strong>respuere</strong></span> <span class='ocrx_word' id='word_1_474' title='bbox 661 3396 805 3466; x_wconf 88' lang='lat' dir='ltr'><strong>nesciunt,</strong></span> <span class='ocrx_word' id='word_1_475' title='bbox 823 3398 975 3457; x_wconf 88' lang='lat' dir='ltr'><strong>evitandus</strong></span> <span class='ocrx_word' id='word_1_476' title='bbox 1029 3413 1082 3469; x_wconf 92' lang='lat' dir='ltr'><strong>per</strong></span> <span class='ocrx_word' id='word_1_477' title='bbox 1111 3412 1200 3468; x_wconf 87' lang='lat' dir='ltr'><strong>quarn</strong></span> <span class='ocrx_word' id='word_1_478' title='bbox 1229 3412 1282 3451; x_wconf 91' lang='lat' dir='ltr'><strong>nos</strong></span> <span class='ocrx_word' id='word_1_479' title='bbox 1311 3395 1462 3467; x_wconf 83' lang='lat' dir='ltr'><strong>cognoscit</strong></span> <span class='ocrx_word' id='word_1_480' title='bbox 1490 3395 1577 3461; x_wconf 86' lang='lat' dir='ltr'><strong>Deus,</strong></span> <span class='ocrx_word' id='word_1_481' title='bbox 1604 3397 1795 3454; x_wconf 86' lang='lat' dir='ltr'><strong>couscientia</strong></span> <span class='ocrx_word' id='word_1_482' title='bbox 1820 3401 1860 3455; x_wconf 83' lang='lat' dir='ltr'><strong>est</strong></span> 
     </span>
     <span class='ocr_line' id='line_1_37' title="bbox 152 3483 1860 3560; baseline 0 -18"><span class='ocrx_word' id='word_1_483' title='bbox 152 3492 196 3543; x_wconf 89' lang='lat' dir='ltr'><strong>est</strong></span> <span class='ocrx_word' id='word_1_484' title='bbox 211 3486 314 3559; x_wconf 86' lang='lat' dir='ltr'><strong>pallor,</strong></span> <span class='ocrx_word' id='word_1_485' title='bbox 330 3485 449 3541; x_wconf 87' lang='lat' dir='ltr'><strong>tristitia</strong></span> <span class='ocrx_word' id='word_1_486' title='bbox 475 3488 504 3539; x_wconf 85' lang='lat' dir='ltr'><strong>et</strong></span> <span class='ocrx_word' id='word_1_487' title='bbox 528 3483 647 3556; x_wconf 90' lang='lat' dir='ltr'><strong>squalor</strong></span> <span class='ocrx_word' id='word_1_488' title='bbox 668 3485 767 3554; x_wconf 85' lang='lat' dir='ltr'><strong>vestis,</strong></span> <span class='ocrx_word' id='word_1_489' title='bbox 784 3492 812 3541; x_wconf 93' lang='lat' dir='ltr'><strong>et</strong></span> <span class='ocrx_word' id='word_1_490' title='bbox 831 3486 907 3543; x_wconf 89' lang='lat' dir='ltr'><strong>bona</strong></span> <span class='ocrx_word' id='word_1_491' title='bbox 921 3505 975 3544; x_wconf 90' lang='lat' dir='ltr'><strong>sua</strong></span> <span class='ocrx_word' id='word_1_492' title='bbox 1029 3485 1110 3541; x_wconf 87' lang='lat' dir='ltr'><strong>Hanc</strong></span> <span class='ocrx_word' id='word_1_493' title='bbox 1125 3501 1193 3557; x_wconf 86' lang='lat' dir='ltr'><strong>ergo</strong></span> <span class='ocrx_word' id='word_1_494' title='bbox 1208 3483 1337 3557; x_wconf 79' lang='lat' dir='ltr'><strong>precipit</strong></span> <span class='ocrx_word' id='word_1_495' title='bbox 1363 3502 1416 3558; x_wconf 89' lang='lat' dir='ltr'><strong>per</strong></span> <span class='ocrx_word' id='word_1_496' title='bbox 1438 3484 1636 3558; x_wconf 79' lang='lat' dir='ltr'><strong>penitentiam</strong></span> <span class='ocrx_word' id='word_1_497' title='bbox 1660 3484 1769 3557; x_wconf 79' lang='lat' dir='ltr'><strong>levari,</strong></span> <span class='ocrx_word' id='word_1_498' title='bbox 1780 3488 1860 3560; x_wconf 84' lang='lat' dir='ltr'><strong>juxta</strong></span> 
     </span>
     <span class='ocr_line' id='line_1_38' title="bbox 151 3571 1857 3647; baseline -0.001 -15"><span class='ocrx_word' id='word_1_499' title='bbox 151 3573 264 3632; x_wconf 89' lang='lat' dir='ltr'><strong>occulte</strong></span> <span class='ocrx_word' id='word_1_500' title='bbox 279 3571 974 3645; x_wconf 83' lang='lat' dir='ltr'><strong>iacienda.Unde‚ctjuxtnlitteram,hujus1nodi</strong></span> <span class='ocrx_word' id='word_1_501' title='bbox 1029 3574 1101 3630; x_wconf 91' lang='lat' dir='ltr'><strong>illud</strong></span> <span class='ocrx_word' id='word_1_502' title='bbox 1120 3592 1126 3629; x_wconf 93' lang='lat'>:</span> <span class='ocrx_word' id='word_1_503' title='bbox 1143 3575 1299 3642; x_wconf 65' lang='lat' dir='ltr'><strong>Maarrriai,</strong></span> <span class='ocrx_word' id='word_1_504' title='bbox 1314 3575 1415 3630; x_wconf 81' lang='lat' dir='ltr'><strong>muudi</strong></span> <span class='ocrx_word' id='word_1_505' title='bbox 1427 3582 1518 3643; x_wconf 87' lang='lat' dir='ltr'><strong>estotc,</strong></span> <span class='ocrx_word' id='word_1_506' title='bbox 1533 3576 1735 3647; x_wconf 73' lang='lat' dir='ltr'><strong>auferunaniu</strong></span> <span class='ocrx_word' id='word_1_507' title='bbox 1759 3579 1857 3647; x_wconf 84' lang='lat' dir='ltr'><strong>capita·</strong></span> 
     </span>
     <span class='ocr_line' id='line_1_39' title="bbox 150 3660 1855 3736; baseline -0.001 -15"><span class='ocrx_word' id='word_1_508' title='bbox 150 3663 321 3736; x_wconf 78' lang='lat' dir='ltr'><strong>imperfecto</strong></span> <span class='ocrx_word' id='word_1_509' title='bbox 335 3661 435 3718; x_wconf 88' lang='lat' dir='ltr'><strong>subdit</strong></span> <span class='ocrx_word' id='word_1_510' title='bbox 446 3660 598 3727; x_wconf 91' lang='lat' dir='ltr'><strong>Dominus,</strong></span> <span class='ocrx_word' id='word_1_511' title='bbox 615 3661 732 3717; x_wconf 87' lang='lat' dir='ltr'><strong>dicens:</strong></span> <span class='ocrx_word' id='word_1_512' title='bbox 751 3668 792 3720; x_wconf 77' lang='lat' dir='ltr'><strong>Tu</strong></span> <span class='ocrx_word' id='word_1_513' title='bbox 807 3669 975 3732; x_wconf 76' lang='lat' dir='ltr'><strong>autemeam</strong></span> <span class='ocrx_word' id='word_1_514' title='bbox 1028 3665 1134 3722; x_wconf 88' lang='lat' dir='ltr'><strong>tionum</strong></span> <span class='ocrx_word' id='word_1_515' title='bbox 1147 3671 1299 3719; x_wconf 88' lang='lat' dir='ltr'><strong>uestrarum</strong></span> <span class='ocrx_word' id='word_1_516' title='bbox 1312 3662 1377 3731; x_wconf 81' lang='lat' dir='ltr'><strong>(lea.</strong></span> <span class='ocrx_word' id='word_1_517' title='bbox 1393 3661 1425 3735; x_wconf 76' lang='grc' dir='ltr'><strong>ι),</strong></span> <span class='ocrx_word' id='word_1_518' title='bbox 1440 3664 1496 3718; x_wconf 86' lang='lat' dir='ltr'><strong>etc.</strong></span> <span class='ocrx_word' id='word_1_519' title='bbox 1510 3663 1546 3718; x_wconf 79' lang='lat' dir='ltr'><strong>nt</strong></span> <span class='ocrx_word' id='word_1_520' title='bbox 1568 3661 1640 3718; x_wconf 90' lang='lat' dir='ltr'><strong>illud</strong></span> <span class='ocrx_word' id='word_1_521' title='bbox 1666 3662 1855 3722; x_wconf 81' lang='lat' dir='ltr'><strong>Psalmista:</strong></span> 
     </span>
     <span class='ocr_line' id='line_1_40' title="bbox 146 3750 1856 3828; baseline 0.001 -18"><span class='ocrx_word' id='word_1_522' title='bbox 146 3754 268 3828; x_wconf 77' lang='lat' dir='ltr'><strong>jejunes,</strong></span> <span class='ocrx_word' id='word_1_523' title='bbox 285 3767 359 3825; x_wconf 77' lang='lat' dir='ltr'><strong>unge</strong></span> <span class='ocrx_word' id='word_1_524' title='bbox 373 3758 454 3823; x_wconf 88' lang='lat' dir='ltr'><strong>capnt</strong></span> <span class='ocrx_word' id='word_1_525' title='bbox 468 3751 538 3821; x_wconf 89' lang='lat' dir='ltr'><strong>eico,</strong></span> <span class='ocrx_word' id='word_1_526' title='bbox 549 3751 627 3822; x_wconf 93' lang='lat' dir='ltr'><strong>quod</strong></span> <span class='ocrx_word' id='word_1_527' title='bbox 649 3750 759 3807; x_wconf 89' lang='lat' dir='ltr'><strong>scilicet</strong></span> <span class='ocrx_word' id='word_1_528' title='bbox 783 3752 927 3810; x_wconf 74' lang='lat' dir='ltr'><strong>Palaestini</strong></span> <span class='ocrx_word' id='word_1_529' title='bbox 943 3755 973 3811; x_wconf 92' lang='lat' dir='ltr'><strong>in</strong></span> <span class='ocrx_word' id='word_1_530' title='bbox 1028 3753 1151 3825; x_wconf 81' lang='lat' dir='ltr'><strong>Amplius</strong></span> <span class='ocrx_word' id='word_1_531' title='bbox 1166 3754 1228 3808; x_wconf 87' lang='lat' dir='ltr'><strong>tave</strong></span> <span class='ocrx_word' id='word_1_532' title='bbox 1242 3768 1285 3808; x_wconf 82' lang='lat' dir='ltr'><strong>nae</strong></span> <span class='ocrx_word' id='word_1_533' title='bbox 1298 3753 1333 3807; x_wconf 84' lang='lat' dir='ltr'><strong>ab</strong></span> <span class='ocrx_word' id='word_1_534' title='bbox 1347 3752 1495 3824; x_wconf 88' lang='lat' dir='ltr'><strong>iniquitate</strong></span> <span class='ocrx_word' id='word_1_535' title='bbox 1509 3767 1579 3820; x_wconf 88' lang='lat' dir='ltr'><strong>meu,</strong></span> <span class='ocrx_word' id='word_1_536' title='bbox 1593 3759 1620 3808; x_wconf 85' lang='lat' dir='ltr'><strong>et</strong></span> <span class='ocrx_word' id='word_1_537' title='bbox 1640 3768 1662 3808; x_wconf 86' lang='lat' dir='ltr'><strong>u</strong></span> <span class='ocrx_word' id='word_1_538' title='bbox 1677 3762 1793 3826; x_wconf 79' lang='lat' dir='ltr'><strong>peceato</strong></span> <span class='ocrx_word' id='word_1_539' title='bbox 1805 3770 1856 3811; x_wconf 80' lang='lat' dir='ltr'><strong>mee</strong></span> 
     </span>
     <span class='ocr_line' id='line_1_41' title="bbox 151 3838 1856 3914; baseline 0.001 -15"><span class='ocrx_word' id='word_1_540' title='bbox 151 3838 386 3900; x_wconf 86' lang='lat' dir='ltr'><strong>solemnitatibus</strong></span> <span class='ocrx_word' id='word_1_541' title='bbox 402 3839 557 3906; x_wconf 82' lang='lat' dir='ltr'><strong>faciebant,</strong></span> <span class='ocrx_word' id='word_1_542' title='bbox 570 3847 596 3895; x_wconf 90' lang='lat' dir='ltr'><strong>et</strong></span> <span class='ocrx_word' id='word_1_543' title='bbox 617 3841 717 3912; x_wconf 74' lang='lat' dir='ltr'><strong>taciem</strong></span> <span class='ocrx_word' id='word_1_544' title='bbox 739 3847 816 3898; x_wconf 86' lang='lat' dir='ltr'><strong>tuam</strong></span> <span class='ocrx_word' id='word_1_545' title='bbox 840 3844 913 3914; x_wconf 84' lang='lat' dir='ltr'><strong>lacu,</strong></span> <span class='ocrx_word' id='word_1_546' title='bbox 939 3862 973 3902; x_wconf 85' lang='lat' dir='ltr'><strong>ne</strong></span> <span class='ocrx_word' id='word_1_547' title='bbox 1027 3841 1130 3899; x_wconf 82' lang='lat' dir='ltr'><strong>munda</strong></span> <span class='ocrx_word' id='word_1_548' title='bbox 1144 3858 1187 3897; x_wconf 78' lang='lat' dir='ltr'><strong>nae</strong></span> <span class='ocrx_word' id='word_1_549' title='bbox 1203 3842 1287 3914; x_wconf 85' lang='lat' dir='ltr'><strong>(Psat.</strong></span> <span class='ocrx_word' id='word_1_550' title='bbox 1305 3845 1342 3909; x_wconf 83' lang='lat' dir='ltr'><strong>a).</strong></span> <span class='ocrx_word' id='word_1_551' title='bbox 1359 3841 1447 3896; x_wconf 91' lang='lat' dir='ltr'><strong>Porro</strong></span> <span class='ocrx_word' id='word_1_552' title='bbox 1461 3839 1525 3897; x_wconf 89' lang='lat' dir='ltr'><strong>siue</strong></span> <span class='ocrx_word' id='word_1_553' title='bbox 1548 3840 1662 3897; x_wconf 86' lang='lat' dir='ltr'><strong>munda</strong></span> <span class='ocrx_word' id='word_1_554' title='bbox 1677 3842 1856 3900; x_wconf 84' lang='lat' dir='ltr'><strong>conscicntia</strong></span> 
     </span>
     <span class='ocr_line' id='line_1_42' title="bbox 149 3929 1854 4006; baseline 0.001 -17"><span class='ocrx_word' id='word_1_555' title='bbox 149 3932 268 3989; x_wconf 73' lang='lat' dir='ltr'><strong>uidemu</strong></span> <span class='ocrx_word' id='word_1_556' title='bbox 292 3931 448 3987; x_wconf 84' lang='lat' dir='ltr'><strong>bominibus</strong></span> <span class='ocrx_word' id='word_1_557' title='bbox 463 3929 603 4002; x_wconf 82' lang='lat' dir='ltr'><strong>jejunans,</strong></span> <span class='ocrx_word' id='word_1_558' title='bbox 619 3929 665 3986; x_wconf 83' lang='lat' dir='ltr'><strong>sed</strong></span> <span class='ocrx_word' id='word_1_559' title='bbox 689 3931 768 3986; x_wconf 87' lang='lat' dir='ltr'><strong>Patri</strong></span> <span class='ocrx_word' id='word_1_560' title='bbox 790 3939 835 3988; x_wconf 82' lang='lat' dir='ltr'><strong>nto</strong></span> <span class='ocrx_word' id='word_1_561' title='bbox 859 3937 908 4006; x_wconf 86' lang='lat' dir='ltr'><strong>qni</strong></span> <span class='ocrx_word' id='word_1_562' title='bbox 931 3938 973 3991; x_wconf 89' lang='lat' dir='ltr'><strong>ai·</strong></span> <span class='ocrx_word' id='word_1_563' title='bbox 1028 3931 1236 4004; x_wconf 75' lang='lat' dir='ltr'><strong>uccjeJ&#39;uniam</strong></span> <span class='ocrx_word' id='word_1_564' title='bbox 1262 3946 1314 3986; x_wconf 91' lang='lat' dir='ltr'><strong>uec</strong></span> <span class='ocrx_word' id='word_1_565' title='bbox 1336 3929 1416 3986; x_wconf 91' lang='lat' dir='ltr'><strong>allud</strong></span> <span class='ocrx_word' id='word_1_566' title='bbox 1442 3930 1551 3987; x_wconf 89' lang='lat' dir='ltr'><strong>bonum</strong></span> <span class='ocrx_word' id='word_1_567' title='bbox 1577 3946 1653 4003; x_wconf 87' lang='lat' dir='ltr'><strong>opus</strong></span> <span class='ocrx_word' id='word_1_568' title='bbox 1670 3930 1763 3991; x_wconf 83' lang='lat' dir='ltr'><strong>valet.</strong></span> <span class='ocrx_word' id='word_1_569' title='bbox 1778 3931 1854 3990; x_wconf 85' lang='lat' dir='ltr'><strong>Unda</strong></span> 
     </span>
     <span class='ocr_line' id='line_1_43' title="bbox 149 4018 1854 4095; baseline -0.001 -15"><span class='ocrx_word' id='word_1_570' title='bbox 149 4022 193 4080; x_wconf 84' lang='lat' dir='ltr'><strong>det</strong></span> <span class='ocrx_word' id='word_1_571' title='bbox 208 4022 263 4091; x_wconf 87' lang='grc'>(30)</span> <span class='ocrx_word' id='word_1_572' title='bbox 278 4022 309 4077; x_wconf 87' lang='lat' dir='ltr'><strong>in</strong></span> <span class='ocrx_word' id='word_1_573' title='bbox 325 4018 479 4076; x_wconf 83' lang='lat' dir='ltr'><strong>abscondito</strong></span> <span class='ocrx_word' id='word_1_574' title='bbox 504 4037 513 4074; x_wconf 92' lang='lat'><em>:</em></span> <span class='ocrx_word' id='word_1_575' title='bbox 537 4027 562 4074; x_wconf 88' lang='lat' dir='ltr'><strong>et</strong></span> <span class='ocrx_word' id='word_1_576' title='bbox 584 4025 668 4076; x_wconf 84' lang='lat' dir='ltr'><strong>Pater</strong></span> <span class='ocrx_word' id='word_1_577' title='bbox 690 4028 754 4076; x_wconf 87' lang='lat' dir='ltr'><strong>tuus</strong></span> <span class='ocrx_word' id='word_1_578' title='bbox 777 4023 827 4094; x_wconf 90' lang='lat' dir='ltr'><strong>qui</strong></span> <span class='ocrx_word' id='word_1_579' title='bbox 848 4023 919 4079; x_wconf 75' lang='lat' dir='ltr'><strong>arietet</strong></span> <span class='ocrx_word' id='word_1_580' title='bbox 943 4026 974 4080; x_wconf 84' lang='lat' dir='ltr'><strong>ia</strong></span> <span class='ocrx_word' id='word_1_581' title='bbox 1027 4020 1169 4077; x_wconf 90' lang='lat' dir='ltr'><strong>Dominus</strong></span> <span class='ocrx_word' id='word_1_582' title='bbox 1198 4037 1249 4092; x_wconf 91' lang='lat' dir='ltr'><strong>per</strong></span> <span class='ocrx_word' id='word_1_583' title='bbox 1276 4019 1383 4076; x_wconf 83' lang='lat' dir='ltr'><strong>isaiam</strong></span> <span class='ocrx_word' id='word_1_584' title='bbox 1403 4035 1410 4076; x_wconf 90' lang='lat'>:</span> <span class='ocrx_word' id='word_1_585' title='bbox 1427 4019 1558 4092; x_wconf 84' lang='lat' dir='ltr'><strong>ll&#39;unqnid</strong></span> <span class='ocrx_word' id='word_1_586' title='bbox 1583 4020 1636 4077; x_wconf 81' lang='lat' dir='ltr'><strong>ica</strong></span> <span class='ocrx_word' id='word_1_587' title='bbox 1653 4029 1698 4077; x_wconf 83' lang='lat' dir='ltr'><strong>cst</strong></span> <span class='ocrx_word' id='word_1_588' title='bbox 1715 4021 1854 4095; x_wconf 73' lang='lat' dir='ltr'><strong>jejunium</strong></span> 
     </span>
     <span class='ocr_line' id='line_1_44' title="bbox 149 4108 1856 4187; baseline 0 -18"><span class='ocrx_word' id='word_1_589' title='bbox 149 4109 314 4178; x_wconf 83' lang='lat' dir='ltr'><strong>abscondita,</strong></span> <span class='ocrx_word' id='word_1_590' title='bbox 329 4109 358 4164; x_wconf 89' lang='lat' dir='ltr'><strong>id</strong></span> <span class='ocrx_word' id='word_1_591' title='bbox 374 4113 419 4166; x_wconf 91' lang='lat' dir='ltr'><strong>cst</strong></span> <span class='ocrx_word' id='word_1_592' title='bbox 433 4108 463 4163; x_wconf 90' lang='lat' dir='ltr'><strong>in</strong></span> <span class='ocrx_word' id='word_1_593' title='bbox 478 4108 666 4179; x_wconf 86' lang='lat' dir='ltr'><strong>conscicntia,</strong></span> <span class='ocrx_word' id='word_1_594' title='bbox 682 4109 773 4167; x_wconf 81' lang='lat' dir='ltr'><strong>reddet</strong></span> <span class='ocrx_word' id='word_1_595' title='bbox 796 4112 856 4167; x_wconf 84' lang='lat' dir='ltr'><strong>tibi.</strong></span> <span class='ocrx_word' id='word_1_596' title='bbox 882 4113 973 4186; x_wconf 91' lang='lat' dir='ltr'><strong>Spiri-</strong></span> <span class='ocrx_word' id='word_1_597' title='bbox 1026 4110 1093 4168; x_wconf 83' lang='lat' dir='ltr'><strong>dicit</strong></span> <span class='ocrx_word' id='word_1_598' title='bbox 1121 4111 1273 4167; x_wconf 85' lang='lat' dir='ltr'><strong>Dominus?</strong></span> <span class='ocrx_word' id='word_1_599' title='bbox 1301 4110 1379 4182; x_wconf 87' lang='lat' dir='ltr'><strong>quasi</strong></span> <span class='ocrx_word' id='word_1_600' title='bbox 1409 4109 1547 4164; x_wconf 80' lang='lat' dir='ltr'><strong>circutum</strong></span> <span class='ocrx_word' id='word_1_601' title='bbox 1567 4117 1751 4184; x_wconf 79' lang='lat' dir='ltr'><strong>mnurquere</strong></span> <span class='ocrx_word' id='word_1_602' title='bbox 1779 4120 1856 4187; x_wconf 76' lang='lat' dir='ltr'><strong>ceput</strong></span> 
     </span>
     <span class='ocr_line' id='line_1_45' title="bbox 149 4197 1854 4274; baseline 0.002 -16"><span class='ocrx_word' id='word_1_603' title='bbox 149 4200 268 4258; x_wconf 89' lang='lat' dir='ltr'><strong>tualiter</strong></span> <span class='ocrx_word' id='word_1_604' title='bbox 282 4215 348 4255; x_wconf 87' lang='lat' dir='ltr'><strong>vero</strong></span> <span class='ocrx_word' id='word_1_605' title='bbox 364 4197 494 4272; x_wconf 81' lang='lat' dir='ltr'><strong>praecipit</strong></span> <span class='ocrx_word' id='word_1_606' title='bbox 508 4198 650 4255; x_wconf 90' lang='lat' dir='ltr'><strong>Dominus</strong></span> <span class='ocrx_word' id='word_1_607' title='bbox 672 4198 701 4255; x_wconf 90' lang='lat' dir='ltr'><strong>ln</strong></span> <span class='ocrx_word' id='word_1_608' title='bbox 725 4199 771 4255; x_wconf 90' lang='lat' dir='ltr'><strong>his</strong></span> <span class='ocrx_word' id='word_1_609' title='bbox 787 4201 881 4258; x_wconf 82' lang='lat' dir='ltr'><strong>verbis</strong></span> <span class='ocrx_word' id='word_1_610' title='bbox 893 4203 971 4274; x_wconf 86' lang='lat' dir='ltr'><strong>jeju·</strong></span> <span class='ocrx_word' id='word_1_611' title='bbox 1025 4216 1117 4268; x_wconf 88' lang='lat' dir='ltr'><strong>suum,</strong></span> <span class='ocrx_word' id='word_1_612' title='bbox 1133 4208 1159 4255; x_wconf 87' lang='lat' dir='ltr'><strong>et</strong></span> <span class='ocrx_word' id='word_1_613' title='bbox 1172 4214 1280 4254; x_wconf 78' lang='lat' dir='ltr'><strong>sacceam</strong></span> <span class='ocrx_word' id='word_1_614' title='bbox 1301 4205 1328 4255; x_wconf 87' lang='lat' dir='ltr'><strong>et</strong></span> <span class='ocrx_word' id='word_1_615' title='bbox 1354 4199 1476 4255; x_wconf 87' lang='lat' dir='ltr'><strong>cinerem</strong></span> <span class='ocrx_word' id='word_1_616' title='bbox 1490 4202 1631 4256; x_wconf 71' lang='lat' dir='ltr'><strong>sumre?</strong></span> <span class='ocrx_word' id='word_1_617' title='bbox 1643 4215 1740 4258; x_wconf 83' lang='lat' dir='ltr'><strong>nenne</strong></span> <span class='ocrx_word' id='word_1_618' title='bbox 1753 4203 1805 4260; x_wconf 77' lang='lat' dir='ltr'><strong>bac</strong></span> <span class='ocrx_word' id='word_1_619' title='bbox 1817 4207 1854 4260; x_wconf 78' lang='lat' dir='ltr'><strong>cst</strong></span> 
     </span>
     <span class='ocr_line' id='line_1_46' title="bbox 149 4286 1854 4361; baseline 0.001 -14"><span class='ocrx_word' id='word_1_620' title='bbox 149 4293 268 4348; x_wconf 73' lang='lat' dir='ltr'><strong>nanmm</strong></span> <span class='ocrx_word' id='word_1_621' title='bbox 298 4287 405 4344; x_wconf 85' lang='lat' dir='ltr'><strong>habere</strong></span> <span class='ocrx_word' id='word_1_622' title='bbox 442 4286 472 4342; x_wconf 92' lang='lat' dir='ltr'><strong>in</strong></span> <span class='ocrx_word' id='word_1_623' title='bbox 508 4291 604 4343; x_wconf 90' lang='lat' dir='ltr'><strong>mente</strong></span> <span class='ocrx_word' id='word_1_624' title='bbox 634 4288 875 4346; x_wconf 89' lang='lat' dir='ltr'><strong>misericordiam.</strong></span> <span class='ocrx_word' id='word_1_625' title='bbox 904 4291 971 4348; x_wconf 88' lang='lat' dir='ltr'><strong>Oleo</strong></span> <span class='ocrx_word' id='word_1_626' title='bbox 1025 4288 1264 4361; x_wconf 79' lang='lat' dir='ltr'><strong>umqisjejunium</strong></span> <span class='ocrx_word' id='word_1_627' title='bbox 1279 4287 1789 4361; x_wconf 75' lang='lat' dir='ltr'><strong>qnodeiepitliissatueeaitipntioues</strong></span> <span class='ocrx_word' id='word_1_628' title='bbox 1803 4294 1854 4348; x_wconf 82' lang='lat' dir='ltr'><strong>isn-</strong></span> 
     </span>
     <span class='ocr_line' id='line_1_47' title="bbox 148 4375 1854 4453; baseline 0 -17"><span class='ocrx_word' id='word_1_629' title='bbox 148 4394 277 4452; x_wconf 89' lang='lat' dir='ltr'><strong>namque</strong></span> <span class='ocrx_word' id='word_1_630' title='bbox 292 4377 369 4450; x_wconf 90' lang='lat' dir='ltr'><strong>quod</strong></span> <span class='ocrx_word' id='word_1_631' title='bbox 383 4378 554 4449; x_wconf 87' lang='lat' dir='ltr'><strong>supernatat</strong></span> <span class='ocrx_word' id='word_1_632' title='bbox 568 4376 705 4432; x_wconf 80' lang='lat' dir='ltr'><strong>oninibus</strong></span> <span class='ocrx_word' id='word_1_633' title='bbox 727 4377 898 4449; x_wconf 89' lang='lat' dir='ltr'><strong>liquoribus,</strong></span> <span class='ocrx_word' id='word_1_634' title='bbox 914 4381 971 4436; x_wconf 91' lang='lat' dir='ltr'><strong>mi·</strong></span> <span class='ocrx_word' id='word_1_635' title='bbox 1024 4379 1145 4451; x_wconf 88' lang='lat' dir='ltr'><strong>pietatis,</strong></span> <span class='ocrx_word' id='word_1_636' title='bbox 1160 4377 1261 4449; x_wconf 75' lang='lat' dir='ltr'><strong>clepone</strong></span> <span class='ocrx_word' id='word_1_637' title='bbox 1274 4376 1421 4447; x_wconf 68' lang='lat' dir='ltr'><strong>fasciculos</strong></span> <span class='ocrx_word' id='word_1_638' title='bbox 1436 4375 1619 4448; x_wconf 80' lang='lat' dir='ltr'><strong>deprimentes</strong></span> <span class='ocrx_word' id='word_1_639' title='bbox 1634 4377 1854 4453; x_wconf 63' lang='lat' dir='ltr'><strong>(Isuavtutha-</strong></span> 
     </span>
     <span class='ocr_line' id='line_1_48' title="bbox 148 4464 1853 4558; baseline -0.001 -32"><span class='ocrx_word' id='word_1_640' title='bbox 148 4465 971 4540; x_wconf 82' lang='lat' dir='ltr'><strong>sericordiusignificatur,qumsnperexnltstjudicinm.</strong></span> <span class='ocrx_word' id='word_1_641' title='bbox 985 4490 1009 4558; x_wconf 74' lang='lat' dir='ltr'>D</span> <span class='ocrx_word' id='word_1_642' title='bbox 1025 4483 1128 4524; x_wconf 86' lang='lat' dir='ltr'><strong>vemas</strong></span> <span class='ocrx_word' id='word_1_643' title='bbox 1163 4482 1242 4539; x_wconf 87' lang='lat' dir='ltr'><strong>ergo,</strong></span> <span class='ocrx_word' id='word_1_644' title='bbox 1272 4465 1376 4522; x_wconf 84' lang='lat' dir='ltr'><strong>iratres</strong></span> <span class='ocrx_word' id='word_1_645' title='bbox 1404 4465 1474 4534; x_wconf 88' lang='lat' dir='ltr'><strong>mei,</strong></span> <span class='ocrx_word' id='word_1_646' title='bbox 1508 4464 1639 4522; x_wconf 88' lang='lat' dir='ltr'><strong>maculas</strong></span> <span class='ocrx_word' id='word_1_647' title='bbox 1668 4469 1853 4527; x_wconf 85' lang='lat' dir='ltr'><strong>conscientie</strong></span> 
     </span>
    </p>

    <p class='ocr_par' dir='ltr' id='par_1_3' title="bbox 143 4552 1853 5431">
     <span class='ocr_line' id='line_1_49' title="bbox 147 4552 1853 4633; baseline 0 -18"><span class='ocrx_word' id='word_1_648' title='bbox 147 4557 229 4615; x_wconf 91' lang='lat' dir='ltr'><strong>Unde</strong></span> <span class='ocrx_word' id='word_1_649' title='bbox 243 4560 272 4613; x_wconf 91' lang='lat' dir='ltr'><strong>et</strong></span> <span class='ocrx_word' id='word_1_650' title='bbox 286 4554 363 4612; x_wconf 90' lang='lat' dir='ltr'><strong>oleos</strong></span> <span class='ocrx_word' id='word_1_651' title='bbox 379 4555 436 4627; x_wconf 85' lang='grc'>(31)</span> <span class='ocrx_word' id='word_1_652' title='bbox 452 4555 558 4621; x_wconf 73' lang='lat' dir='ltr'><strong>Gracc,</strong></span> <span class='ocrx_word' id='word_1_653' title='bbox 575 4555 764 4611; x_wconf 84' lang='lat' dir='ltr'><strong>misericordia</strong></span> <span class='ocrx_word' id='word_1_654' title='bbox 784 4557 892 4613; x_wconf 90' lang='lat' dir='ltr'><strong>dicitur</strong></span> <span class='ocrx_word' id='word_1_655' title='bbox 916 4560 969 4615; x_wconf 87' lang='lat' dir='ltr'><strong>La·</strong></span> <span class='ocrx_word' id='word_1_656' title='bbox 1025 4552 1473 4628; x_wconf 84' lang='lat' dir='ltr'><strong>nostrae,singultibus,suspiriis</strong></span> <span class='ocrx_word' id='word_1_657' title='bbox 1488 4558 1517 4610; x_wconf 89' lang='lat' dir='ltr'><strong>et</strong></span> <span class='ocrx_word' id='word_1_658' title='bbox 1531 4553 1671 4628; x_wconf 78' lang='lat' dir='ltr'><strong>lacrymis</strong></span> <span class='ocrx_word' id='word_1_659' title='bbox 1680 4572 1758 4615; x_wconf 81' lang='lat' dir='ltr'><strong>veras</strong></span> <span class='ocrx_word' id='word_1_660' title='bbox 1769 4558 1853 4633; x_wconf 75' lang='lat' dir='ltr'><strong>pessi·</strong></span> 
     </span>
     <span class='ocr_line' id='line_1_50' title="bbox 147 4642 1851 4722; baseline 0.001 -19"><span class='ocrx_word' id='word_1_661' title='bbox 147 4647 216 4704; x_wconf 90' lang='lat' dir='ltr'><strong>tine.</strong></span> <span class='ocrx_word' id='word_1_662' title='bbox 234 4646 286 4702; x_wconf 88' lang='lat' dir='ltr'><strong>Per</strong></span> <span class='ocrx_word' id='word_1_663' title='bbox 301 4649 389 4718; x_wconf 90' lang='lat' dir='ltr'><strong>caput</strong></span> <span class='ocrx_word' id='word_1_664' title='bbox 403 4661 469 4700; x_wconf 91' lang='lat' dir='ltr'><strong>vero</strong></span> <span class='ocrx_word' id='word_1_665' title='bbox 485 4660 569 4699; x_wconf 88' lang='lat' dir='ltr'><strong>mens</strong></span> <span class='ocrx_word' id='word_1_666' title='bbox 585 4642 766 4716; x_wconf 81' lang='lat' dir='ltr'><strong>significatur</strong></span> <span class='ocrx_word' id='word_1_667' title='bbox 780 4663 844 4718; x_wconf 85' lang='lat' dir='ltr'><strong>quae</strong></span> <span class='ocrx_word' id='word_1_668' title='bbox 864 4647 893 4703; x_wconf 93' lang='lat' dir='ltr'><strong>in</strong></span> <span class='ocrx_word' id='word_1_669' title='bbox 910 4651 967 4706; x_wconf 88' lang='lat' dir='ltr'><strong>toto</strong></span> <span class='ocrx_word' id='word_1_670' title='bbox 1022 4644 1128 4701; x_wconf 81' lang='lat' dir='ltr'><strong>tentia.</strong></span> <span class='ocrx_word' id='word_1_671' title='bbox 1147 4643 1287 4716; x_wconf 90' lang='lat' dir='ltr'><strong>quoniam</strong></span> <span class='ocrx_word' id='word_1_672' title='bbox 1313 4642 1447 4718; x_wconf 75' lang='lat' dir='ltr'><strong>lacryma</strong></span> <span class='ocrx_word' id='word_1_673' title='bbox 1472 4642 1570 4699; x_wconf 87' lang='lat' dir='ltr'><strong>lavant</strong></span> <span class='ocrx_word' id='word_1_674' title='bbox 1594 4643 1752 4715; x_wconf 87' lang='lat' dir='ltr'><strong>delictum,</strong></span> <span class='ocrx_word' id='word_1_675' title='bbox 1778 4647 1851 4722; x_wconf 85' lang='lat' dir='ltr'><strong>qued</strong></span> 
     </span>
     <span class='ocr_line' id='line_1_51' title="bbox 145 4731 1853 4810; baseline 0.001 -17"><span class='ocrx_word' id='word_1_676' title='bbox 145 4735 264 4793; x_wconf 88' lang='lat' dir='ltr'><strong>homine</strong></span> <span class='ocrx_word' id='word_1_677' title='bbox 279 4733 469 4808; x_wconf 88' lang='lat' dir='ltr'><strong>principatur.</strong></span> <span class='ocrx_word' id='word_1_678' title='bbox 487 4732 619 4804; x_wconf 84' lang='lat' dir='ltr'><strong>Praecipii</strong></span> <span class='ocrx_word' id='word_1_679' title='bbox 643 4748 712 4806; x_wconf 89' lang='lat' dir='ltr'><strong>crgo</strong></span> <span class='ocrx_word' id='word_1_680' title='bbox 739 4734 881 4793; x_wconf 90' lang='lat' dir='ltr'><strong>Dominus</strong></span> <span class='ocrx_word' id='word_1_681' title='bbox 892 4738 968 4810; x_wconf 85' lang='lat' dir='ltr'><strong>jeju·</strong></span> <span class='ocrx_word' id='word_1_682' title='bbox 1022 4733 1118 4807; x_wconf 90' lang='lat' dir='ltr'><strong>pudor</strong></span> <span class='ocrx_word' id='word_1_683' title='bbox 1140 4736 1185 4788; x_wconf 87' lang='lat' dir='ltr'><strong>esi</strong></span> <span class='ocrx_word' id='word_1_684' title='bbox 1207 4749 1256 4788; x_wconf 89' lang='lat' dir='ltr'><strong>ors</strong></span> <span class='ocrx_word' id='word_1_685' title='bbox 1279 4732 1421 4788; x_wconf 87' lang='lat' dir='ltr'><strong>confiteri.</strong></span> <span class='ocrx_word' id='word_1_686' title='bbox 1446 4732 1509 4789; x_wconf 90' lang='lat' dir='ltr'><strong>Non</strong></span> <span class='ocrx_word' id='word_1_687' title='bbox 1534 4733 1611 4806; x_wconf 90' lang='lat' dir='ltr'><strong>quod</strong></span> <span class='ocrx_word' id='word_1_688' title='bbox 1635 4731 1779 4810; x_wconf 73' lang='lat' dir='ltr'><strong>lacryma</strong></span> <span class='ocrx_word' id='word_1_689' title='bbox 1794 4736 1853 4794; x_wconf 86' lang='lat' dir='ltr'><strong>siue</strong></span> 
     </span>
     <span class='ocr_line' id='line_1_52' title="bbox 146 4820 1853 4895; baseline 0.002 -15"><span class='ocrx_word' id='word_1_690' title='bbox 146 4828 265 4881; x_wconf 87' lang='lat' dir='ltr'><strong>nantem</strong></span> <span class='ocrx_word' id='word_1_691' title='bbox 282 4823 344 4880; x_wconf 91' lang='lat' dir='ltr'><strong>oleo</strong></span> <span class='ocrx_word' id='word_1_692' title='bbox 360 4826 447 4895; x_wconf 90' lang='lat' dir='ltr'><strong>caput</strong></span> <span class='ocrx_word' id='word_1_693' title='bbox 460 4820 609 4895; x_wconf 89' lang='lat' dir='ltr'><strong>ungere,id</strong></span> <span class='ocrx_word' id='word_1_694' title='bbox 624 4827 668 4878; x_wconf 90' lang='lat' dir='ltr'><strong>est</strong></span> <span class='ocrx_word' id='word_1_695' title='bbox 691 4823 785 4895; x_wconf 90' lang='lat' dir='ltr'><strong>gratia</strong></span> <span class='ocrx_word' id='word_1_696' title='bbox 805 4824 969 4883; x_wconf 88' lang='lat' dir='ltr'><strong>misericor·</strong></span> <span class='ocrx_word' id='word_1_697' title='bbox 1022 4821 1203 4880; x_wconf 79' lang='lat' dir='ltr'><strong>confessione</strong></span> <span class='ocrx_word' id='word_1_698' title='bbox 1215 4820 1376 4889; x_wconf 77' lang='lat' dir='ltr'><strong>sufficiant,</strong></span> <span class='ocrx_word' id='word_1_699' title='bbox 1393 4821 1442 4878; x_wconf 89' lang='lat' dir='ltr'><strong>sed</strong></span> <span class='ocrx_word' id='word_1_700' title='bbox 1468 4820 1538 4893; x_wconf 89' lang='lat' dir='ltr'><strong>quia</strong></span> <span class='ocrx_word' id='word_1_701' title='bbox 1561 4822 1656 4895; x_wconf 86' lang='lat' dir='ltr'><strong>pudor</strong></span> <span class='ocrx_word' id='word_1_702' title='bbox 1676 4840 1715 4881; x_wconf 80' lang='lat' dir='ltr'><strong>ex</strong></span> <span class='ocrx_word' id='word_1_703' title='bbox 1730 4826 1853 4883; x_wconf 84' lang='lat' dir='ltr'><strong>crimine</strong></span> 
     </span>
     <span class='ocr_line' id='line_1_53' title="bbox 146 4909 1851 4986; baseline 0.003 -18"><span class='ocrx_word' id='word_1_704' title='bbox 146 4911 343 4968; x_wconf 85' lang='lat' dir='ltr'><strong>diaementem</strong></span> <span class='ocrx_word' id='word_1_705' title='bbox 368 4911 549 4983; x_wconf 84' lang='lat' dir='ltr'><strong>impugnare.</strong></span> <span class='ocrx_word' id='word_1_706' title='bbox 582 4909 631 4966; x_wconf 77' lang='lat' dir='ltr'><strong>nst</strong></span> <span class='ocrx_word' id='word_1_707' title='bbox 658 4912 736 4967; x_wconf 91' lang='lat' dir='ltr'><strong>onim</strong></span> <span class='ocrx_word' id='word_1_708' title='bbox 766 4929 850 4970; x_wconf 91' lang='lat' dir='ltr'><strong>mens</strong></span> <span class='ocrx_word' id='word_1_709' title='bbox 875 4915 967 4984; x_wconf 88' lang='lat' dir='ltr'><strong>arida,</strong></span> <span class='ocrx_word' id='word_1_710' title='bbox 1022 4916 1110 4986; x_wconf 88' lang='lat' dir='ltr'><strong>auget</strong></span> <span class='ocrx_word' id='word_1_711' title='bbox 1131 4910 1276 4984; x_wconf 77' lang='lat' dir='ltr'><strong>lacrymas</strong></span> <span class='ocrx_word' id='word_1_712' title='bbox 1300 4910 1329 4966; x_wconf 92' lang='lat' dir='ltr'><strong>in</strong></span> <span class='ocrx_word' id='word_1_713' title='bbox 1354 4910 1521 4967; x_wconf 83' lang='lat' dir='ltr'><strong>confitente.</strong></span> <span class='ocrx_word' id='word_1_714' title='bbox 1547 4910 1717 4982; x_wconf 77' lang='lat' dir='ltr'><strong>Faciamus,</strong></span> <span class='ocrx_word' id='word_1_715' title='bbox 1734 4914 1851 4984; x_wconf 80' lang='lat' dir='ltr'><strong>iratres,</strong></span> 
     </span>
     <span class='ocr_line' id='line_1_54' title="bbox 146 4997 1850 5075; baseline 0.004 -19"><span class='ocrx_word' id='word_1_716' title='bbox 146 5018 210 5073; x_wconf 74' lang='lat' dir='ltr'><strong>quae</strong></span> <span class='ocrx_word' id='word_1_717' title='bbox 225 4999 287 5056; x_wconf 86' lang='lat' dir='ltr'><strong>oleo</strong></span> <span class='ocrx_word' id='word_1_718' title='bbox 312 5016 369 5056; x_wconf 91' lang='lat' dir='ltr'><strong>non</strong></span> <span class='ocrx_word' id='word_1_719' title='bbox 394 5005 439 5056; x_wconf 86' lang='lat' dir='ltr'><strong>cet</strong></span> <span class='ocrx_word' id='word_1_720' title='bbox 462 4999 655 5073; x_wconf 87' lang='lat' dir='ltr'><strong>impinguata.</strong></span> <span class='ocrx_word' id='word_1_721' title='bbox 671 4999 776 5066; x_wconf 83' lang='lat' dir='ltr'><strong>Quales</strong></span> <span class='ocrx_word' id='word_1_722' title='bbox 796 5006 866 5057; x_wconf 89' lang='lat' dir='ltr'><strong>sunt</strong></span> <span class='ocrx_word' id='word_1_723' title='bbox 879 5004 968 5071; x_wconf 89' lang='lat' dir='ltr'><strong>(uude</strong></span> <span class='ocrx_word' id='word_1_724' title='bbox 1022 5002 1098 5075; x_wconf 90' lang='lat' dir='ltr'><strong>quod</strong></span> <span class='ocrx_word' id='word_1_725' title='bbox 1115 4997 1271 5057; x_wconf 87' lang='lat' dir='ltr'><strong>Psalmlsta</strong></span> <span class='ocrx_word' id='word_1_726' title='bbox 1287 4997 1419 5073; x_wconf 80' lang='lat' dir='ltr'><strong>exemplo</strong></span> <span class='ocrx_word' id='word_1_727' title='bbox 1432 4999 1477 5056; x_wconf 87' lang='lat' dir='ltr'><strong>sui</strong></span> <span class='ocrx_word' id='word_1_728' title='bbox 1490 5015 1543 5057; x_wconf 85' lang='lat' dir='ltr'><strong>uos</strong></span> <span class='ocrx_word' id='word_1_729' title='bbox 1556 4999 1651 5057; x_wconf 82' lang='lat' dir='ltr'><strong>lacere</strong></span> <span class='ocrx_word' id='word_1_730' title='bbox 1663 5008 1790 5061; x_wconf 83' lang='lat' dir='ltr'><strong>mouet:</strong></span> <span class='ocrx_word' id='word_1_731' title='bbox 1802 5006 1850 5062; x_wconf 80' lang='lat' dir='ltr'><strong>tn·</strong></span> 
     </span>
     <span class='ocr_line' id='line_1_55' title="bbox 145 5087 1851 5162; baseline 0.003 -17"><span class='ocrx_word' id='word_1_732' title='bbox 145 5088 304 5145; x_wconf 89' lang='lat' dir='ltr'><strong>dolendum</strong></span> <span class='ocrx_word' id='word_1_733' title='bbox 319 5089 372 5159; x_wconf 86' lang='lat' dir='ltr'><strong>est)</strong></span> <span class='ocrx_word' id='word_1_734' title='bbox 388 5088 475 5144; x_wconf 91' lang='lat' dir='ltr'><strong>bodie</strong></span> <span class='ocrx_word' id='word_1_735' title='bbox 490 5087 574 5146; x_wconf 89' lang='lat' dir='ltr'><strong>multi</strong></span> <span class='ocrx_word' id='word_1_736' title='bbox 597 5088 646 5161; x_wconf 94' lang='lat' dir='ltr'><strong>qui</strong></span> <span class='ocrx_word' id='word_1_737' title='bbox 667 5088 842 5147; x_wconf 87' lang='lat' dir='ltr'><strong>miserorum</strong></span> <span class='ocrx_word' id='word_1_738' title='bbox 858 5092 966 5162; x_wconf 90' lang='lat' dir='ltr'><strong>dolore,</strong></span> <span class='ocrx_word' id='word_1_739' title='bbox 1022 5091 1116 5147; x_wconf 79' lang='lat' dir='ltr'><strong>torcat</strong></span> <span class='ocrx_word' id='word_1_740' title='bbox 1130 5089 1276 5159; x_wconf 81' lang='lat' dir='ltr'><strong>inpcmitu</strong></span> <span class='ocrx_word' id='word_1_741' title='bbox 1291 5104 1359 5154; x_wconf 87' lang='lat' dir='ltr'><strong>meo,</strong></span> <span class='ocrx_word' id='word_1_742' title='bbox 1374 5088 1670 5161; x_wconf 74' lang='lat' dir='ltr'><strong>iuauiepersineuius</strong></span> <span class='ocrx_word' id='word_1_743' title='bbox 1695 5101 1792 5150; x_wconf 64' lang='lat' dir='ltr'><strong>nacta</strong></span> <span class='ocrx_word' id='word_1_744' title='bbox 1816 5094 1851 5150; x_wconf 83' lang='lat' dir='ltr'><strong>lc·</strong></span> 
     </span>
     <span class='ocr_line' id='line_1_56' title="bbox 145 5177 1849 5257; baseline 0.001 -21"><span class='ocrx_word' id='word_1_745' title='bbox 145 5177 264 5236; x_wconf 89' lang='lat' dir='ltr'><strong>miseria</strong></span> <span class='ocrx_word' id='word_1_746' title='bbox 279 5181 307 5232; x_wconf 86' lang='lat' dir='ltr'><strong>et</strong></span> <span class='ocrx_word' id='word_1_747' title='bbox 322 5178 538 5244; x_wconf 82' lang='lat' dir='ltr'><strong>anxietate‚non</strong></span> <span class='ocrx_word' id='word_1_748' title='bbox 555 5177 649 5252; x_wconf 87' lang='lat' dir='ltr'><strong>magis</strong></span> <span class='ocrx_word' id='word_1_749' title='bbox 664 5182 817 5236; x_wconf 85' lang='lat' dir='ltr'><strong>moventur</strong></span> <span class='ocrx_word' id='word_1_750' title='bbox 830 5198 918 5254; x_wconf 92' lang='lat' dir='ltr'><strong>quam</strong></span> <span class='ocrx_word' id='word_1_751' title='bbox 942 5182 968 5238; x_wconf 91' lang='lat' dir='ltr'><strong>si</strong></span> <span class='ocrx_word' id='word_1_752' title='bbox 1021 5188 1093 5237; x_wconf 81' lang='lat' dir='ltr'><strong>cmm</strong></span> <span class='ocrx_word' id='word_1_753' title='bbox 1120 5194 1221 5243; x_wconf 77' lang='lat' dir='ltr'><strong>meum</strong></span> <span class='ocrx_word' id='word_1_754' title='bbox 1247 5177 1377 5249; x_wconf 77' lang='lat' dir='ltr'><strong>iacrymis</strong></span> <span class='ocrx_word' id='word_1_755' title='bbox 1399 5179 1468 5234; x_wconf 75' lang='lat' dir='ltr'><strong>neeis</strong></span> <span class='ocrx_word' id='word_1_756' title='bbox 1490 5185 1609 5235; x_wconf 86' lang='lat' dir='ltr'><strong>stratum</strong></span> <span class='ocrx_word' id='word_1_757' title='bbox 1628 5195 1726 5237; x_wconf 73' lang='lat' dir='ltr'><strong>cneum</strong></span> <span class='ocrx_word' id='word_1_758' title='bbox 1745 5183 1849 5257; x_wconf 71' lang='lat' dir='ltr'><strong>rr&#39;pnta</strong></span> 
     </span>
     <span class='ocr_line' id='line_1_57' title="bbox 145 5265 1851 5343; baseline 0.004 -20"><span class='ocrx_word' id='word_1_759' title='bbox 145 5285 201 5324; x_wconf 82' lang='lat' dir='ltr'><strong>non</strong></span> <span class='ocrx_word' id='word_1_760' title='bbox 217 5266 360 5335; x_wconf 89' lang='lat' dir='ltr'><strong>homines,</strong></span> <span class='ocrx_word' id='word_1_761' title='bbox 378 5267 428 5323; x_wconf 91' lang='lat' dir='ltr'><strong>sed</strong></span> <span class='ocrx_word' id='word_1_762' title='bbox 443 5265 555 5339; x_wconf 87' lang='lat' dir='ltr'><strong>lapides</strong></span> <span class='ocrx_word' id='word_1_763' title='bbox 569 5271 676 5324; x_wconf 89' lang='lat' dir='ltr'><strong>essent.</strong></span> <span class='ocrx_word' id='word_1_764' title='bbox 693 5269 767 5325; x_wconf 89' lang='lat' dir='ltr'><strong>Sunt</strong></span> <span class='ocrx_word' id='word_1_765' title='bbox 782 5268 871 5343; x_wconf 87' lang='lat' dir='ltr'><strong>enim,</strong></span> <span class='ocrx_word' id='word_1_766' title='bbox 882 5275 914 5327; x_wconf 90' lang='lat' dir='ltr'><strong>ut</strong></span> <span class='ocrx_word' id='word_1_767' title='bbox 927 5271 968 5328; x_wconf 88' lang='lat' dir='ltr'><strong>ait</strong></span> <span class='ocrx_word' id='word_1_768' title='bbox 1023 5269 1107 5340; x_wconf 84' lang='lat' dir='ltr'><strong>(Psut.</strong></span> <span class='ocrx_word' id='word_1_769' title='bbox 1124 5270 1173 5335; x_wconf 83' lang='lat' dir='ltr'><strong>vi).</strong></span> <span class='ocrx_word' id='word_1_770' title='bbox 1191 5265 1322 5338; x_wconf 74' lang='lat' dir='ltr'><strong>Praecipit</strong></span> <span class='ocrx_word' id='word_1_771' title='bbox 1336 5266 1424 5322; x_wconf 84' lang='lat' dir='ltr'><strong>etiam</strong></span> <span class='ocrx_word' id='word_1_772' title='bbox 1439 5266 1584 5341; x_wconf 84' lang='lat' dir='ltr'><strong>Dominus</strong></span> <span class='ocrx_word' id='word_1_773' title='bbox 1593 5268 1788 5341; x_wconf 75' lang='lat' dir='ltr'><strong>jejunantem</strong></span> <span class='ocrx_word' id='word_1_774' title='bbox 1806 5272 1851 5329; x_wconf 83' lang='lat' dir='ltr'><strong>ba·</strong></span> 
     </span>
     <span class='ocr_line' id='line_1_58' title="bbox 143 5346 1850 5431; baseline 0.002 -18"><span class='ocrx_word' id='word_1_775' title='bbox 143 5355 308 5431; x_wconf 78' lang='lat' dir='ltr'><strong>Apostolus,</strong></span> <span class='ocrx_word' id='word_1_776' title='bbox 331 5358 392 5412; x_wconf 83' lang='lat' dir='ltr'><strong>sine</strong></span> <span class='ocrx_word' id='word_1_777' title='bbox 414 5356 567 5428; x_wconf 70' lang='lat' dir='ltr'><strong>effecum,</strong></span> <span class='ocrx_word' id='word_1_778' title='bbox 594 5359 654 5415; x_wconf 88' lang='lat' dir='ltr'><strong>siue</strong></span> <span class='ocrx_word' id='word_1_779' title='bbox 677 5359 877 5428; x_wconf 77' lang='lat' dir='ltr'><strong>neuericurdiu,</strong></span> <span class='ocrx_word' id='word_1_780' title='bbox 907 5363 968 5419; x_wconf 87' lang='lat' dir='ltr'><strong>siae</strong></span> <span class='ocrx_word' id='word_1_781' title='bbox 1021 5359 1090 5417; x_wconf 89' lang='lat' dir='ltr'><strong>here</strong></span> <span class='ocrx_word' id='word_1_782' title='bbox 1105 5357 1134 5412; x_wconf 91' lang='lat' dir='ltr'><strong>iu</strong></span> <span class='ocrx_word' id='word_1_783' title='bbox 1149 5346 1720 5431; x_wconf 77' lang='lat' dir='ltr'><strong>caelothesaurisuirepnsitiouem,cum</strong></span> <span class='ocrx_word' id='word_1_784' title='bbox 1733 5360 1850 5431; x_wconf 66' lang='lat' dir='ltr'><strong>asebdit:</strong></span> 
     </span>
    </p>
   </div>
   <div class='ocr_carea' id='block_1_3' title="bbox 189 5462 1603 5608">
    <p class='ocr_par' dir='ltr' id='par_1_4' title="bbox 189 5462 1603 5608">
     <span class='ocr_line' id='line_1_59' title="bbox 189 5462 1603 5537; baseline 0.004 -19"><span class='ocrx_word' id='word_1_785' title='bbox 189 5464 237 5531; x_wconf 82' lang='lat'><strong>29)</strong></span> <span class='ocrx_word' id='word_1_786' title='bbox 251 5462 336 5537; x_wconf 88' lang='lat' dir='ltr'><strong>Vulg.</strong></span> <span class='ocrx_word' id='word_1_787' title='bbox 352 5464 432 5519; x_wconf 83' lang='lat' dir='ltr'><strong>mibi.</strong></span> <span class='ocrx_word' id='word_1_788' title='bbox 1058 5465 1113 5537; x_wconf 81' lang='grc'>(31)</span> <span class='ocrx_word' id='word_1_789' title='bbox 1123 5468 1216 5522; x_wconf 76' lang='lat' dir='ltr'><strong>uraca</strong></span> <span class='ocrx_word' id='word_1_790' title='bbox 1229 5469 1319 5519; x_wconf 71' lang='lat' dir='ltr'><strong>mutere</strong></span> <span class='ocrx_word' id='word_1_791' title='bbox 1335 5469 1512 5533; x_wconf 62' lang='lat' dir='ltr'><strong>chasanum</strong></span> <span class='ocrx_word' id='word_1_792' title='bbox 1526 5471 1603 5531; x_wconf 75' lang='grc' dir='ltr'>ολςος.</span> 
     </span>
     <span class='ocr_line' id='line_1_60' title="bbox 190 5533 1592 5608; baseline 0.007 -17"><span class='ocrx_word' id='word_1_793' title='bbox 190 5535 234 5606; x_wconf 89' lang='grc'><strong>30)</strong></span> <span class='ocrx_word' id='word_1_794' title='bbox 251 5533 336 5608; x_wconf 90' lang='lat' dir='ltr'><strong>Vulg.</strong></span> <span class='ocrx_word' id='word_1_795' title='bbox 353 5541 402 5591; x_wconf 84' lang='lat' dir='ltr'><strong>est.</strong></span> <span class='ocrx_word' id='word_1_796' title='bbox 1528 5584 1532 5591; x_wconf 84' lang='lat'>·</span> <span class='ocrx_word' id='word_1_797' title='bbox 1561 5590 1592 5601; x_wconf 92' lang='lat'><strong>..</strong></span> 
     </span>
    </p>
   </div>
   <div class='ocr_carea' id='block_1_4' title="bbox 0 0 1912 6006">
    <p class='ocr_par' dir='ltr' id='par_1_5' title="bbox 0 0 1912 6006">
     <span class='ocr_line' id='line_1_61' title="bbox 0 0 1912 6006; baseline 0 4"><span class='ocrx_word' id='word_1_798' title='bbox 0 0 1912 6006; x_wconf 95' lang='lat' dir='ltr'><strong> </strong></span> 
     </span>
    </p>
   </div>
  </div>
 </body>
</html>
