3816 6006
102 297 180 358 1547
740 295 940 358 annueret
961 294 1171 359 tabensis.
1736 298 1813 361 ¹548

26 410 29 417 ’
97 429 128 485 in
142 429 220 484 Novo
234 442 311 495 vero,
329 430 361 481 ut
385 425 613 483 Bartholomeus
642 427 791 500 apostolus
815 433 844 484 et
872 427 921 484 alii
934 429 964 499 Δ
979 445 1055 498 mus,
1069 429 1652 499 utmoriamurmundo,vivamusautem
1663 431 1740 488 Deo.
1753 431 1813 488 Gir·

101 517 211 591 plures.
224 517 328 572 Tentati
340 524 414 584 sant,
431 516 556 572 subaudi
569 516 826 590 promissionibus,
839 520 871 574 ut
881 517 927 573 lo·
980 517 1096 576 cuimus
1107 535 1223 592 quoque
1233 520 1496 594 peregrinationem
1506 520 1592 578 istius
1604 519 1726 589 mundi,
1736 519 1761 577 si
1773 520 1812 576 in·

102 605 173 679 seph
190 605 226 661 ah
242 621 329 661 uxore
343 604 494 676 Puliphar,
505 610 533 660 et
549 605 705 662 ltlachabei
721 607 757 663 ab
771 606 924 663 Antiocho.
980 606 1145 680 telligcntes
1161 625 1215 665 nos
1230 625 1287 665 nou
1304 609 1411 666 habere
1434 609 1482 665 hie
1498 631 1512 660 a
1528 610 1678 666 civitatem
1695 625 1810 683 perma-

104 695 136 752 ln
151 695 230 751 Novo
244 693 508 750 vero'l'cstamento
528 694 614 750 multi
637 696 731 751 sancti
755 695 926 768 promissio·
980 701 1109 764 nentem,
1127 698 1256 754 futuram
1282 698 1462 770 inquirimus
1483 699 1572 769 (debr.
1584 699 1658 772 xus).
1670 720 1686 749 u
1698 700 1737 756 ut
1759 698 1809 756 hoo

104 785 192 841 nibus
209 800 226 839 a
246 780 361 838 diabolo
390 786 419 838 et
445 781 597 839 diabolicis
627 784 796 841 hominibus
824 784 927 841 tentati
981 785 1011 841 in
1026 786 1152 855 melotis,
1165 787 1195 842 in
1211 786 1338 860 pellibus
1351 787 1742 861 caprinis,veladlitteram
1754 787 1808 845 cili·

103 878 183 943 sunt,
210 875 251 941 ut,
272 871 387 927 Christo
402 871 550 938 derelicto,
576 873 734 930 simulacra
760 876 924 944 adorarent,
981 874 1034 931 ciis
1049 879 1077 931 et
1092 876 1183 933 saeris
1199 875 1450 949 poenitentialibus
1466 895 1518 934 nos
1533 877 1705 944 induentes,
1716 875 1763 932 vel
1775 875 1809 933 vi·

103 966 137 1019 ul
151 965 270 1019 sanctus
286 960 486 1028 Sebastianus,
505 966 624 1018 sanctus
640 962 821 1037 Hippolytus,
838 964 926 1020 loun·
980 961 1103 1032 litatem,
1116 968 1144 1020 et
1159 964 1357 1038 asperitatem,
1374 970 1403 1022 et
1427 966 1656 1039 corruptionem,
1668 982 1734 1039 qua
1756 965 1806 1022 cir·

102 1069 155 1109 nes
166 1055 195 1107 et
208 1049 326 1118 Paulus,
338 1054 440 1106 sancta
448 1052 555 1123 Agnes,
568 1056 669 1107 sancta
683 1053 804 1125 Agatha,
826 1058 928 1108 sancta
981 1054 1166 1119 condemur,
1178 1070 1294 1126 semper
1309 1055 1536 1112 considerantes.
1550 1056 1676 1129 llgeutes
1692 1071 1806 1128 quoque

101 1139 259 1198 Gatharina
278 1144 306 1195 et
329 1138 413 1194 multi
428 1139 487 1194 alii.
504 1142 536 1196 ln
562 1143 692 1197 acchione
714 1141 803 1212 pladii
824 1143 928 1197 mertui
981 1141 1209 1209 sumus,tratres
1220 1143 1392 1216 mei‚magis
1405 1143 1507 1199 divine
1518 1145 1656 1218 gratieet
1667 1142 1805 1218 spiritua-

101 1237 174 1298 sunt,
192 1232 225 1284 ut
246 1227 277 1283 in
300 1228 392 1283 Veteri
409 1228 595 1284 Testamenta
618 1229 785 1286 Abimelech
810 1247 877 1286 enm
891 1232 927 1286 70
981 1228 1053 1285 lium
1068 1230 1208 1287 virtutum
1225 1247 1314 1304 quam
1336 1238 1517 1289 terrenorum
1534 1232 1765 1305 stipendiorum,
1778 1237 1805 1288 ut

102 1316 331 1390 indutisllphod
357 1320 385 1372 et
399 1316 493 1373 Urias.
512 1318 544 1373 ln
565 1317 643 1374 Novo
673 1324 769 1374 autern
799 1319 927 1376 loannes
981 1319 1279 1393 dieatunusquisque
1299 1326 1433 1378 nostrum
1453 1321 1667 1394 quotidieeum
1682 1321 1804 1379 Psalmi·

102 1407 243 1481 baptista,
265 1405 372 1462 Paulus
396 1405 555 1478 apostolus,
570 1412 599 1463 et
623 1406 672 1462 alii
696 1408 782 1464 multi
804 1411 927 1467 circuie-
982 1412 1072 1464 stez«
1089 1408 1149 1482 ligo
1164 1426 1232 1466 vero
1248 1425 1358 1482 egonus
1378 1413 1406 1466 et
1426 1427 1536 1484 pauper
1551 1427 1634 1481 snm;
1651 1410 1744 1478 Deus,
1760 1411 1805 1468 ad·

102 1505 179 1565 runt,
195 1495 319 1552 subaudi
337 1494 450 1551 diversa
460 1495 561 1550 mundi
577 1495 649 1564 loca,
661 1498 691 1552 in
703 1499 818 1564 melotis,
830 1497 859 1553 id
871 1502 926 1566 est,
977 1497 1049 1568 juva
1073 1513 1120 1553 me
1136 1497 1221 1570 (Psoi.
1243 1501 1327 1565 xxix).
1343 1520 1357 1547 »
1367 1497 1579 1572 Angustiamur
1592 1516 1715 1573 quoque
1739 1516 1805 1573 quo·

103 1585 212 1643 vilibus
231 1589 260 1641 at
283 1584 395 1656 asperis
410 1584 518 1641 tunicis
543 1586 621 1641 tecti.
633 1586 684 1641 Vel
709 1589 786 1659 quod
812 1587 882 1644 dicit
896 1588 927 1642 in
982 1586 1136 1652 tidie‚cum
1149 1586 1477 1660 vidimusaliumlegem
1493 1588 1524 1643 in
1540 1587 1684 1646 membris
1702 1588 1806 1646 nostris

104 1673 230 1744 melotis,
243 1673 362 1746 exponit
378 1674 507 1729 subdens
523 1675 553 1729 iu
568 1676 687 1746 pellibus
705 1678 836 1748 cuprinis.
854 1675 928 1733 Dicit
981 1678 1193 1747 repugnantem
1217 1673 1273 1748 legi
1297 1675 1405 1732 mentis
1427 1680 1542 1746 nostre,
1559 1681 1589 1733 et
1612 1677 1806 1751 captivantem

104 1764 182 1823 enim
198 1763 318 1838 quidam
335 1761 473 1818 melotam
488 1780 553 1820 esse
576 1764 665 1820 vestis
679 1781 782 1838 genus,
795 1768 877 1822 facte
895 1782 929 1821 ex
982 1778 1035 1819 nos
1051 1763 1080 1818 in
1102 1762 1164 1836 lege
1179 1764 1288 1836 peccati
1305 1764 1391 1837 (Rern.
1403 1768 1465 1833 vn),
1476 1768 1505 1821 et
1527 1764 1693 1824 clamamus
1719 1784 1807 1824 unus·

103 1854 230 1929 pellibus
252 1851 390 1925 caprinis,
403 1869 470 1924 qua,
487 1856 605 1925 propter
626 1855 813 1927 asperitatem
838 1855 926 1922 Elias,
982 1851 1807 1930 quisqaenostrumoumtlpostolo:«lntelixhomoiquis

102 1944 230 2001 loannes
241 1941 383 2015 Baptista,
394 1945 422 1996 et
437 1941 532 1996 adhuc
547 1941 638 2015 aliqui
651 1944 777 1999 eremite
793 1948 926 2000 utuntur.
983 1957 1028 1996 me
1039 1938 1175 1996 liberabit
1185 1941 1219 1997 de
1231 1958 1350 2014 corpore
1362 1941 1711 2014 hujust»(ttnt.).nmtoti
1722 1944 1806 2001 etiem

102 2033 213 2106 Semper
235 2038 350 2100 speres,
368 2029 493 2085 sabaudi
518 2031 699 2099 necessariis,
724 2035 876 2101 arrpustiati
898 2034 927 2088 in
982 2046 1086 2086 sunrus
1102 2031 1292 2102 propeccatis
1308 2031 1418 2087 nostris
1433 2032 1808 2106 frequenteretcorporeet

104 2122 213 2188 animo,
231 2121 330 2191 ustlieti
350 2118 471 2174 diversis
496 2118 746 2176 tribulationibus.
765 2121 877 2190 Quibus,
898 2122 927 2178 id
982 2117 1145 2187 montensi
1161 2118 1250 2174 etiam
1273 2136 1325 2192 pro
1345 2118 1448 2177 alienis
1468 2123 1575 2188 mente,
1588 2120 1661 2176 dum
1677 2121 1807 2178 conside·

103 2215 148 2268 est
164 2226 288 2282 quorum
305 2208 524 2263 conuersatione
539 2225 594 2264 non
612 2218 671 2265 erat
684 2210 802 2267 urendus
816 2211 927 2283 dignas,
983 2211 1080 2263 rantes
1096 2206 1227 2263 infinitos
1241 2206 1346 2263 divine
1365 2207 1437 2280 legis
1458 2212 1704 2281 transgressores,
1716 2210 1808 2268 uicere

103 2299 133 2356 id
148 2303 194 2354 est
208 2302 352 2353 amatores
368 2297 481 2352 muudi.
495 2299 527 2352 lu
541 2298 738 2355 solitudinibus
752 2309 882 2369 errantes,
899 2304 929 2357 in
983 2313 1142 2368 possumus
1168 2295 1373 2370 unusquisque
1395 2314 1463 2353 eum
1480 2297 1627 2370 Propheta
1651 2300 1688 2355 ad
1712 2299 1806 2356 Domi·

104 2389 252 2456 malibus,
271 2388 299 2441 in
326 2386 472 2457 speluncis,
490 2388 519 2441 in
533 2389 657 2443 canentis
682 2396 780 2454 terren
796 2393 828 2444 ut
840 2389 927 2459 Elias,
983 2401 1094 2440 eumz«
1109 2385 1268 2441 Tabescere
1290 2402 1337 2441 me
1353 2385 1421 2443 tecit
1440 2385 1521 2444 zelus
1535 2402 1629 2456 meus,
1643 2387 1715 2461 quia
1729 2386 1806 2445 obliti

105 2481 134 2534 et
148 2475 199 2532 ulii
217 2474 436 2549 prophetarum,
450 2492 523 2547 quos
539 2476 646 2532 tbdias
658 2483 728 2534 tunc
743 2478 927 2552 quinquage-
983 2478 1052 2530 sunt
1067 2474 1155 2530 verba
1170 2477 1220 2530 tua
1236 2473 1348 2530 inimici
1359 2474 1508 2548 meill’sal.
1520 2478 1628 2546 cxvru).
1638 2496 1656 2530 s
1668 2477 1699 2533 ln
1712 2477 1808 2534 solitu·

107 2583 160 2624 nos
175 2564 262 2639 pavit.
280 2565 312 2619 In
332 2564 410 2620 Novo
430 2568 526 2620 autom
548 2566 736 2625 'testamento
758 2567 843 2623 multi
858 2566 929 2625 soli·
984 2562 1103 2619 dinibus
1119 2580 1235 2637 quoque
1260 2580 1404 2632 erramus,
1416 2563 1441 2620 si
1455 2565 1610 2621 mundane
1635 2566 1806 2639 perditionis

106 2653 174 2712 terii
189 2654 231 2710 sic
249 2652 394 2709 vixerunt.
408 2653 439 2708 lli
461 2669 573 2724 omnes,
586 2654 691 2712 tratres
711 2656 779 2723 mei,
791 2661 819 2713 ot
835 2674 887 2713 nos
904 2656 929 2713 si
984 2654 1167 2724 frequentata
1182 2657 1212 2709 et
1230 2651 1290 2708 lata
1312 2651 1418 2709 itinera
1439 2653 1595 2727 fugientes,
1613 2659 1644 2710 at
1668 2659 1805 2713 secrelmn

105 2761 171 2803 vere
179 2742 279 2800 fideles
290 2759 404 2809 sumus,
413 2743 542 2814 quotidie
556 2760 607 2816 pre
623 2744 741 2801 modulo
752 2750 852 2802 nostro
863 2763 928 2802 sus·
983 2741 1073 2797 uitam
1087 2742 1236 2810 ducentes,
1245 2741 1403 2798 mundanis
1418 2741 1589 2800 hominibus
1602 2758 1702 2801 errare
1717 2744 1805 2801 videa·

106 2835 246 2891 tinemns.
258 2832 286 2888 Si
302 2831 380 2888 enim
395 2847 461 2887 vere
477 2831 577 2889 fideles
597 2850 702 2889 sumus
717 2834 927 2904 distendimur3
984 2847 1050 2886 mur
1069 2830 1198 2887 dicentes
1213 2829 1418 2904 unusquisque
1441 2848 1508 2888 cum
1537 2831 1682 2905 Propheta
1697 2850 1722 2890 :e
1739 2833 1805 2890 Eece

105 2923 159 2981 etsi
175 2940 233 2980 non
248 2921 278 2977 in
293 2921 457 2988 tormentis,
469 2921 573 2977 saltem
584 2923 717 2994 J'eJuniis,
732 2923 882 2981 laboribus
898 2926 926 2981 in
983 2919 1114 2993 elongavi
1142 2917 1268 2992 tumens,
1297 2924 1325 2975 et
1354 2919 1450 2976 mansi
1478 2919 1506 2975 in
1533 2918 1695 2979 solitudine
1723 2921 1803 2992 (eut.

105 3012 250 3069 anteriora
262 3028 316 3067 nos
325 3011 524 3078 extendentes,
536 3028 593 3067 non
609 3012 802 3085 suscipientes
818 3013 928 3070 redom·
984 3010 1047 3083 arv),
1064 3032 1077 3058 »
1088 3009 1123 3065 od
1149 3012 1263 3064 montes
1286 3008 1428 3064 virtutum
1453 3007 1581 3082 quotidie
1603 3010 1802 3080 ascendentes,

104 3101 233 3175 ptionem
243 3098 402 3172 corporalis
412 3099 589 3167 afflictionis,
601 3105 634 3156 ut
644 3101 791 3159 meliorem
803 3101 929 3161 invenia-
982 3105 1011 3156 et
1026 3103 1123 3155 tamen
1138 3098 1169 3154 in
1185 3096 1333 3170 speluncis
1346 3114 1399 3154 nos
1414 3096 1608 3168 humiliando,
1620 3102 1650 3155 et
1665 3099 1696 3156 in
1711 3117 1802 3158 caver·

104 3207 172 3247 mus
187 3189 439 3247 resurrectionem.
455 3188 485 3244 Si
505 3206 570 3244 vero
595 3189 696 3248 fideles
721 3208 835 3263 sumus,
851 3192 928 3249 ludi·
943 3172 965 3240 G
981 3189 1028 3245 nis
1050 3187 1173 3262 gloriam
1198 3186 1358 3243 humanam
1382 3187 1521 3260 fugiendo
1544 3186 1756 3247 latitantes&
1773 3192 1802 3261 ii,

104 3279 168 3336 bria
177 3277 539 3352 experimuramundanis
555 3276 724 3335 hominibus
735 3285 869 3337 nostrum
880 3281 928 3338 bo·
981 3277 1087 3350 inquit,
1113 3278 1267 3333 testimonio
1291 3275 1365 3348 fidei.
1391 3275 1518 3333 subaudi
1541 3292 1679 3348 operum,
1702 3279 1803 3352 prohdi

104 3384 176 3425 num
192 3366 376 3440 propositum
398 3365 600 3434 irridentibus,
617 3370 645 3422 ot
660 3384 713 3423 nos
727 3367 772 3424 vel
795 3368 927 3442 insanos,
980 3374 1054 3422 suut.
1070 3366 1110 3421 Ac
1127 3365 1151 3420 si
1168 3363 1246 3420 dicat
1257 3381 1264 3418 τ
1276 3364 1452 3437 ilujusmodi
1474 3365 1644 3438 omnesqui
1668 3370 1751 3424 tanta
1764 3366 1802 3424 is·

102 3454 147 3513 uel
161 3453 394 3527 hypocritas,vel
414 3455 588 3525 impostores
609 3456 928 3516 vocantibusVerbera
981 3458 1084 3511 cerunt
1099 3458 1127 3510 et
1141 3453 1220 3526 passi
1240 3457 1319 3522 sunt,
1336 3451 1504 3510 testimonio
1528 3453 1662 3511 ildelinm
1687 3470 1801 3529 operum

103 3559 221 3616 quoque
235 3542 403 3614 frequenter
425 3542 564 3613 patimur,
577 3541 621 3598 vel
644 3544 681 3600 ab
707 3544 834 3614 homine,
851 3547 895 3603 vel
911 3565 928 3604 a
981 3543 1095 3617 probati
1111 3547 1181 3599 sunt
1196 3542 1273 3614 apud
1289 3542 1391 3598 Deum.
1409 3541 1519 3610 Quibus
1536 3559 1591 3599 nos
1610 3543 1750 3615 adjuvans
1762 3543 1801 3600 di·

102 3637 171 3702 Dao,
183 3636 324 3705 tanquam
340 3631 389 3703 pia
403 3634 495 3703 patre,
507 3648 560 3687 nos
574 3631 697 3705 flagellis
712 3634 872 3704 erudiente,
890 3636 926 3692 ad
981 3635 1087 3706 gnetur
1101 3635 1130 3688 et
1144 3630 1263 3705 premio
1276 3635 1304 3686 et
1313 3629 1428 3698 merito,
1441 3631 1534 3702 Pater,
1546 3634 1575 3688 et
1588 3629 1693 3701 Filius,
1707 3637 1736 3689 el
1746 3631 1801 3706 Spi-

103 3723 233 3778 nostram
253 3718 456 3792 purgationem
480 3718 524 3775 vel
554 3721 766 3792 probationem.
792 3723 927 3782 Carceres
982 3719 1055 3776 ritus
1070 3724 1202 3777 sancius
1213 3720 1315 3776 Amen·

104 3826 230 3883 quoque,
243 3808 267 3865 si
283 3806 383 3864 fideles
405 3809 657 3880 sumus,quotidie
678 3810 927 3883 experimunvin-
1359 3808 1430 3865 XVI.

102 3897 169 3956 cula
182 3897 293 3955 scilicet
306 3896 409 3953 divine
423 3895 496 3970 legis
512 3900 540 3953 et
553 3896 713 3965 charitatis,
728 3899 836 3971 quibus
850 3905 928 3959 tene-
1064 3914 1258 3954 enunruonuu
1279 3914 1451 3965 anacreon,
1471 3913 1566 3954 senno
1585 3914 1621 3955 os
1640 3916 1725 3959 auca.

102 4003 171 4043 mur
181 4004 217 4043 ne
233 3989 335 4042 contra
349 3985 399 4042 Ilei
415 3985 596 4042 volunlatem
612 3991 663 4042 aut
678 3986 802 4044 velimus
817 3994 868 4046 aut
881 3993 927 4046 ta·
1016 3991 1085 4045 Cam
1114 3987 1259 4043 audieritis
1284 3987 1385 4059 puelia
1413 3996 1438 4043 et
1465 3986 1621 4058 seditiones,
1637 3991 1726 4048 nolite
1752 3999 1801 4048 ter·

102 4077 226 4144 ciamus,
233 4076 318 4148 juxta
329 4075 405 4147 quod
421 4075 577 4148 Apostolus
588 4075 629 4131 ait
640 4093 666 4131 :a
677 4076 798 4133 Solliciti
813 4096 926 4136 servare
980 4079 1039 4133 reri
1051 4078 1127 4147 (Luc.
1143 4078 1211 4144 xxi),
1224 4078 1252 4131 et
1273 4075 1325 4132 rel.
1341 4075 1484 4143 Quoniam
1508 4075 1718 4135 tribulationes
1732 4083 1802 4136 etex

101 4165 244 4222 unitatem
260 4163 381 4237 spiritus
395 4164 424 4220 in
436 4163 553 4220 vinculo
568 4165 649 4237 pacis
660 4164 765 4238 (Epirus.
778 4167 846 4239 1v).»
858 4168 926 4225 Gar·
981 4165 1138 4238 improviso
1154 4165 1315 4234 venientes,
1329 4167 1475 4236 prostrare
1490 4162 1585 4220 solent
1601 4165 1693 4223 etiam
1709 4167 1803 4224 todin-

101 4252 926 4326 ceresquoquequotidiepetituranimanostra,etsinon
980 4272 1037 4323 res,
1054 4254 1117 4311 ideo
1141 4253 1284 4310 Dominus
1299 4258 1327 4309 et
1342 4254 1519 4326 Redemptor
1542 4258 1642 4311 noster
1666 4260 1803 4316 ventunu

101 4341 174 4400 alios
189 4341 292 4400 sellem
308 4341 460 4414 angustias
475 4344 503 4397 et
525 4342 675 4399 molestias
691 4345 830 4417 corporiS,
843 4347 924 4414 dum,
980 4342 1065 4416 longe
1080 4348 1146 4399 ante
1161 4342 1291 4415 predixit
1307 4341 1460 4414 discipulis
1476 4343 1539 4397 suis
1558 4342 1801 4415 perturbationes,

100 4431 251 4505 cupientes
262 4429 381 4485 dissolvi
395 4433 423 4485 et
436 4445 499 4485 esse
512 4430 705 4488 cumeristo
718 4432 802 4505 (Phil.
815 4433 925 4506 1),cum
980 4436 1013 4488 ut
1027 4437 1107 4487 tanto
1123 4431 1221 4487 minus
1236 4446 1285 4486 eos
1301 4431 1505 4503 perturbarent
1520 4434 1630 4503 quanto
1647 4433 1744 4508 magis
1757 4448 1801 4490 eos

101 4521 244 4593 Propheta
255 4519 455 4576 adDominum
467 4519 631 4576 clamamus
641 4537 666 4577 :a
676 4522 755 4578 Educ
765 4523 801 4578 de
811 4539 926 4584 carcere
941 4545 964 4610 p
980 4520 1079 4595 clypeo
1093 4519 1279 4593 prescientiae
1295 4520 1402 4576 muniti
1417 4525 1524 4577 essent.
1538 4519 1636 4576 Primo
1652 4521 1802 4595 igitur,eis

100 4610 230 4666 animam
241 4608 692 4678 meam,uteontiteaturnomini
705 4613 923 4682 tuo(Ps.exm).»
979 4609 1112 4683 predixit
1134 4608 1337 4665 tribulationes
1361 4609 1555 4681 precedentes
1576 4612 1606 4664 et
1633 4608 1801 4685 significen-

99 4697 555 4770 Lapidamurquofrequenter,si
569 4696 669 4754 fideles
684 4716 799 4767 sumus,
812 4717 925 4756 amun·
980 4703 1024 4754 tes
1039 4699 1127 4754 finem
1143 4697 1298 4766 mundi,et
1313 4702 1477 4754 contraeas
1498 4696 1744 4757 consolationem.
1760 4701 1803 4757 Se·

98 4787 184 4842 danis
197 4786 376 4853 hominibus,
394 4785 498 4842 saltem
514 4784 662 4858 lapidibus
678 4789 923 4846 contumeliarum
979 4787 1074 4843 eundo
1093 4803 1171 4855 vero,
1187 4785 1320 4858 predixit
1342 4801 1392 4843 eos
1414 4786 1566 4854 tenendos,
1582 4790 1611 4841 et
1626 4787 1663 4843 ad
1688 4788 1802 4861 judicas

96 4874 511 4948 injuriarum,detractionum
536 4878 564 4930 st
583 4876 923 4935 accusationumsecta·
978 4876 1146 4942 trahendos,
1174 4879 1203 4930 et
1231 4878 1331 4931 contra
1357 4892 1406 4931 eos
1434 4872 1677 4932 consolationem.
1696 4878 1801 4946 Tertio,

13 5023 20 5038 ‚
97 4965 263 5021 muretiam
275 4966 311 5019 ab
323 4963 925 5039 hisomnibusdiversadenobisopinanti·
977 4965 1049 5022 dixit
1063 4981 1113 5021 eos
1141 4964 1177 5020 ab
1206 4962 1333 5020 inimicis
1359 4964 1544 5031 occidendos,
1560 4968 1589 5020 et
1617 4969 1724 5022 eontra
1752 4966 1801 5024 hoo

96 5052 153 5110 bus
165 5053 289 5124 aliisque
301 5052 466 5108 dicentibus
477 5071 502 5109 :n
513 5053 610 5109 honus
621 5058 665 5108 est
675 5055 923 5126 (loeu·.xri)‚·›aliis
977 5053 1215 5110 consolationem.
1232 5052 1328 5108 Primo
1353 5053 1451 5125 itaque
1475 5052 1680 5109 tribulationes
1697 5070 1801 5128 preca·

96 5141 263 5198 dicentibus
275 5156 299 5194 :«
312 5140 384 5206 Non,
395 5142 445 5196 sed
457 5141 570 5197 seducit
580 5141 683 5197 turbas
691 5143 811 5215 (tants
820 5145 923 5202 Tenta-
976 5144 1078 5199 dentes
1094 5146 1122 5198 ot
1146 5140 1345 5215 significantes
1360 5141 1449 5197 finem
1472 5140 1585 5209 mundi,
1602 5141 1646 5197 eis
1670 5143 1802 5215 predixit

96 5245 166 5287 mur
175 5243 291 5301 quoque
302 5245 319 5282 a
330 5228 446 5299 propria
458 5229 605 5296 carne,vel
617 5247 633 5285 a
643 5230 769 5300 diabolo,
780 5231 826 5288 vel
837 5250 853 5288 a
863 5233 923 5290 dia·
976 5248 1043 5290 cum
1059 5231 1212 5298 dixit,cune
1229 5230 1375 5287 audieritis
1387 5231 1491 5303 prelia
1505 5232 1532 5286 ei
1544 5230 1703 5287 seditiones.
1716 5232 1800 5289 Porro

95 5316 199 5374 bolicis
214 5314 383 5372 bominibus
399 5333 452 5372 nos
468 5318 606 5375 seducere
616 5318 780 5377 volentibus
797 5337 804 5376 :
821 5326 922 5379 contra
975 5320 1060 5388 bella,
1077 5320 1181 5375 tratres
1204 5318 1272 5387 mei,
1284 5319 1319 5374 ad
1345 5317 1443 5376 hostes
1467 5318 1625 5392 pertinent,
1641 5319 1800 5377 seditiones

96 5419 170 5477 ¹(putre
181 5421 255 5478 opus
265 5407 310 5460 est
321 5403 406 5460 nobis
418 5404 525 5461 auxilio
537 5406 634 5462 divino
646 5411 674 5463 et
686 5407 765 5464 lucta
774 5411 920 5481 quotidia-
974 5412 1010 5467 ad
1026 5409 1113 5465 cives.
1126 5407 1163 5463 Ut
1176 5423 1244 5480 ergo
1266 5423 1320 5464 nos
1335 5407 1445 5464 indicet
1468 5406 1594 5464 exterius
1618 5407 1800 5482 interiusque

95 5508 144 5552 na.
156 5494 189 5549 ln
200 5494 344 5553 occisione
355 5510 413 5567 quo
425 5494 515 5567 gladii
526 5495 679 5564 morimur,
689 5496 714 5552 si
730 5497 826 5571 gladio
839 5501 918 5557 verbi
973 5497 1146 5565 turbandos,
1158 5494 1291 5569 predixit
1305 5512 1359 5553 nos
1374 5495 1411 5552 ab
1433 5496 1568 5555 hostibus
1584 5498 1613 5552 et
1627 5513 1646 5553 a
1660 5497 1800 5556 nemora

93 5581 289 5689 peiusquead
299 5582 438 5667 interiora
446 5584 700 5662 penetrantianos
710 5585 791 5663 ipsos
800 5588 920 5650 mortiti-
973 5604 1036 5649 esse
1050 5601 1200 5664 passuros.
1213 5582 1295 5645 Sient
1308 5583 1387 5668 enim
1401 5584 1567 5670 humanum
1581 5600 1691 5664 cerpus
1706 5585 1740 5650 ia
1753 5600 1800 5651 st-
