3816 6006
147 262 204 331 ³87
399 267 452 332 All
475 266 730 333 concumbunt
751 263 917 330 APPEND.
940 263 980 326 ll.
995 299 1034 310 —
1049 261 1204 329 MONUM.
1228 266 1279 328 DE
1301 265 1425 329 BELLO
1448 267 1586 330 sacae.
1786 262 1848 327 588

147 401 225 458 lecit.
241 399 346 457 llahits
360 401 460 474 itaque
475 402 553 458 intra
567 402 644 460 beati
654 403 729 458 Petri
740 400 893 458 basilicam
903 415 969 456 con·
982 399 1010 466 Α
1025 397 1111 454 dum:
1127 398 1185 467 vix,
1202 397 1255 455 ahl
1272 399 1328 467 vix,
1344 399 1459 456 utinam
1484 399 1689 457 Boamundum
1713 399 1847 466 audiant,

149 489 242 560 ciana,
259 489 450 547 Boamuudus
464 490 506 548 sic
520 490 652 547 orditur:
1026 486 1077 559 qui
1093 487 1129 542 ad
1143 486 1237 544 exsilii
1252 487 1382 545 lahorem
1397 489 1531 558 vocandi,
1547 505 1626 545 nunc
1640 488 1755 562 placida
1769 504 1850 544 com·

188 601 203 630 a
219 581 324 653 Magna
338 595 413 652 opus
429 583 484 647 est,
501 597 517 637 c
533 595 676 652 proceres,
692 579 747 636 heo
760 578 974 651 intempestate
1026 576 1104 649 posti
1117 593 1187 650 pace
1202 576 1416 650 principantur.
1427 581 1610 651 Quapropter
1619 578 1655 633 de
1665 581 1767 634 catere
1773 578 1849 650 jam,

152 666 436 741 providentia,quem
451 668 476 724 si
490 667 677 742 negligimus,
695 666 836 740 perimus.
848 666 974 723 luvaluit
1027 682 1064 722 ne
1079 666 1245 738 cujuspiam
1258 663 1411 723 'temeritas
1426 665 1612 739 dispositioni
1630 668 1850 735 meaoccurrat,

153 760 255 814 contra
281 772 336 813 nos
351 755 510 830 gentilitas,
525 757 587 813 vies
602 757 686 812 nohis
701 756 890 813 circumcirca
904 756 974 812 obs·
1026 751 1069 810 ire
1083 753 1238 827 proposui:
1254 770 1312 810 uon
1329 760 1375 811 est
1390 754 1541 822 mutabile,
1555 758 1615 811 stat
1625 755 1727 823 tirum,
1739 754 1852 812 solven-

152 848 307 902 truxerunt
330 845 422 902 Graeci
447 848 477 902 et
499 847 602 902 Turci:
627 845 759 919 geminas
783 845 872 901 totius
895 845 975 901 orhie
1029 841 1100 898 dum
1114 846 1160 899 est
1174 847 1286 909 votum,
1302 842 1855 915 quodmealeeitlerrocompeditade·

152 932 394 1008 opulentissimas
403 934 641 1009 exasperavimus
649 937 822 1007 potestatee;
832 935 974 990 Constan-
1028 931 1115 986 votio.
1132 930 1326 987 absolverunt
1337 948 1384 988 me
1395 932 1472 988 heati
1484 932 1625 988 Leouardi
1637 932 1786 1006 suffragia,
1799 948 1854 1006 ege

153 1021 307 1096 tincpolim
321 1027 351 1079 et
365 1023 974 1096 Persida.Oriensuesperterramterritat,
1028 1024 1129 1077 votum
1152 1019 1290 1077 visitandi
1316 1037 1395 1093 eum,
1422 1024 1474 1077 aut
1496 1019 1675 1095 praemoriar,
1691 1026 1743 1077 aut
1756 1021 1854 1078 ahsol-

154 1111 290 1168 eccidens
303 1127 370 1168 voro
386 1115 415 1167 et
428 1115 507 1168 terra
522 1109 974 1179 etmarimamutaliacmittam,
1028 1126 1106 1167 vam.
1124 1132 1137 1158 »ι

107 1221 109 1229 ’
152 1199 323 1257 Arthasium
338 1199 484 1258 hactonus
499 1200 659 1256 Antiochia
674 1199 793 1274 clypeus
808 1200 873 1268 luit,
890 1200 976 1256 modo
1030 1213 1126 1271 cun,
1142 1246 1177 1257 ..
1192 1214 1367 1271 pomum,
1382 1216 1480 1272 reum
1494 1215 1628 1272 pampo
1644 1216 1854 1273 mmmm.

154 1304 242 1345 arcus
256 1286 393 1359 intendit,
410 1288 595 1346 modoinnos
603 1288 823 1362 acuitsagittas:
832 1305 885 1344 uos
891 1288 977 1361 pauci
1234 1287 1317 1342 citae
1331 1286 1464 1343 destituta
1479 1292 1647 1360 transfretat.

154 1393 270 1444 sumus,
286 1380 315 1432 et
329 1376 976 1450 tamensemperdepaucislimuspaucicres:
1066 1374 1242 1432 Conticitum
1258 1379 1303 1431 est
1318 1375 1353 1430 de
1368 1380 1482 1444 caetero,
1499 1373 1855 1449 nequeultraaqucquem

154 1465 238 1522 valde
252 1465 429 1523 imminutus
444 1470 489 1522 est
502 1481 644 1522 numerus
659 1471 767 1534 noster,
786 1465 836 1522 ubi
847 1469 979 1522 unusest
1029 1462 1175 1519 voluntati
1191 1463 1333 1537 principis
1348 1464 1508 1532 obviatum,
1525 1465 1795 1538 quoniamquidem
1808 1482 1856 1522 uc·

156 1554 285 1613 amissus
300 1569 399 1612 cemes
415 1554 592 1611 Edessauus.
606 1554 731 1611 Proinde
741 1553 868 1628 vigilata,
883 1554 978 1612 consi·
1032 1557 1096 1608 tum
1112 1556 1157 1609 est
1167 1551 1197 1608 in
1208 1552 1326 1626 populis
1336 1553 1534 1627 proverbium,
1547 1553 1593 1610 lex
1602 1554 1736 1627 sequitur
1746 1570 1856 1628 regena

156 1644 256 1701 derata
271 1641 384 1713 attenti,
396 1643 466 1715 qnid
476 1642 506 1698 in
516 1646 597 1699 tanto
609 1659 707 1699 rerum
718 1642 834 1700 cardius
845 1643 885 1700 sit
894 1658 981 1716 agen·
1032 1657 1090 1714 que
1106 1640 1167 1696 vult
1182 1657 1232 1697 rex
1246 1641 1353 1697 ducere
1368 1640 1473 1715 legem.
1485 1642 1685 1716 Paraturergo
1694 1643 1858 1717 navigium,

157 1733 248 1801 dum;
265 1747 318 1806 ego
333 1732 411 1804 quod
426 1732 521 1788 sentio
533 1730 660 1788 breviter
670 1748 824 1804 exponam.
837 1733 978 1805 Expeten·
1033 1729 1143 1786 habent
1158 1730 1285 1802 remiges
1298 1733 1414 1801 paratos
1423 1730 1504 1786 dena
1513 1729 1648 1798 biremes,
1658 1731 1858 1804 quihustrina

158 1822 202 1878 da
216 1825 288 1878 suut
300 1819 387 1878 nohis
400 1818 477 1876 vires
493 1820 700 1876 transmarinae
715 1821 755 1891 [ol
769 1821 978 1893 transalpina],
1034 1816 1179 1889 simplicis
1193 1816 1306 1891 remigii
1321 1817 1479 1875 sociantur.
1497 1835 1571 1891 quas
1600 1819 1686 1893 vulgo
1704 1819 1859 1878 -eaudalias

159 1909 319 1967 Galliarum
334 1907 435 1982 populi
450 1908 627 1974 concitandi,
644 1908 765 1965 audacis
779 1907 832 1966 illa
845 1915 898 1966 aut
926 1926 980 1967 nes
1034 1910 1148 1964 vocant.
1166 1907 1223 1963 lloc
1239 1907 1427 1963 boamundus
1437 1911 1592 1964 contentus
1604 1924 1737 1975 numero,
1747 1907 1778 1964 iu
1788 1925 1860 1965 eon·

158 1996 373 2066 liherahit,aut
387 1995 478 2053 nulla.
494 1995 617 2053 Utimini
632 2013 691 2065 me,
705 2013 762 2066 me,
779 1997 911 2069 inquam,
926 1998 981 2054 boo
1035 1997 1137 2066 spectu
1152 1994 1257 2051 classis
1271 1995 1396 2068 Pelasga
1412 1996 1593 2068 transfretat,
1601 1995 1861 2055 relictaldarchisi·

159 2087 189 2144 in
206 2086 323 2160 negotio
338 2085 490 2154 ministro3
507 2100 559 2159 ega
576 2103 627 2158 pro
643 2084 738 2142 salute
752 2091 848 2142 uestra
863 2103 920 2142 nou
936 2103 981 2143 re·
1034 2085 1078 2140 da
1093 2084 1256 2141 Antiochia.
1274 2086 1593 2157 deportanturaurum,
1605 2089 1770 2159 argentum,
1782 2103 1861 2160 gem

160 2173 628 2247 cneolahorem,gratissimusest
641 2173 715 2230 mihi
730 2191 813 2231 meus
827 2174 875 2231 ille
886 2175 979 2240 labor,
1037 2189 1102 2242 ma,
1118 2171 1224 2244 pallia;
1241 2173 1312 2229 urhs
1328 2173 1439 2245 ubsque
1454 2173 1554 2242 tutela,
1572 2175 1682 2247 absque
1694 2174 1859 2248 stipendiis,

161 2279 311 2338 perquem
325 2263 406 2319 vebis
422 2267 542 2335 paretur
555 2262 649 2335 quies.
666 2285 681 2313 a
1037 2259 1512 2335 absquestipendiariislancredo
1521 2262 1707 2336 relinquitur.
1718 2263 1861 2320 tlahmsae

197 2352 230 2410 ln
245 2352 292 2410 bis
306 2351 415 2410 desinit
426 2355 458 2408 ct
472 2352 573 2421 sedet;
587 2351 683 2426 surgit
698 2353 877 2423 Pancredue,
894 2359 923 2411 et
946 2355 982 2411 ab
1037 2367 1085 2406 me
1107 2349 1250 2407 veridicos
1274 2349 1395 2406 memini
1420 2350 1569 2420 relatores,
1595 2350 1645 2424 qui
1671 2368 1706 2408 ee
1737 2352 1861 2424 pecuda

162 2441 209 2499 his
224 2440 336 2516 incipit.
1037 2437 1121 2494 illum
1136 2437 1196 2494 viui
1212 2437 1391 2495 abstinuisse
1407 2439 1608 2511 predicarent,
1623 2455 1705 2512 aqua
1717 2438 1862 2513 simplicis

174 2575 176 2578 .
201 2552 218 2582 a
232 2530 395 2587 Prudenter
408 2533 497 2603 atque
511 2529 666 2587 manifeste
681 2531 985 2604 expositam,oproca·
1038 2527 1147 2583 haustu
1164 2530 1345 2584 contentum.
1362 2528 1497 2600 Dumque
1512 2527 1556 2585 vel
1572 2529 1687 2587 modico
1709 2529 1753 2585 uti
1778 2530 1861 2603 hyac

165 2618 424 2677 reclaudististem
431 2619 667 2688 ruburhestium,
678 2620 985 2692 quaminllrmatutem
1039 2619 1157 2689 prepter
1170 2615 1357 2672 stomachum
1372 2616 1479 2673 blande
1495 2620 1681 2674 moueretur:
1698 2617 1793 2675 Sinite
1802 2633 1861 2685 me,

165 2711 308 2776 nostram,
322 2708 465 2781 originem
481 2723 597 2780 quoque
612 2723 645 2764 ac
661 2707 761 2776 finem,
776 2724 881 2765 causas
896 2714 925 2766 at
939 2727 986 2767 ra-
1039 2704 1145 2774 siebut‚
1161 2720 1229 2759 cum
1244 2704 1461 2761 abstinentibus
1476 2705 1629 2775 aheiuere;
1646 2706 1735 2762 lixum
1751 2705 1801 2762 lixi
1827 2707 1865 2764 de

165 2797 306 2854 medium.
321 2795 456 2864 Pulchre,
470 2796 554 2862 hene,
570 2800 647 2853 recte
663 2812 752 2869 super
775 2795 823 2853 his
846 2798 986 2856 disseruit
1040 2792 1186 2869 genimine
1200 2794 1269 2850 ritis
1285 2793 1360 2850 nolle
1375 2794 1514 2866 accipere,
1527 2795 1617 2850 donec
1628 2795 1768 2852 omnihus
1778 2796 1862 2852 sulit·

110 2908 120 2929 ν
165 2884 986 2960 dominuspriucepsnosterBoamundus,necdediguatua
1040 2883 1116 2939 ciam
1130 2883 1216 2938 dare:
1233 2882 1311 2939 absit
1325 2898 1378 2955 ego
1394 2881 1515 2955 crepula
1530 2882 1690 2953 distendar,
1714 2882 1860 2941 commili-

163 2979 210 3032 est
224 2975 325 3032 morbo
339 2973 797 3046 medicinamquarereseellerre
804 2974 983 3034 ministrum.
1039 2976 1124 3029 tonos
1138 2971 1196 3028 mei
1212 2970 1309 3028 inedia
1324 2969 1520 3028 marcescant!

163 3063 283 3132 Verum,
298 3079 316 3120 o
330 3060 479 3136 proceresl
489 3078 701 3135 quorsumnam
710 3063 853 3120 istudtan
862 3065 892 3120 in
902 3066 986 3124 uehis
1404 3060 1496 3117 CLlV.

164 3169 223 3210 neu
238 3152 342 3226 estqui
351 3152 430 3209 mitti
438 3150 878 3226 possitlnisiisclongetur,qui
888 3155 986 3227 potius
1000 3135 1022 3204 C
1051 3187 1053 3189 -
1075 3148 1658 3223 Jamquesoleeferequadragiutainopia
1668 3150 1862 3225 pertingebat,

164 3238 250 3313 louge
259 3239 373 3314 positus
382 3237 987 3300 fueratacclsmundus.Circumdantecau·
1040 3256 1108 3295 cum
1121 3239 1207 3313 plene
1222 3255 1313 3295 cornu
1329 3239 1516 3313 copiaadest‚
1527 3255 1691 3312 eurumque
1702 3257 1760 3296 nou
1772 3241 1864 3298 medi-

163 3327 208 3387 las
219 3328 357 3402 luporum
369 3327 985 3402 agmine,prasentiapastorisopusestnan
1040 3344 1108 3383 cum
1124 3326 1188 3383 coeli
1204 3326 1320 3400 pluunt.
1337 3327 1459 3392 Quidam
1472 3327 1508 3383 de
1518 3327 1631 3385 civibus
1641 3328 1862 3400 penuriacuria

164 3417 298 3476 absentia
308 3414 987 3490 ;illepraseuspericuloseopponit‚canesiuci-
1040 3415 1151 3483 audita,
1166 3415 1369 3472 misericordia
1379 3422 1476 3473 motus
1486 3416 1668 3473 Tancredum
1679 3417 1750 3485 adit,
1761 3422 1863 3490 postu·

163 3510 216 3574 tat,
232 3505 383 3579 predones
396 3508 485 3573 arcet,
500 3520 619 3578 gregem
634 3503 740 3561 liberat
752 3505 889 3576 ;idem,si
897 3508 985 3578 absit,
1038 3503 1163 3577 lausque
1177 3505 1344 3561 mercedem
1359 3504 1460 3560 statim
1475 3504 1624 3577 impetrat,
1650 3510 1682 3562 ut
1706 3506 1861 3578 penuriam

164 3598 259 3652 cessat
272 3593 408 3664 latratus,
424 3592 569 3649 crudescit
579 3591 986 3670 rapinatipsequiescit,grex
1040 3592 1123 3661 levet,
1140 3610 1225 3666 opem
1240 3593 1323 3650 ferat.
1340 3615 1355 3645 a
1370 3594 1472 3661 Habet,
1489 3594 1594 3667 inquit,
1610 3595 1682 3651 urbs
1697 3595 1754 3651 iata
1767 3600 1864 3652 oente-

163 3682 333 3755 dissipetur.
348 3680 438 3737 Valde
452 3684 482 3736 et
495 3680 599 3738 merite
615 3681 778 3737 secordiam
790 3698 886 3740 meam
896 3683 987 3742 incre·
1040 3699 1093 3738 nos
1109 3681 1195 3750 cives,
1212 3681 1339 3756 singulis
1352 3699 1478 3754 quorum
1492 3683 1651 3756 marsupiis
1663 3682 1745 3740 facile
1755 3688 1801 3740 est
1811 3701 1864 3742 au-

162 3772 245 3847 pahit
264 3770 393 3840 auditor,
418 3769 468 3826 ubi
488 3768 622 3826 sonuerit
636 3770 850 3828 Boamumdum
866 3773 984 3842 abiisse,
1039 3786 1105 3827 reas
1119 3771 1267 3827 effundere
1281 3770 1427 3828 millenos.
1444 3770 1547 3845 Rogati
1562 3788 1620 3828 nan
1637 3773 1779 3830 tenebunt
1794 3790 1802 3842 ;
1819 3777 1863 3842 tu,

162 3860 309 3918 mansisse
323 3859 402 3915 domi
417 3858 608 3915 Tancredum.
625 3859 829 3917 decertassem
838 3861 984 3919 verhoillo
1039 3859 1167 3928 domiue,
1185 3875 1264 3933 roge,
1282 3876 1335 3934 ego
1349 3860 1470 3916 uomina
1484 3860 1656 3933 patefaciam
1673 3877 1864 3935 quarogea.»

161 3952 293 4007 tentatus
315 3963 402 4005 sum:
429 3947 547 4021 utquid
563 3947 655 4003 animi
670 3947 806 4019 habeam,
823 3949 924 4008 audito
938 3968 983 4021 ec,
1040 3947 1265 4021 Ohtemperatur
1277 3948 1408 4018 consilio,
1420 3949 1777 4019 nominanturscriheudi,
1790 3950 1865 4008 scri-

161 4037 357 4096 manifestem.
373 4035 473 4093 Palam
487 4040 532 4093 est
545 4034 681 4093 voluntas
698 4053 772 4105 mea,
788 4055 845 4094 nen
857 4039 984 4112 reprimo
1039 4038 1150 4093 buntur
1162 4036 1296 4105 vacandi,
1313 4042 1455 4095 vocantur
1470 4037 1603 4112 rogandi,
1620 4044 1760 4113 rogantur
1781 4039 1863 4098 intus

161 4129 345 4185 estuantem.
371 4126 430 4181 lloc
453 4139 505 4197 pre
529 4122 624 4180 salute
648 4125 800 4180 communi
821 4126 984 4198 periculum
1039 4125 1133 4181 missi.
1150 4130 1305 4182 incusatur
1320 4142 1427 4199 urgens
1442 4127 1612 4192 necessitas,
1627 4127 1658 4182 in
1672 4144 1731 4200 quo
1760 4127 1862 4201 petitio

163 4215 236 4273 mihi
248 4211 411 4288 expostulo,
427 4217 509 4269 tutus
525 4211 688 4285 aggredior,
705 4229 757 4286 pro
773 4230 894 4271 munere
920 4231 984 4273 sm·
1038 4219 1342 4287 presensexcusatur,
1355 4213 1439 4270 fulcit
1449 4220 1618 4272 excusatum
1630 4216 1782 4273 retributio
1791 4233 1862 4290 pro·

163 4303 291 4379 plector:
308 4305 400 4375 utque
413 4299 516 4375 petitia
535 4316 691 4358 assensum
715 4300 859 4375 impetret,
886 4320 984 4361 eoram
1038 4303 1141 4372 missa,
1157 4310 1263 4359 utnon
1278 4307 1339 4358 tam
1356 4303 1411 4359 suh
1427 4302 1544 4361 nomine
1558 4304 1629 4360 doni
1648 4321 1738 4378 quam
1763 4305 1862 4363 mutui

163 4393 222 4454 Deo
236 4388 573 4466 polliceursedalitetsm
588 4389 619 4445 iu
635 4389 786 4462 obsequio,
807 4390 983 4450 celeritatem
1037 4392 1097 4465 peti
1112 4392 1265 4448 videatur:
1282 4407 1334 4448 nec
1349 4391 1486 4448 reticetur
1500 4391 1597 4448 vicina
1611 4392 1770 4463 hostilitas,
1800 4411 1860 4452 nou

163 4485 194 4540 in
208 4481 323 4550 reditu;
340 4497 374 4536 ac
388 4496 425 4536 ne
439 4495 499 4552 qua
508 4479 581 4535 torte
591 4478 743 4551 ingenium
755 4495 852 4536 meum
864 4481 985 4555 crapula
1000 4498 1022 4562 D
1037 4478 1205 4552 repellenda
1228 4479 1285 4537 nisi
1311 4480 1416 4536 armati
1432 4482 1624 4549 occurrerint,
1640 4499 1694 4539 uec
1708 4483 1860 4540 occursuri

162 4572 270 4640 turbet,
285 4568 371 4626 latice
384 4571 550 4635 contentus,
565 4566 667 4623 vinum
682 4567 822 4637 nesciam,
838 4569 929 4626 donec
940 4586 984 4626 re·
1037 4569 1094 4625 nisi
1110 4585 1181 4625 curo
1196 4569 1393 4625 intercedente
1408 4569 1565 4642 provocati.
1581 4570 1859 4628 'lotconllueutihus

163 4661 268 4718 ducem
293 4674 340 4717 me
362 4656 516 4714 Antiochia
539 4654 674 4728 excipiat.
690 4655 821 4712 Subinde
835 4657 924 4714 etism
939 4659 984 4716 las
1036 4657 1175 4713 inunum
1189 4657 1297 4726 causis,
1313 4658 1434 4714 demum
1458 4657 1594 4727 efficitur,
1620 4663 1653 4714 ut
1673 4660 1860 4733 prescriptae

162 4748 236 4807 mihi
249 4752 311 4806 esto
326 4747 381 4804 suh
396 4745 500 4801 iisdem
515 4742 622 4816 tegulis
633 4742 793 4798 biduanam
804 4761 889 4818 agera
900 4745 982 4817 quie·
1037 4746 1859 4821 aureorumnumerusimpetretur;quibusreccptisldar

162 4843 237 4907 tem;
254 4842 320 4894 ante
333 4852 400 4891 vero
416 4833 506 4889 nelos.
523 4832 589 4888 ldae
604 4832 678 4888 meis
693 4830 718 4888 si
729 4832 881 4904 jusseritis
894 4850 984 4892 onera
1037 4834 1168 4890 chisidcs
1183 4834 1374 4904 confortatus,
1391 4833 1527 4891 militiam
1542 4835 1697 4905 confortet,
1709 4837 1859 4909 jacentem

162 4926 257 4984 libens
267 4919 403 4980 humeris
411 4922 560 4993 imponam
569 4936 576 4975 ε
585 4919 767 4994 gravioribus
775 4919 850 4977 ultro
860 4938 983 4979 oneran·
1036 4921 1168 4990 suscitat,
1181 4921 1325 4979 inermem
1335 4926 1440 5002 armat,
1452 4922 1569 4996 supplet
1579 4941 1735 4981 numerum
1747 4925 1797 4998 qui
1808 4943 1859 4982 ex·

163 5008 229 5086 dus,
246 5015 270 5070 si
285 5010 417 5087 graviora
432 5005 641 5081 imposueritis.
657 5009 764 5081 Ohjicit
779 5011 981 5068 boamundus·
1036 5011 1157 5076 ciderat,
1173 5027 1269 5083 neque
1284 5011 1376 5068 denec
1391 5011 1508 5068 deficiat
1518 5028 1636 5081 eureus,
1647 5019 1859 5088 cessatuugere

163 5104 270 5176 Magna
284 5116 330 5157 res
345 5103 389 5156 est
403 5099 439 5154 de
454 5112 513 5169 que
528 5097 634 5170 agitur,
649 5097 914 5170 magnevolumine
924 5104 983 5156 tra·
1037 5097 1204 5155 militarem.
1221 5098 1330 5156 Exinde
1344 5104 1490 5173 prostrata
1501 5117 1652 5174 resurgere
1662 5102 1859 5175 coepitllntio-

162 5185 278 5257 munds,
287 5186 592 5257 severavixcuiquam
602 5186 981 5259 personaimpenetrahilis.
1036 5187 1111 5256 chia,
1128 5191 1158 5243 et
1171 5188 1208 5244 de
1223 5188 1324 5245 territa
1339 5188 1399 5246 iore
1415 5188 1565 5247 terribilis.
1576 5190 1746 5246 Arthasium
1757 5191 1858 5248 statim

162 5276 307 5352 Propositi
331 5281 376 5332 est
399 5273 491 5331 nostri
515 5291 618 5348 graves
632 5275 725 5331 excire
741 5280 910 5347 potestates:
927 5276 982 5334 hoo
1036 5275 1215 5349 aggreditur,
1231 5294 1296 5349 que
1311 5294 1378 5333 cum
1393 5276 1460 5334 aliis
1476 5283 1599 5335 matrem
1612 5278 1780 5346 infestabat,
1795 5296 1859 5336 om·

162 5383 222 5425 nou
237 5365 332 5423 cuivis
345 5363 500 5421 homiuum
516 5363 669 5437 contingit,
685 5380 742 5418 nou
760 5368 856 5436 potest
882 5365 983 5438 gravia
1036 5365 1119 5421 nium
1143 5368 1203 5421 tam
1226 5366 1418 5423 acerbissima
1439 5383 1532 5439 quam
1556 5368 1689 5439 proxima
1703 5367 1856 5441 Syrorum.

162 5470 278 5514 movere
292 5452 348 5510 nisi
363 5452 471 5527 gravis,
487 5467 593 5526 magno
608 5467 682 5522 opus
696 5455 742 5506 est
753 5452 835 5521 llatu,
847 5456 879 5508 ut
888 5453 982 5526 possit
1034 5453 1115 5510 lianc
1130 5453 1221 5526 igitur
1235 5453 1360 5526 primam
1370 5455 1538 5512 'lancredus
1548 5456 1711 5515 circumdet
1721 5458 1758 5514 ad
1772 5458 1859 5530 cujus

161 5558 286 5629 quercus
301 5540 360 5604 alta
374 5540 523 5606 radicibus
537 5538 630 5604 evelli.
645 5538 708 5600 Neu
723 5539 843 5599 audient
856 5541 982 5602 Tacere·
1034 5541 1110 5604 ictus
1125 5543 1172 5600 rix
1183 5547 1263 5601 stant
1274 5546 1369 5603 turres
1378 5542 1525 5604 sillicibus
1535 5561 1685 5605 concussas
1696 5564 1703 5618 3
1715 5547 1795 5625 quod
1807 5564 1860 5611 eu·
