3816 6006
133 237 191 309 tat

862 237 1101 315 areanorum.

1779 245 1838 316 ¹6⁴

76 370 78 374 ’
125 372 190 434 tur,
201 385 265 442 qua
277 368 364 424 verbo
382 366 512 423 humano
527 365 657 425 enarrari
672 383 730 422 non
746 371 879 440 possunt.
897 366 950 434 Qui
964 367 994 437 Α
1008 369 1190 428 convenienti
1201 371 1474 445 DeoperVirgiucm
1484 373 1678 448 edito,utrum
1691 373 1840 451 ipseesset

132 467 164 515 ut
178 456 391 514 incarnationis
406 456 578 529 mysterium
591 456 627 512 ad
639 455 764 513 sulutem
775 456 955 512 credentium

126 545 267 621 aperiret,
284 550 497 618 consequenter
512 546 647 617 subjecit,
668 546 824 601 exinanivit
848 547 955 601 cerneti-

125 640 254 711 perimet
265 641 297 692 ut
307 635 513 692 exinanitionis
524 633 954 692 verbumcircaimmutabilem

129 725 267 783 deitatem
279 742 337 782 non
348 724 566 781 imminutionis
575 725 707 791 verbum,
717 727 768 781 scd
781 725 954 799 significeti-

128 832 197 872 vum
213 814 392 888 dignationis
406 813 797 886 adverteres,eircumspecte
813 815 953 883 subdidit,

126 907 246 977 fonnem
253 905 326 961 serui
334 902 611 976 accipiereUtraque
622 902 712 976 igitur
720 902 856 959 nativitas
865 903 955 960 admi·

128 991 955 1067 rabilisest.lnutraquelrurnanaeinventionisargumen-

126 1081 315 1140 tadeirciuut.
324 1081 422 1137 Prima
430 1080 508 1137 enim
517 1080 952 1154 propteruuitutemTrinitatis,

126 1170 297 1244 angelorum
312 1175 340 1226 et
355 1169 509 1225 hominum
520 1169 741 1243 supergreditur
755 1169 952 1254 intellectum3

126 1260 255 1321 secundo
269 1263 387 1331 propter
402 1257 553 1315 insolitum
569 1259 707 1315 nascendi
724 1260 845 1315 modum
860 1262 952 1318 totius

120 1348 332 1422 philosophice
352 1346 474 1404 rationis
495 1351 615 1404 evacuat
630 1348 861 1405 firmamentum.
878 1349 953 1406 Con·

123 1437 215 1503 stanti
230 1452 357 1509 namque
370 1437 580 1509 consequentia
594 1438 797 1509 proponebant
809 1455 816 1494 ε
829 1437 858 1495 Si
871 1455 953 1512 pepe·

122 1526 171 1595 nit,
183 1543 251 1583 cum
267 1525 328 1582 viro
353 1525 616 1581 concubit.Verum
632 1531 719 1583 natus
741 1531 785 1583 est
806 1544 879 1599 puer
892 1529 951 1584 lbr-

1010 459 1060 532 qui
1076 477 1110 515 ex
1124 460 1187 534 lege
1197 466 1225 518 et
1236 461 1386 534 prophetie
1402 461 1613 535 prenuntiatus
1624 463 1728 532 luerat,
1739 463 1839 538 singu-

1010 546 1080 603 laris
1095 550 1273 622 operationis
1288 549 1438 623 privilegio
1449 551 1615 619 declaravit,
1627 557 1656 609 et
1669 553 1751 627 prius
1762 554 1839 630 lega-

1009 635 1066 693 lem
1083 638 1336 695 circumcisionem
1352 656 1458 712 passus
1472 646 1528 708 est,
1541 645 1574 696 ut
1588 642 1779 714 precedentis
1794 649 1837 700 te-

1010 725 1148 783 stamenti
1159 726 1331 797 probaretur
1342 743 1400 784 non
1409 727 1641 795 destructor‚sed
1654 730 1839 798 actor,etho·

1009 814 1117 871 micida
1131 816 1251 872 iudeus
1271 815 1493 873 interficientem
1514 816 1640 874 litteram
1656 835 1836 892 persequens

1009 921 1060 977 per
1074 905 1260 968 observatum
1273 904 1400 963 exterius
1415 907 1451 962 ad
1466 905 1634 963 interiorem
1650 907 1739 964 vitam
1755 908 1835 975 salu·

1009 992 1100 1048 briter
1114 993 1288 1050 traheretur.
1299 996 1480 1069 Quapropter
1489 995 1632 1067 scriptum
1645 996 1788 1053 sustinuit
1803 1001 1836 1069 ut

1008 1080 1156 1138 exhiberet
1175 1082 1361 1150 sententiam,
1373 1082 1529 1157 complevit
1552 1083 1690 1151 litteram,
1709 1083 1834 1161 largitus

1007 1173 1051 1226 est
1065 1169 1213 1242 spiritum,
1222 1171 1343 1227 removit
1357 1172 1494 1245 figuram,
1503 1171 1617 1247 aperuit
1631 1172 1793 1243 veritatem,
1805 1178 1834 1241 et

1007 1255 1084 1312 sicut
1098 1257 1128 1312 iu
1143 1257 1300 1314 llcdiatore
1316 1258 1379 1314 dua
1399 1264 1510 1316 natura
1531 1260 1786 1328 convenerant,ita
1801 1261 1832 1320 in

1007 1344 1166 1405 liberandis
1181 1346 1350 1404 hominibus
1367 1352 1396 1403 et
1410 1347 1446 1404 de
1465 1349 1594 1405 tenebris
1613 1349 1649 1406 ad
1671 1348 1767 1407 lucem
1781 1368 1832 1407 ra-

1005 1433 1120 1506 piendis
1141 1436 1299 1508 quemdam
1326 1436 1458 1492 ordinem
1478 1437 1667 1506 conservavit,
1685 1438 1756 1494 dum
1784 1438 1831 1508 lex

1005 1522 1178 1596 completur,
1195 1528 1228 1579 ut
1256 1524 1407 1597 ingeratur
1433 1525 1537 1598 gratia,
1554 1526 1750 1583 restituuntur
1763 1527 1829 1584 vitae

122 1616 172 1686 tis,
189 1615 312 1690 angelus
336 1614 460 1683 consilii,
477 1614 670 1687 philosophus
692 1615 845 1684 castitatis,
858 1621 884 1672 et
901 1634 952 1690 per
1005 1612 1164 1682 mortui,ut
1177 1614 1310 1669 vivorum
1325 1613 1429 1669 anime
1444 1614 1632 1684 suscitentur,
1644 1621 1678 1671 ut
1692 1616 1830 1689 utrinque

122 1705 318 1770 venerandam
330 1704 365 1759 de
377 1707 519 1777 perpetua
528 1702 647 1776 Virgine
658 1704 839 1762 nativitatem
849 1706 950 1777 predi·
1004 1700 1185 1759 validissima
1198 1701 1369 1775 probatione
1383 1707 1530 1760 constaret
1544 1721 1579 1760 cx
1594 1704 1773 1775 subjectione
1787 1705 1829 1778 le-

122 1799 200 1852 eiam
215 1792 443 1867 propositionem
465 1792 599 1861 cassavit,
612 1809 679 1847 cum
692 1793 728 1849 de
747 1799 840 1850 matre
859 1800 946 1853 uatus
1000 1793 1046 1863 gis
1061 1809 1145 1847 verus
1160 1798 1188 1848 el
1198 1791 1406 1863 justushomo,
1417 1809 1451 1848 62⁴
1461 1791 1594 1848 doctriua
1612 1797 1642 1849 θῑ
1660 1793 1828 1867 operatione

118 1882 161 1945 sit
182 1900 246 1956 ques
264 1881 358 1939 virum
374 1898 432 1936 non
447 1881 590 1955 cognovit,
602 1886 630 1938 et
650 1882 714 1959 ideo
735 1880 816 1939 nulle
836 1883 947 1943 ratione
1001 1880 1185 1953 omnipotens
1196 1879 1345 1954 Sapientia
1359 1881 1446 1936 Deus.
1459 1881 1538 1936 Hanc
1555 1880 1719 1937 animarum
1735 1883 1826 1941 susci·

120 1989 190 2030 cum
203 1972 266 2029 viro
279 1969 449 2029 concubuit.
999 1970 1140 2029 tationem
1151 1971 1241 2026 trium
1257 1974 1438 2026 mortuorum
1453 1970 1625 2027 resurrectio
1636 1969 1775 2040 distincta
1789 1970 1825 2043 si·

436 2058 552 2116 CAPUT
571 2060 629 2116 XV.
999 2059 1128 2133 gnificat,
1144 2059 1284 2133 quoniam
1308 2076 1487 2132 quecunque
1517 2059 1615 2116 anima
1638 2064 1824 2134 peccatorum

155 2151 217 2217 Quo
232 2153 330 2212 autem
346 2152 485 2220 proventu
501 2165 607 2205 novum
630 2147 709 2205 istud
729 2166 817 2222 super
836 2153 944 2206 terram
999 2154 1093 2205 morte
1108 2149 1333 2216 damnatur,aut
1346 2148 1426 2204 intus
1443 2148 1538 2205 adbuc
1553 2153 1597 2204 est
1612 2165 1680 2205 cum
1696 2149 1824 2221 archisy-

120 2239 230 2305 l'actum
246 2237 293 2304 sit,
308 2238 462 2295 redeamus
478 2239 514 2294 ad
536 2238 712 2310 magistrum
734 2239 878 2312 gentium,
895 2240 944 2312 qui
999 2237 1103 2311 nagogi
1115 2237 1186 2306 filia,
1199 2242 1231 2293 ut
1242 2242 1382 2310 tanquam
1393 2237 1525 2293 etvicino
1542 2235 1627 2293 morti
1641 2237 1821 2312 traditavite

119 2328 210 2401 hujus
223 2327 327 2383 natalis
337 2327 473 2382 ellectum
484 2328 641 2384 ostendens
654 2345 661 2383 :
675 2330 824 2400 Apparuit,
836 2328 943 2400 inquit,
998 2325 1082 2383 facile
1091 2325 1589 2393 reducatur,autcouscientirebone
1598 2331 1821 2401 portasegrcssa

117 2420 209 2488 pratia
223 2416 372 2473 Salinatoris
386 2417 475 2488 nostri
491 2417 542 2474 Dei
555 2417 680 2473 omnibus
700 2417 867 2483 bominibus,
884 2434 944 2474 era-
996 2415 1091 2472 turbis
1102 2415 1362 2473 circumstantibus
1378 2416 1741 2488 mortuadeportutur‚aut
1755 2416 1820 2472 diu·

116 2506 194 2565 diens
208 2522 267 2573 aas,
282 2512 313 2563 at
329 2505 493 2575 obrepentes
517 2508 681 2577 impietatem
695 2514 720 2562 et
734 2506 882 2563 secularia
896 2506 943 2562 dc·
996 2504 1120 2562 turniori
1135 2511 1228 2560 morte
1244 2506 1308 2578 jam
1324 2504 1413 2560 letida
1428 2503 1529 2560 clausa
1547 2504 1602 2561 sub
1624 2503 1822 2561 indurationis

113 2595 229 2664 siderio,
239 2596 329 2650 sobrie
342 2603 368 2649 ct
377 2595 451 2665 iuste
465 2596 589 2650 vicomes
607 2596 636 2650 ia
652 2596 701 2650 toa
720 2595 831 2659 secato,
847 2611 941 2667 caepe·

112 2692 215 2741 ctoaaes
230 2683 332 2740 beatem
359 2699 433 2755 spem
446 2691 472 2738 et
486 2682 631 2740 educatam
644 2684 740 2752 ptorie
767 2686 862 2755 aaaprai
878 2686 939 2740 Dei.

111 2772 216 2845 ltaque
230 2772 384 2831 erudimur
394 2770 424 2828 in
440 2771 505 2826 novi
521 2770 650 2829 hominis
660 2775 737 2839 ortu,
750 2777 782 2826 ut
797 2772 943 2829 desideria

996 2592 1092 2665 lapide
1107 2598 1281 2659 coarctatur,
1298 2593 1353 2648 Sed
1373 2595 1526 2650 accedente
1546 2593 1744 2665 omnipotente
1760 2610 1821 2649 me·

996 2681 1060 2737 dico
1076 2699 1182 2738 manus
1197 2680 1298 2754 puelle
1316 2686 1441 2750 tenetur,
1457 2686 1485 2737 ct
1501 2682 1611 2754 surgit;
1628 2679 1821 2738 adolescentis

995 2771 1257 2845 loculustangitur,
1265 2776 1293 2828 et
1303 2775 1422 2828 vocatus
1433 2776 1568 2827 mortuus
1581 2768 1741 2840 reviviscit:
1750 2788 1821 2843 pra·

112 2861 296 2934 saeculique
311 2859 390 2916 salva
406 2859 514 2932 pietate
525 2859 617 2915 amari
631 2877 688 2916 non
704 2865 839 2933 possunt,
851 2861 940 2918 abne·
994 2861 1094 2918 missis
1108 2860 1315 2933 compatientis
1333 2859 1469 2932 lacrymis
1485 2859 1648 2932 tumulatus
1664 2857 1818 2928 clamatur,

112 2957 264 3032 gamunei
278 2950 354 3008 sicut
367 2950 466 3007 Patres
481 2949 575 3005 sancti
587 2948 693 3022 prioris
708 2947 808 3023 populi
823 2950 879 3006 sub
895 2951 941 3006 de·
994 2955 1022 3008 et
1037 2951 1148 3024 prodit;
1166 2948 1305 3021 nullaque
1319 2955 1364 3005 est
1385 2951 1481 3022 passio
1497 2949 1602 3005 anime
1624 2947 1740 3021 penitus
1755 2965 1818 3004 mo-

112 3039 221 3107 sidcrio
230 3039 318 3113 primi
333 3039 475 3095 adventus
486 3037 705 3107 anhelaverunt,
713 3037 755 3093 ita
766 3038 939 3110 nos,quibus
993 3039 1172 3111 mentisque
1181 3037 1325 3099 medentis
1334 3037 1493 3094 Salvatoris
1506 3043 1625 3110 superat
1636 3036 1818 3107 facultatem,

107 3128 172 3200 jttm
187 3129 293 3194 veritas
308 3129 343 3193 de
360 3133 437 3186 terra
452 3132 515 3183 orta
529 3127 647 3193 ost,eub
662 3127 877 3199 exspectatione
893 3144 936 3184 se·
952 3113 974 3181 C
991 3128 1060 3202 quia
1076 3129 1138 3202 ipse
1152 3131 1206 3195 est,
1216 3128 1265 3199 qai
1285 3128 1455 3199 propitiatur
1475 3126 1600 3182 omnibus
1624 3127 1817 3198 iniquitatibus

110 3217 201 3286 cundi
212 3217 648 3291 gemamue,patienterbeatam
661 3215 783 3289 gloriam
793 3217 938 3274 sustineu-
993 3220 1062 3284 tais,
1075 3219 1122 3292 qai
1136 3225 1217 3275 sonat
1232 3232 1322 3272 omncs
1346 3216 1521 3288 infirmitates
1546 3223 1618 3287 tuas,
1633 3216 1682 3287 poi
1706 3213 1817 3272 redimit

110 3310 166 3369 tes.
181 3308 255 3363 Ante
280 3307 438 3362 adventum
466 3305 566 3378 gratia
582 3304 746 3361 humanum
773 3323 866 3380 genus
882 3306 936 3362 soli

110 3395 231 3455 vanitati
245 3400 276 3450 et
289 3394 431 3467 superbie
446 3410 552 3450 vacans
568 3393 643 3453 male
658 3411 797 3450 securum
811 3395 935 3463 vivebat,

109 3487 214 3556 prator
228 3499 337 3556 paucos
352 3481 499 3540 israelitas
510 3482 617 3555 quibus
633 3483 736 3539 datum
752 3484 847 3539 luerat
860 3501 935 3556 prae-

108 3570 217 3635 sentire
232 3571 405 3644 mysterium
420 3571 501 3644 regui
517 3571 578 3627 liei.
589 3571 642 3627 Pro
657 3589 715 3644 qua
729 3589 795 3629 vero
811 3573 870 3628 lter
884 3571 936 3627 hu-

65 3650 72 3659 ’
108 3659 243 3729 militatis
258 3660 394 3733 apparuit
404 3676 510 3732 magna
521 3658 721 3734 sollicitudine
736 3662 936 3719 mansuetudi-

108 3765 177 3818 pem
191 3750 256 3821 ejus
271 3749 353 3822 sequi
367 3753 396 3805 et
409 3751 574 3805 castitatem
589 3748 725 3822 amplecti
737 3749 889 3821 jubemur,
901 3755 934 3806 ut

103 3837 214 3911 jugiter
223 3838 304 3895 cruci
314 3841 379 3911 ejus
394 3838 472 3895 at'trxi
488 3839 620 3894 membra
633 3843 809 3912 nostraque
821 3838 875 3894 sub
885 3854 932 3894 ve·

106 3927 160 3983 leri
171 3926 290 3983 homine
300 3926 495 3984 immunditia
507 3927 677 3993 servierunt,
686 3927 714 3982 in
725 3926 932 3984 sanctificatio·

102 4032 174 4096 pem
190 4015 354 4085 immobilia
363 4032 579 4085 conservemus,
591 4019 621 4073 et
630 4017 710 4072 omni
722 4016 865 4089 superbia
875 4016 931 4072 hu-

991 3310 1075 3364 etium
1089 3306 1122 3362 de
1145 3307 1257 3362 interita
1278 3307 1363 3361 citam
1381 3312 1467 3360 turim.
1478 3304 1514 3368 Ut
1528 3304 1607 3361 enim
1629 3302 1706 3374 velit,
1718 3302 1815 3377 propi·

990 3396 1078 3454 tiator
1088 3399 1145 3463 est,
1165 3399 1198 3450 ut
1212 3394 1316 3467 possit,
1329 3393 1487 3463 Dominus;
1499 3393 1550 3467 qui
1567 3393 1697 3467 potentia
1715 3391 1816 3449 suain

990 3483 1139 3543 suscitatis
1155 3482 1280 3540 mortuis
1296 3500 1368 3539 usus
1387 3489 1441 3539 est.
1454 3489 1486 3538 nt
1510 3483 1587 3554 qnod
1604 3481 1699 3538 cernis
1711 3481 1740 3537 in
1754 3484 1815 3541 toto

989 3573 1108 3631 bomine
1131 3573 1251 3640 luctum,
1264 3572 1294 3628 in
1317 3575 1398 3645 parte
1414 3588 1500 3644 posse
1516 3571 1577 3627 sieri
1594 3588 1651 3627 aon
1668 3572 1815 3644 desperes,

988 3663 1096 3719 idcirco
1112 3661 1141 3718 in
1158 3660 1259 3734 paucis
1270 3665 1302 3716 ut
1317 3666 1475 3733 antequam
1492 3659 1647 3717 tumuleris
1659 3658 1813 3731 acceleres.

988 3752 1046 3808 Nec
1061 3753 1098 3807 de
1112 3749 1286 3823 indignitate
1295 3748 1340 3805 vel
1357 3749 1527 3805 infirmitate
1538 3767 1593 3805 sua
1603 3751 1714 3805 metuat
1724 3748 1815 3804 miser

987 3839 1159 3913 bom0,quia
1173 3838 1273 3912 nullus
1284 3839 1425 3894 accedens
1442 3836 1581 3910 indignus
1592 3836 1689 3894 sonori
1698 3837 1814 3894 videtur

987 3930 1056 3999 Deo,
1073 3929 1133 4002 qni,
1151 3932 1184 3984 ut
1198 3945 1300 3984 omnes
1316 3944 1467 3984 accessum
1487 3927 1615 3990 habeant
1640 3927 1676 3982 ad
1701 3926 1810 3998 ipsum,

986 4016 1125 4090 dignatus
1139 4019 1184 4079 est
1198 4014 1260 4070 sieri
1290 4031 1401 4087 pauper
1416 4013 1513 4070 honio.
1530 4018 1595 4070 Hac
1619 4018 1663 4071 est
1676 4013 1812 4070 voluntas

105 4103 276 4163 miliatioais
292 4105 338 4161 Dei
362 4105 481 4178 signum
496 4109 638 4177 tanquam
653 4104 791 4161 vexillum
806 4105 932 4164 victoria
987 4103 1162 4173 Patris,baec
1189 4107 1234 4161 est
1262 4103 1429 4178 obedientia
1455 4102 1572 4171 Filii,ut
1599 4103 1630 4158 in
1658 4106 1812 4176 assumpta

104 4194 352 4266 apponemus.llt,
364 4193 431 4250 licet
446 4193 611 4267 buicsigna
625 4193 751 4251 stultitia
765 4193 932 4267 gentilium,
986 4210 1073 4251 carne
1096 4191 1294 4250 humilitatem
1321 4209 1421 4249 veram
1450 4196 1479 4249 et
1506 4197 1708 4265 spontaneam,
1725 4191 1811 4264 qu'ua

103 4286 133 4355 et
145 4282 240 4338 ludaei
255 4282 379 4356 perfidia
391 4283 582 4350 contradicat,
591 4301 655 4356 que
666 4282 872 4340 inestimabilis
883 4285 934 4341 bo·
987 4280 1121 4355 specialis
1141 4283 1243 4338 doctor
1267 4282 1431 4350 advenerat,
1443 4282 1585 4350 edoceret,
1596 4286 1627 4348 et
1648 4281 1810 4356 superbum

103 4369 205 4443 pitatio
225 4370 277 4427 Dei
291 4370 394 4445 ignara
415 4371 522 4428 idcirco
543 4376 658 4430 tantmn
674 4371 791 4446 ingrata
806 4373 849 4439 tit,
861 4372 932 4445 quia
986 4372 1136 4431 hominem
1152 4371 1266 4429 ebrium
1277 4370 1361 4427 vanis
1372 4371 1487 4444 mundi,
1498 4376 1525 4427 et
1539 4369 1616 4427 inter
1629 4368 1810 4448 corruptelas

103 4457 929 4533 nimiepropterseiaotusesthumiliisDeus‚nostamen,
944 4483 968 4548 D
985 4459 1288 4534 concupiscentiarum
1317 4459 1479 4517 carnalium
1505 4459 1688 4532 delirantem,
1712 4459 1748 4534 ad
1778 4475 1811 4517 se

101 4547 233 4622 quicum
257 4548 392 4622 Apostolc
414 4549 552 4606 audimus
568 4549 639 4623 quid
654 4550 717 4622 ipse
746 4549 883 4621 loquatur
898 4549 928 4606 in
983 4551 1081 4624 ipsum
1097 4549 1258 4605 reduceret.
1270 4549 1329 4607 Hoc
1346 4549 1405 4623 egit
1419 4548 1556 4606 nativitas
1580 4550 1615 4604 de
1637 4564 1767 4623 paupera
1781 4552 1811 4609 ci

101 4637 392 4710 uobis,lignumvite
404 4638 740 4713 superbiaeopponimus,
751 4639 926 4710 respondeu-
979 4637 1084 4696 humili
1099 4637 1221 4710 virgine,
1235 4639 1289 4694 hoc
1314 4638 1432 4712 augusti
1458 4637 1596 4711 praesepis
1621 4636 1738 4710 positio,
1753 4637 1809 4694 boo

99 4725 258 4796 pertaeso
274 4744 342 4784 cum
358 4743 391 4783 eo
407 4726 496 4784 electo
511 4744 545 4783 ex
555 4727 665 4784 iudeis
681 4725 768 4782 Paulo
781 4743 787 4781 :
800 4727 925 4785 christae
980 4726 1212 4785 circumcisionis
1227 4731 1256 4782 ct
1269 4727 1425 4784 oblationis
1440 4726 1542 4804 legalis
1562 4725 1743 4801 perfunctio,
1753 4725 1809 4783 boc

98 4815 186 4887 facete
200 4823 238 4873 est
252 4818 389 4888 arceatis
403 4817 530 4873 obediam
545 4832 630 4888 usqae
639 4815 674 4871 ad
684 4824 804 4872 mortens
813 4818 924 4883 Crueic;
979 4815 1125 4889 susceptio
1137 4815 1275 4887 baptismi
1287 4833 1303 4871 a
1315 4817 1506 4885 Praecursore,
1514 4820 1543 4872 ct
1551 4814 1671 4889 maligni
1683 4812 1808 4889 spiritus

99 4902 200 4976 gentili
214 4921 280 4961 vero
294 4905 330 4963 de
345 4904 425 4962 inani
441 4903 565 4961 scientia
578 4903 714 4976 glorianti
731 4922 738 4960 :
755 4904 836 4960 Ntttt
845 4905 924 4977 jadi-
978 4921 1163 4978 congressus,
1175 4910 1264 4977 atque
1275 4905 1384 4977 jejunii
1398 4904 1603 4972 sanctificatio,
1616 4908 1644 4962 ct
1659 4907 1807 4977 postremo

97 5007 193 5049 comitr
206 5008 255 5048 rios
269 4994 340 5050 seire
353 4994 426 5049 inter
441 5009 497 5057 voe,
512 4993 570 5049 nisi
587 4995 692 5059 lesam,
708 5000 734 5050 et
747 4993 820 5049 banc
834 4997 922 5052 eruei·
978 4994 1078 5051 electio
1094 4991 1391 5067 discipulorumque
1406 4993 1447 5056 ita
1462 4993 1523 5050 solo
1537 4996 1670 5067 respectu
1686 4991 1807 5049 humili-

96 5080 334 5154 mammonam
352 5089 460 5154 prepter
480 5082 530 5136 aar
553 5082 686 5138 metavit
708 5082 790 5138 iliam
804 5084 885 5148 oeae,
899 5092 925 5142 et
977 5083 1093 5152 tatis,et
1106 5082 1259 5138 chari-tatis
1283 5083 1359 5140 lacta
1374 5087 1428 5150 est,
1441 5088 1473 5138 ut
1498 5081 1595 5140 omnis
1618 5079 1807 5155 superbiendi

96 5167 170 5239 dedit
184 5169 230 5225 itti
243 5185 342 5226 nomeu
356 5168 427 5243 pacit
445 5177 485 5224 ert
506 5185 587 5241 caper
611 5185 689 5226 omae
711 5188 819 5239 cameri,
836 5181 866 5227 at
893 5174 923 5229 ia
977 5173 1090 5231 occasio
1105 5173 1141 5228 de
1157 5171 1337 5246 discipulatu
1367 5189 1421 5229 suo
1449 5171 1568 5247 penitus
1592 5173 1804 5245 amputaretur,

95 5259 207 5315 madae
221 5260 308 5332 ipsius
323 5274 402 5316 omae
412 5273 483 5329 pena
496 5259 621 5328 flectatur
630 5279 640 5326 ,·
655 5259 831 5319 humilitatis
844 5261 922 5318 enim
977 5279 1044 5319 oum
1063 5260 1106 5318 illi
1128 5260 1273 5335 precipue
1288 5259 1372 5318 electi
1389 5259 1458 5330 sint,
1469 5259 1520 5334 qui
1536 5276 1721 5333 nequaquam
1736 5275 1806 5335 pos.-

95 5344 164 5405 tna
179 5346 316 5406 exaltatio
332 5349 387 5415 est,
399 5345 476 5404 sicut
490 5346 687 5420 superbientis
702 5365 799 5408 casus.
976 5355 1042 5418 sent
1057 5351 1092 5408 de
1107 5348 1300 5424 dignitatibus
1314 5348 1426 5420 relictis
1446 5349 1506 5407 sive
1521 5347 1631 5409 divitiis
1646 5347 1806 5422 aliquando

408 5434 524 5493 CAPUT
543 5435 615 5494 XVI.
976 5437 1105 5514 gloriari.
1117 5438 1150 5496 ln
1165 5456 1223 5512 quo
1246 5439 1334 5496 etiam
1350 5455 1458 5512 magna
1472 5436 1607 5512 eligentis
1623 5434 1807 5513 mandentia

125 5521 922 5606 ¹irretiantoargo,ttogeladacramalgentiumetrapdc
976 5531 1096 5591 cautum
1109 5530 1154 5589 eat
1168 5543 1204 5586 nc
1219 5527 1365 5588 consortio
1379 5527 1513 5615 ejusdem
1528 5525 1632 5617 gretip
1646 5523 1721 5586 alios
1735 5541 1804 5605 pro·
