<?xml version="1.0" encoding="UTF-8"?>
<!DOCTYPE html PUBLIC "-//W3C//DTD XHTML 1.0 Transitional//EN"
    "http://www.w3.org/TR/xhtml1/DTD/xhtml1-transitional.dtd">
<html xmlns="http://www.w3.org/1999/xhtml" xml:lang="en" lang="en">
 <head>
  <title>
</title>
<meta http-equiv="Content-Type" content="text/html;charset=utf-8" />
  <meta name='ocr-system' content='tesseract 3.04.00' />
  <meta name='ocr-capabilities' content='ocr_page ocr_carea ocr_par ocr_line ocrx_word'/>
</head>
<body>
  <div class='ocr_page' id='page_1' title='image "./patrologiaecurs93unkngoog/patrologiaecurs93unkngoog_0495.png"; bbox 0 0 3816 6006; ppageno 0'>
   <div class='ocr_carea' id='block_1_1' title="bbox 140 230 197 304">
    <p class='ocr_par' dir='ltr' id='par_1_1' title="bbox 140 230 197 304">
     <span class='ocr_line' id='line_1_1' title="bbox 140 230 197 304; baseline -0.035 0"><span class='ocrx_word' id='word_1_1' title='bbox 140 230 197 304; x_wconf 77' lang='grc'><strong>991</strong></span> 
     </span>
    </p>
   </div>
   <div class='ocr_carea' id='block_1_2' title="bbox 66 368 959 3038">
    <p class='ocr_par' dir='ltr' id='par_1_2' title="bbox 66 368 959 3038">
     <span class='ocr_line' id='line_1_2' title="bbox 140 368 819 444; baseline -0.007 -13"><span class='ocrx_word' id='word_1_2' title='bbox 140 371 256 431; x_wconf 85' lang='lat' dir='ltr'><strong>Castelli</strong></span> <span class='ocrx_word' id='word_1_3' title='bbox 272 370 409 440; x_wconf 89' lang='lat' dir='ltr'><strong>retinens,</strong></span> <span class='ocrx_word' id='word_1_4' title='bbox 426 369 575 444; x_wconf 90' lang='lat' dir='ltr'><strong>multoque</strong></span> <span class='ocrx_word' id='word_1_5' title='bbox 592 368 690 427; x_wconf 88' lang='lat' dir='ltr'><strong>labore</strong></span> <span class='ocrx_word' id='word_1_6' title='bbox 706 374 819 443; x_wconf 88' lang='lat' dir='ltr'><strong>reperta</strong></span> 
     </span>
     <span class='ocr_line' id='line_1_3' title="bbox 66 460 890 533; baseline -0.007 -13"><span class='ocrx_word' id='word_1_7' title='bbox 66 481 69 487; x_wconf 91' lang='lat'>·</span> <span class='ocrx_word' id='word_1_8' title='bbox 140 462 291 520; x_wconf 82' lang='lat' dir='ltr'><strong>Materiam</strong></span> <span class='ocrx_word' id='word_1_9' title='bbox 308 461 378 516; x_wconf 91' lang='lat' dir='ltr'><strong>dant</strong></span> <span class='ocrx_word' id='word_1_10' title='bbox 393 460 472 533; x_wconf 88' lang='lat' dir='ltr'><strong>ligna</strong></span> <span class='ocrx_word' id='word_1_11' title='bbox 488 460 588 525; x_wconf 86' lang='lat' dir='ltr'><strong>labris,</strong></span> <span class='ocrx_word' id='word_1_12' title='bbox 605 461 729 533; x_wconf 91' lang='lat' dir='ltr'><strong>urbique</strong></span> <span class='ocrx_word' id='word_1_13' title='bbox 744 460 890 515; x_wconf 90' lang='lat' dir='ltr'><strong>timorem.</strong></span> 
     </span>
     <span class='ocr_line' id='line_1_4' title="bbox 119 549 893 624; baseline -0.004 -16"><span class='ocrx_word' id='word_1_14' title='bbox 119 602 123 608; x_wconf 78' lang='grc'><strong>,</strong></span> <span class='ocrx_word' id='word_1_15' title='bbox 140 554 195 610; x_wconf 87' lang='grc' dir='ltr'><strong>Ρο1</strong></span> <span class='ocrx_word' id='word_1_16' title='bbox 209 567 325 624; x_wconf 91' lang='lat' dir='ltr'><strong>quoque</strong></span> <span class='ocrx_word' id='word_1_17' title='bbox 339 550 492 606; x_wconf 88' lang='lat' dir='ltr'><strong>castellum</strong></span> <span class='ocrx_word' id='word_1_18' title='bbox 508 550 671 623; x_wconf 79' lang='lat' dir='ltr'><strong>Raymundi</strong></span> <span class='ocrx_word' id='word_1_19' title='bbox 688 549 807 622; x_wconf 87' lang='lat' dir='ltr'><strong>provida</strong></span> <span class='ocrx_word' id='word_1_20' title='bbox 822 567 893 606; x_wconf 90' lang='lat' dir='ltr'><strong>cura</strong></span> 
     </span>
     <span class='ocr_line' id='line_1_5' title="bbox 139 640 790 714; baseline -0.003 -17"><span class='ocrx_word' id='word_1_21' title='bbox 139 641 241 714; x_wconf 80' lang='lat' dir='ltr'><strong>Erigit,</strong></span> <span class='ocrx_word' id='word_1_22' title='bbox 253 646 282 695; x_wconf 86' lang='lat' dir='ltr'><strong>et</strong></span> <span class='ocrx_word' id='word_1_23' title='bbox 296 643 398 695; x_wconf 90' lang='lat' dir='ltr'><strong>contra</strong></span> <span class='ocrx_word' id='word_1_24' title='bbox 412 645 507 695; x_wconf 88' lang='lat' dir='ltr'><strong>turres</strong></span> <span class='ocrx_word' id='word_1_25' title='bbox 523 640 627 695; x_wconf 91' lang='lat' dir='ltr'><strong>turrita</strong></span> <span class='ocrx_word' id='word_1_26' title='bbox 641 642 790 711; x_wconf 88' lang='lat' dir='ltr'><strong>parantur.</strong></span> 
     </span>
     <span class='ocr_line' id='line_1_6' title="bbox 139 727 834 802; baseline -0.003 -16"><span class='ocrx_word' id='word_1_27' title='bbox 139 732 318 802; x_wconf 84' lang='lat' dir='ltr'><strong>Exstupucre</strong></span> <span class='ocrx_word' id='word_1_28' title='bbox 334 746 422 785; x_wconf 84' lang='lat' dir='ltr'><strong>nevas</strong></span> <span class='ocrx_word' id='word_1_29' title='bbox 438 727 536 784; x_wconf 91' lang='lat' dir='ltr'><strong>miseri</strong></span> <span class='ocrx_word' id='word_1_30' title='bbox 552 745 727 801; x_wconf 78' lang='lat' dir='ltr'>consurgere</span> <span class='ocrx_word' id='word_1_31' title='bbox 742 728 834 784; x_wconf 88' lang='lat' dir='ltr'><strong>moles</strong></span> 
     </span>
     <span class='ocr_line' id='line_1_7' title="bbox 139 817 784 890; baseline -0.006 -14"><span class='ocrx_word' id='word_1_32' title='bbox 139 818 277 886; x_wconf 82' lang='lat' dir='ltr'><strong>Gentiles,</strong></span> <span class='ocrx_word' id='word_1_33' title='bbox 295 817 408 890; x_wconf 83' lang='lat' dir='ltr'><strong>ipsique</strong></span> <span class='ocrx_word' id='word_1_34' title='bbox 424 835 492 872; x_wconf 85' lang='lat' dir='ltr'><strong>sues</strong></span> <span class='ocrx_word' id='word_1_35' title='bbox 511 833 674 873; x_wconf 85' lang='lat' dir='ltr'><strong>accrescere</strong></span> <span class='ocrx_word' id='word_1_36' title='bbox 689 821 784 872; x_wconf 90' lang='lat' dir='ltr'><strong>turres</strong></span> 
     </span>
     <span class='ocr_line' id='line_1_8' title="bbox 138 904 836 974; baseline -0.004 -10"><span class='ocrx_word' id='word_1_37' title='bbox 138 909 227 964; x_wconf 88' lang='lat' dir='ltr'><strong>Nocte</strong></span> <span class='ocrx_word' id='word_1_38' title='bbox 242 907 422 974; x_wconf 72' lang='lat' dir='ltr'>laborabant,</span> <span class='ocrx_word' id='word_1_39' title='bbox 440 906 536 961; x_wconf 89' lang='lat' dir='ltr'><strong>studio</strong></span> <span class='ocrx_word' id='word_1_40' title='bbox 552 905 668 961; x_wconf 88' lang='lat' dir='ltr'><strong>lallente</strong></span> <span class='ocrx_word' id='word_1_41' title='bbox 684 904 812 961; x_wconf 90' lang='lat' dir='ltr'><strong>laborem</strong></span> <span class='ocrx_word' id='word_1_42' title='bbox 829 923 836 961; x_wconf 90' lang='lat'>:</span> 
     </span>
     <span class='ocr_line' id='line_1_9' title="bbox 138 994 818 1068; baseline -0.004 -14"><span class='ocrx_word' id='word_1_43' title='bbox 138 997 195 1054; x_wconf 88' lang='lat' dir='ltr'><strong>Nee</strong></span> <span class='ocrx_word' id='word_1_44' title='bbox 209 997 308 1052; x_wconf 90' lang='lat' dir='ltr'><strong>minus</strong></span> <span class='ocrx_word' id='word_1_45' title='bbox 324 994 451 1068; x_wconf 90' lang='lat' dir='ltr'><strong>ingentis</strong></span> <span class='ocrx_word' id='word_1_46' title='bbox 470 994 580 1050; x_wconf 77' lang='lat' dir='ltr'><strong>castelli</strong></span> <span class='ocrx_word' id='word_1_47' title='bbox 598 995 818 1067; x_wconf 87' lang='lat' dir='ltr'><strong>compositores,</strong></span> 
     </span>
     <span class='ocr_line' id='line_1_10' title="bbox 138 1084 836 1157; baseline -0.001 -16"><span class='ocrx_word' id='word_1_48' title='bbox 138 1088 215 1152; x_wconf 86' lang='lat' dir='ltr'><strong>Quos</strong></span> <span class='ocrx_word' id='word_1_49' title='bbox 231 1085 313 1141; x_wconf 87' lang='lat' dir='ltr'><strong>ducis</strong></span> <span class='ocrx_word' id='word_1_50' title='bbox 329 1085 451 1157; x_wconf 86' lang='lat' dir='ltr'><strong>urgebat</strong></span> <span class='ocrx_word' id='word_1_51' title='bbox 466 1084 629 1156; x_wconf 76' lang='lat' dir='ltr'><strong>prasentia,</strong></span> <span class='ocrx_word' id='word_1_52' title='bbox 647 1084 836 1140; x_wconf 75' lang='lat' dir='ltr'><strong>sollicitantes</strong></span> 
     </span>
     <span class='ocr_line' id='line_1_11' title="bbox 136 1173 916 1246; baseline -0.003 -15"><span class='ocrx_word' id='word_1_53' title='bbox 136 1176 315 1232; x_wconf 78' lang='lat' dir='ltr'><strong>Nocturnum</strong></span> <span class='ocrx_word' id='word_1_54' title='bbox 327 1174 456 1246; x_wconf 85' lang='lat' dir='ltr'><strong>requiem</strong></span> <span class='ocrx_word' id='word_1_55' title='bbox 468 1173 600 1246; x_wconf 77' lang='lat' dir='ltr'><strong>vigilant,</strong></span> <span class='ocrx_word' id='word_1_56' title='bbox 612 1173 765 1245; x_wconf 87' lang='lat' dir='ltr'><strong>variasque</strong></span> <span class='ocrx_word' id='word_1_57' title='bbox 776 1191 826 1245; x_wconf 90' lang='lat' dir='ltr'><strong>per</strong></span> <span class='ocrx_word' id='word_1_58' title='bbox 840 1179 916 1229; x_wconf 88' lang='lat' dir='ltr'><strong>artes</strong></span> 
     </span>
     <span class='ocr_line' id='line_1_12' title="bbox 136 1262 830 1337; baseline -0.004 -17"><span class='ocrx_word' id='word_1_59' title='bbox 136 1264 376 1337; x_wconf 87' lang='lat' dir='ltr'><strong>Intempestivum</strong></span> <span class='ocrx_word' id='word_1_60' title='bbox 394 1264 507 1319; x_wconf 87' lang='lat' dir='ltr'><strong>ducunt</strong></span> <span class='ocrx_word' id='word_1_61' title='bbox 523 1264 576 1318; x_wconf 86' lang='lat' dir='ltr'><strong>sub</strong></span> <span class='ocrx_word' id='word_1_62' title='bbox 593 1267 675 1318; x_wconf 91' lang='lat' dir='ltr'><strong>necte</strong></span> <span class='ocrx_word' id='word_1_63' title='bbox 691 1262 830 1318; x_wconf 83' lang='lat' dir='ltr'><strong>laborem.</strong></span> 
     </span>
     <span class='ocr_line' id='line_1_13' title="bbox 136 1351 859 1425; baseline -0.004 -15"><span class='ocrx_word' id='word_1_64' title='bbox 136 1354 197 1410; x_wconf 79' lang='lat' dir='ltr'><strong>Ner</strong></span> <span class='ocrx_word' id='word_1_65' title='bbox 212 1371 275 1425; x_wconf 75' lang='lat' dir='ltr'><strong>qur</strong></span> <span class='ocrx_word' id='word_1_66' title='bbox 293 1354 400 1408; x_wconf 62' lang='grc'><strong>1010111</strong></span> <span class='ocrx_word' id='word_1_67' title='bbox 418 1353 549 1425; x_wconf 86' lang='lat' dir='ltr'><strong>requiem</strong></span> <span class='ocrx_word' id='word_1_68' title='bbox 564 1357 713 1408; x_wconf 90' lang='lat' dir='ltr'><strong>transacta</strong></span> <span class='ocrx_word' id='word_1_69' title='bbox 728 1351 859 1424; x_wconf 85' lang='lat' dir='ltr'><strong>reliquit;</strong></span> 
     </span>
     <span class='ocr_line' id='line_1_14' title="bbox 136 1441 757 1514; baseline -0.008 -14"><span class='ocrx_word' id='word_1_70' title='bbox 136 1444 248 1500; x_wconf 82' lang='lat' dir='ltr'><strong>Lucida</strong></span> <span class='ocrx_word' id='word_1_71' title='bbox 260 1443 375 1499; x_wconf 87' lang='lat' dir='ltr'><strong>velabat</strong></span> <span class='ocrx_word' id='word_1_72' title='bbox 389 1444 544 1499; x_wconf 87' lang='lat' dir='ltr'><strong>tenebrosa</strong></span> <span class='ocrx_word' id='word_1_73' title='bbox 559 1442 656 1498; x_wconf 87' lang='lat' dir='ltr'><strong>sidera</strong></span> <span class='ocrx_word' id='word_1_74' title='bbox 671 1441 757 1514; x_wconf 81' lang='lat' dir='ltr'><strong>palla.</strong></span> 
     </span>
     <span class='ocr_line' id='line_1_15' title="bbox 116 1528 880 1605; baseline 0 -16"><span class='ocrx_word' id='word_1_75' title='bbox 116 1528 118 1532; x_wconf 72' lang='grc'><strong>’</strong></span> <span class='ocrx_word' id='word_1_76' title='bbox 171 1537 244 1589; x_wconf 87' lang='lat' dir='ltr'><strong>Cum</strong></span> <span class='ocrx_word' id='word_1_77' title='bbox 260 1534 344 1589; x_wconf 91' lang='lat' dir='ltr'><strong>ducis</strong></span> <span class='ocrx_word' id='word_1_78' title='bbox 359 1532 485 1588; x_wconf 80' lang='lat' dir='ltr'><strong>artifices</strong></span> <span class='ocrx_word' id='word_1_79' title='bbox 500 1532 536 1587; x_wconf 90' lang='lat' dir='ltr'><strong>ad</strong></span> <span class='ocrx_word' id='word_1_80' title='bbox 553 1549 653 1588; x_wconf 92' lang='lat' dir='ltr'><strong>mures</strong></span> <span class='ocrx_word' id='word_1_81' title='bbox 669 1530 880 1605; x_wconf 89' lang='lat' dir='ltr'><strong>applicuerunt.</strong></span> 
     </span>
     <span class='ocr_line' id='line_1_16' title="bbox 136 1621 798 1693; baseline -0.005 -13"><span class='ocrx_word' id='word_1_82' title='bbox 136 1623 251 1680; x_wconf 82' lang='lat' dir='ltr'><strong>Robora</strong></span> <span class='ocrx_word' id='word_1_83' title='bbox 265 1622 387 1693; x_wconf 90' lang='lat' dir='ltr'><strong>castelli,</strong></span> <span class='ocrx_word' id='word_1_84' title='bbox 401 1621 569 1677; x_wconf 87' lang='lat' dir='ltr'><strong>minitantia</strong></span> <span class='ocrx_word' id='word_1_85' title='bbox 585 1621 656 1677; x_wconf 89' lang='lat' dir='ltr'><strong>solis</strong></span> <span class='ocrx_word' id='word_1_86' title='bbox 671 1623 707 1677; x_wconf 91' lang='lat' dir='ltr'><strong>ab</strong></span> <span class='ocrx_word' id='word_1_87' title='bbox 723 1626 798 1690; x_wconf 87' lang='lat' dir='ltr'><strong>ortu,</strong></span> 
     </span>
     <span class='ocr_line' id='line_1_17' title="bbox 134 1709 853 1784; baseline -0.003 -15"><span class='ocrx_word' id='word_1_88' title='bbox 134 1712 207 1769; x_wconf 90' lang='lat' dir='ltr'><strong>Nam</strong></span> <span class='ocrx_word' id='word_1_89' title='bbox 222 1711 314 1768; x_wconf 89' lang='lat' dir='ltr'><strong>levius</strong></span> <span class='ocrx_word' id='word_1_90' title='bbox 329 1716 463 1784; x_wconf 91' lang='lat' dir='ltr'><strong>poterant</strong></span> <span class='ocrx_word' id='word_1_91' title='bbox 477 1709 639 1783; x_wconf 90' lang='lat' dir='ltr'><strong>irrumpere</strong></span> <span class='ocrx_word' id='word_1_92' title='bbox 653 1709 723 1767; x_wconf 85' lang='lat' dir='ltr'><strong>solis</strong></span> <span class='ocrx_word' id='word_1_93' title='bbox 737 1711 772 1766; x_wconf 89' lang='lat' dir='ltr'><strong>eb</strong></span> <span class='ocrx_word' id='word_1_94' title='bbox 788 1716 853 1767; x_wconf 91' lang='lat' dir='ltr'><strong>ertu</strong></span> 
     </span>
     <span class='ocr_line' id='line_1_18' title="bbox 136 1798 871 1874; baseline -0.001 -17"><span class='ocrx_word' id='word_1_95' title='bbox 136 1800 356 1874; x_wconf 89' lang='lat' dir='ltr'><strong>Multiplieando</strong></span> <span class='ocrx_word' id='word_1_96' title='bbox 372 1817 482 1873; x_wconf 88' lang='lat' dir='ltr'><strong>preces,</strong></span> <span class='ocrx_word' id='word_1_97' title='bbox 493 1798 649 1872; x_wconf 79' lang='lat' dir='ltr'><strong>lacrymas,</strong></span> <span class='ocrx_word' id='word_1_98' title='bbox 657 1799 781 1872; x_wconf 80' lang='lat' dir='ltr'><strong>jejunia,</strong></span> <span class='ocrx_word' id='word_1_99' title='bbox 795 1806 871 1870; x_wconf 87' lang='grc'><strong>1010,</strong></span> 
     </span>
     <span class='ocr_line' id='line_1_19' title="bbox 136 1889 792 1962; baseline -0.002 -16"><span class='ocrx_word' id='word_1_100' title='bbox 136 1891 218 1947; x_wconf 88' lang='lat' dir='ltr'><strong>Circa</strong></span> <span class='ocrx_word' id='word_1_101' title='bbox 232 1889 394 1946; x_wconf 77' lang='lat' dir='ltr'><strong>Jerusalem</strong></span> <span class='ocrx_word' id='word_1_102' title='bbox 412 1893 529 1962; x_wconf 88' lang='lat' dir='ltr'><strong>portant</strong></span> <span class='ocrx_word' id='word_1_103' title='bbox 544 1889 671 1962; x_wconf 88' lang='lat' dir='ltr'><strong>insignia</strong></span> <span class='ocrx_word' id='word_1_104' title='bbox 686 1889 792 1946; x_wconf 86' lang='lat' dir='ltr'><strong>Christi</strong></span> 
     </span>
     <span class='ocr_line' id='line_1_20' title="bbox 135 1977 824 2046; baseline 0 -10"><span class='ocrx_word' id='word_1_105' title='bbox 135 1978 323 2046; x_wconf 74' lang='lat' dir='ltr'><strong>Christicolae,</strong></span> <span class='ocrx_word' id='word_1_106' title='bbox 338 1977 451 2044; x_wconf 83' lang='lat' dir='ltr'><strong>vexilla,</strong></span> <span class='ocrx_word' id='word_1_107' title='bbox 467 1994 579 2044; x_wconf 90' lang='lat' dir='ltr'><strong>cruces,</strong></span> <span class='ocrx_word' id='word_1_108' title='bbox 597 1978 700 2034; x_wconf 89' lang='lat' dir='ltr'><strong>altaria</strong></span> <span class='ocrx_word' id='word_1_109' title='bbox 715 1984 824 2036; x_wconf 89' lang='grc'><strong>000010.</strong></span> 
     </span>
     <span class='ocr_line' id='line_1_21' title="bbox 135 2066 840 2140; baseline 0 -16"><span class='ocrx_word' id='word_1_110' title='bbox 135 2068 235 2124; x_wconf 88' lang='lat' dir='ltr'><strong>Dicere</strong></span> <span class='ocrx_word' id='word_1_111' title='bbox 249 2067 336 2140; x_wconf 87' lang='lat' dir='ltr'><strong>longa</strong></span> <span class='ocrx_word' id='word_1_112' title='bbox 351 2066 424 2122; x_wconf 93' lang='lat' dir='ltr'><strong>mihi</strong></span> <span class='ocrx_word' id='word_1_113' title='bbox 440 2083 521 2122; x_wconf 89' lang='lat' dir='ltr'><strong>mora</strong></span> <span class='ocrx_word' id='word_1_114' title='bbox 537 2067 624 2122; x_wconf 81' lang='lat' dir='ltr'><strong>linem</strong></span> <span class='ocrx_word' id='word_1_115' title='bbox 640 2067 840 2140; x_wconf 84' lang='lat' dir='ltr'><strong>prospicienti,</strong></span> 
     </span>
     <span class='ocr_line' id='line_1_22' title="bbox 135 2156 959 2233; baseline 0.005 -21"><span class='ocrx_word' id='word_1_116' title='bbox 135 2160 277 2230; x_wconf 84' lang='lat' dir='ltr'><strong>Quotque,</strong></span> <span class='ocrx_word' id='word_1_117' title='bbox 290 2157 431 2229; x_wconf 79' lang='lat' dir='ltr'><strong>quibusve</strong></span> <span class='ocrx_word' id='word_1_118' title='bbox 453 2156 549 2212; x_wconf 91' lang='lat' dir='ltr'><strong>modis</strong></span> <span class='ocrx_word' id='word_1_119' title='bbox 571 2156 655 2212; x_wconf 89' lang='lat' dir='ltr'><strong>breve</strong></span> <span class='ocrx_word' id='word_1_120' title='bbox 670 2161 786 2231; x_wconf 84' lang='lat' dir='ltr'><strong>tempus</strong></span> <span class='ocrx_word' id='word_1_121' title='bbox 809 2164 959 2233; x_wconf 89' lang='lat' dir='ltr'><strong>comparat</strong></span> 
     </span>
     <span class='ocr_line' id='line_1_23' title="bbox 806 2247 921 2322; baseline 0.009 -19"><span class='ocrx_word' id='word_1_122' title='bbox 806 2247 921 2322; x_wconf 67' lang='lat' dir='ltr'><strong>[hostis</strong></span> 
     </span>
     <span class='ocr_line' id='line_1_24' title="bbox 134 2336 885 2410; baseline 0 -16"><span class='ocrx_word' id='word_1_123' title='bbox 134 2337 225 2409; x_wconf 87' lang='lat' dir='ltr'><strong>Cujus</strong></span> <span class='ocrx_word' id='word_1_124' title='bbox 241 2343 331 2394; x_wconf 88' lang='lat' dir='ltr'><strong>Parca</strong></span> <span class='ocrx_word' id='word_1_125' title='bbox 345 2354 454 2394; x_wconf 88' lang='lat' dir='ltr'><strong>necans</strong></span> <span class='ocrx_word' id='word_1_126' title='bbox 464 2337 526 2409; x_wconf 89' lang='lat' dir='ltr'><strong>jam</strong></span> <span class='ocrx_word' id='word_1_127' title='bbox 544 2353 678 2410; x_wconf 85' lang='lat' dir='ltr'><strong>rumpere</strong></span> <span class='ocrx_word' id='word_1_128' title='bbox 691 2336 740 2392; x_wconf 81' lang='lat' dir='ltr'><strong>tila</strong></span> <span class='ocrx_word' id='word_1_129' title='bbox 755 2339 885 2410; x_wconf 84' lang='lat' dir='ltr'><strong>parabat.</strong></span> 
     </span>
     <span class='ocr_line' id='line_1_25' title="bbox 168 2424 896 2501; baseline 0.001 -18"><span class='ocrx_word' id='word_1_130' title='bbox 168 2428 292 2483; x_wconf 87' lang='lat' dir='ltr'><strong>Venerat</strong></span> <span class='ocrx_word' id='word_1_131' title='bbox 307 2425 357 2482; x_wconf 90' lang='lat' dir='ltr'><strong>illa</strong></span> <span class='ocrx_word' id='word_1_132' title='bbox 372 2426 434 2482; x_wconf 88' lang='lat' dir='ltr'><strong>dies</strong></span> <span class='ocrx_word' id='word_1_133' title='bbox 448 2443 506 2498; x_wconf 90' lang='lat' dir='ltr'><strong>qua</strong></span> <span class='ocrx_word' id='word_1_134' title='bbox 521 2424 696 2481; x_wconf 89' lang='lat' dir='ltr'><strong>mortificare</strong></span> <span class='ocrx_word' id='word_1_135' title='bbox 712 2426 896 2501; x_wconf 89' lang='lat' dir='ltr'><strong>magistrum.</strong></span> 
     </span>
     <span class='ocr_line' id='line_1_26' title="bbox 133 2515 838 2588; baseline -0.003 -14"><span class='ocrx_word' id='word_1_136' title='bbox 133 2522 210 2575; x_wconf 83' lang='lat' dir='ltr'><strong>Gens</strong></span> <span class='ocrx_word' id='word_1_137' title='bbox 224 2516 326 2573; x_wconf 77' lang='grc'><strong>10100</strong></span> <span class='ocrx_word' id='word_1_138' title='bbox 339 2516 441 2572; x_wconf 89' lang='lat' dir='ltr'><strong>Jesum</strong></span> <span class='ocrx_word' id='word_1_139' title='bbox 459 2515 581 2588; x_wconf 88' lang='lat' dir='ltr'><strong>cupiens</strong></span> <span class='ocrx_word' id='word_1_140' title='bbox 597 2532 627 2572; x_wconf 88' lang='lat' dir='ltr'><strong>se</strong></span> <span class='ocrx_word' id='word_1_141' title='bbox 643 2516 838 2572; x_wconf 87' lang='lat' dir='ltr'><strong>mortificavit.</strong></span> 
     </span>
     <span class='ocr_line' id='line_1_27' title="bbox 135 2604 859 2678; baseline -0.003 -14"><span class='ocrx_word' id='word_1_142' title='bbox 135 2608 192 2664; x_wconf 85' lang='grc'><strong>1100</strong></span> <span class='ocrx_word' id='word_1_143' title='bbox 208 2607 237 2662; x_wconf 93' lang='lat' dir='ltr'><strong>in</strong></span> <span class='ocrx_word' id='word_1_144' title='bbox 252 2606 317 2661; x_wconf 91' lang='lat' dir='ltr'><strong>luce</strong></span> <span class='ocrx_word' id='word_1_145' title='bbox 332 2607 421 2661; x_wconf 90' lang='lat' dir='ltr'><strong>duces</strong></span> <span class='ocrx_word' id='word_1_146' title='bbox 437 2606 472 2660; x_wconf 90' lang='lat' dir='ltr'><strong>ad</strong></span> <span class='ocrx_word' id='word_1_147' title='bbox 489 2621 590 2661; x_wconf 90' lang='lat' dir='ltr'><strong>mures</strong></span> <span class='ocrx_word' id='word_1_148' title='bbox 605 2604 724 2678; x_wconf 83' lang='lat' dir='ltr'><strong>agmina</strong></span> <span class='ocrx_word' id='word_1_149' title='bbox 738 2606 859 2674; x_wconf 90' lang='lat' dir='ltr'><strong>ducunt,</strong></span> 
     </span>
     <span class='ocr_line' id='line_1_28' title="bbox 134 2692 912 2754; baseline -0.003 0"><span class='ocrx_word' id='word_1_150' title='bbox 134 2696 222 2754; x_wconf 89' lang='lat' dir='ltr'><strong>Stans</strong></span> <span class='ocrx_word' id='word_1_151' title='bbox 235 2712 333 2752; x_wconf 90' lang='lat' dir='ltr'><strong>cemes</strong></span> <span class='ocrx_word' id='word_1_152' title='bbox 342 2692 517 2751; x_wconf 78' lang='lat' dir='ltr'><strong>Eustachius</strong></span> <span class='ocrx_word' id='word_1_153' title='bbox 532 2694 561 2750; x_wconf 92' lang='lat' dir='ltr'><strong>in</strong></span> <span class='ocrx_word' id='word_1_154' title='bbox 573 2699 667 2750; x_wconf 89' lang='lat' dir='ltr'><strong>castro</strong></span> <span class='ocrx_word' id='word_1_155' title='bbox 679 2712 745 2751; x_wconf 89' lang='lat' dir='ltr'><strong>cum</strong></span> <span class='ocrx_word' id='word_1_156' title='bbox 758 2696 912 2752; x_wconf 88' lang='lat' dir='ltr'><strong>Gedesrido</strong></span> 
     </span>
     <span class='ocr_line' id='line_1_29' title="bbox 133 2783 794 2859; baseline -0.005 -16"><span class='ocrx_word' id='word_1_157' title='bbox 133 2787 289 2859; x_wconf 84' lang='lat' dir='ltr'><strong>Susceptus</strong></span> <span class='ocrx_word' id='word_1_158' title='bbox 304 2785 381 2841; x_wconf 91' lang='lat' dir='ltr'><strong>ictus</strong></span> <span class='ocrx_word' id='word_1_159' title='bbox 397 2783 491 2840; x_wconf 85' lang='lat' dir='ltr'><strong>reddit</strong></span> <span class='ocrx_word' id='word_1_160' title='bbox 506 2801 573 2840; x_wconf 93' lang='lat' dir='ltr'><strong>cum</strong></span> <span class='ocrx_word' id='word_1_161' title='bbox 588 2784 696 2841; x_wconf 82' lang='lat' dir='ltr'><strong>imnere</strong></span> <span class='ocrx_word' id='word_1_162' title='bbox 712 2786 794 2842; x_wconf 87' lang='lat' dir='ltr'><strong>dure.</strong></span> 
     </span>
     <span class='ocr_line' id='line_1_30' title="bbox 132 2874 829 2941; baseline 0.001 -11"><span class='ocrx_word' id='word_1_163' title='bbox 132 2874 186 2931; x_wconf 93' lang='lat' dir='ltr'><strong>llia</strong></span> <span class='ocrx_word' id='word_1_164' title='bbox 200 2875 363 2930; x_wconf 80' lang='lat' dir='ltr'><strong>&#39;lurcorum</strong></span> <span class='ocrx_word' id='word_1_165' title='bbox 378 2875 594 2929; x_wconf 88' lang='lat' dir='ltr'><strong>transverberat</strong></span> <span class='ocrx_word' id='word_1_166' title='bbox 609 2892 626 2929; x_wconf 94' lang='lat' dir='ltr'><strong>a</strong></span> <span class='ocrx_word' id='word_1_167' title='bbox 640 2874 714 2930; x_wconf 91' lang='lat' dir='ltr'><strong>duee</strong></span> <span class='ocrx_word' id='word_1_168' title='bbox 729 2875 829 2941; x_wconf 88' lang='lat' dir='ltr'><strong>missa,</strong></span> 
     </span>
     <span class='ocr_line' id='line_1_31' title="bbox 131 2961 840 3038; baseline -0.003 -17"><span class='ocrx_word' id='word_1_169' title='bbox 131 2964 194 3022; x_wconf 90' lang='lat' dir='ltr'><strong>Non</strong></span> <span class='ocrx_word' id='word_1_170' title='bbox 210 2968 326 3020; x_wconf 88' lang='lat' dir='ltr'><strong>tantum</strong></span> <span class='ocrx_word' id='word_1_171' title='bbox 342 2966 479 3019; x_wconf 89' lang='lat' dir='ltr'><strong>contenta</strong></span> <span class='ocrx_word' id='word_1_172' title='bbox 494 2961 570 3018; x_wconf 90' lang='lat' dir='ltr'><strong>latus</strong></span> <span class='ocrx_word' id='word_1_173' title='bbox 585 2962 710 3019; x_wconf 88' lang='lat' dir='ltr'><strong>transire</strong></span> <span class='ocrx_word' id='word_1_174' title='bbox 726 2964 840 3038; x_wconf 88' lang='lat' dir='ltr'><strong>sagitta.</strong></span> 
     </span>
    </p>
   </div>
   <div class='ocr_carea' id='block_1_3' title="bbox 397 232 1591 341">
    <p class='ocr_par' dir='ltr' id='par_1_3' title="bbox 397 232 1591 341">
     <span class='ocr_line' id='line_1_32' title="bbox 397 232 1591 341; baseline 0.001 -42"><span class='ocrx_word' id='word_1_175' title='bbox 397 234 449 299; x_wconf 87' lang='lat' dir='ltr'><strong>AD</strong></span> <span class='ocrx_word' id='word_1_176' title='bbox 471 232 729 301; x_wconf 77' lang='lat' dir='ltr'><strong>chaeremon</strong></span> <span class='ocrx_word' id='word_1_177' title='bbox 752 234 920 299; x_wconf 83' lang='lat' dir='ltr'><strong>APPEND.</strong></span> <span class='ocrx_word' id='word_1_178' title='bbox 942 234 981 298; x_wconf 89' lang='lat' dir='ltr'><strong>ll.</strong></span> <span class='ocrx_word' id='word_1_179' title='bbox 997 270 1035 283; x_wconf 79' lang='grc'><strong>-</strong></span> <span class='ocrx_word' id='word_1_180' title='bbox 1050 235 1206 303; x_wconf 83' lang='lat' dir='ltr'><strong>MONUM.</strong></span> <span class='ocrx_word' id='word_1_181' title='bbox 1229 236 1280 300; x_wconf 77' lang='lat' dir='ltr'><strong>DE</strong></span> <span class='ocrx_word' id='word_1_182' title='bbox 1301 234 1428 301; x_wconf 77' lang='lat' dir='ltr'><strong>Buteo</strong></span> <span class='ocrx_word' id='word_1_183' title='bbox 1450 236 1591 341; x_wconf 69' lang='lat' dir='ltr'><strong>SAGRG.</strong></span> 
     </span>
    </p>
   </div>
   <div class='ocr_carea' id='block_1_4' title="bbox 1785 236 1847 301">
    <p class='ocr_par' dir='ltr' id='par_1_4' title="bbox 1785 236 1847 301">
     <span class='ocr_line' id='line_1_33' title="bbox 1785 236 1847 301; baseline -0.032 0"><span class='ocrx_word' id='word_1_184' title='bbox 1785 236 1847 301; x_wconf 74' lang='grc'><strong>991</strong></span> 
     </span>
    </p>
   </div>
   <div class='ocr_carea' id='block_1_5' title="bbox 943 370 1754 445">
    <p class='ocr_par' dir='ltr' id='par_1_5' title="bbox 943 370 1754 445">
     <span class='ocr_line' id='line_1_34' title="bbox 943 370 1754 445; baseline 0.001 -18"><span class='ocrx_word' id='word_1_185' title='bbox 943 396 946 401; x_wconf 32' lang='lat' dir='ltr'><strong>v</strong></span> <span class='ocrx_word' id='word_1_186' title='bbox 975 370 1135 439; x_wconf 71' lang='lat' dir='ltr'><strong>AAnulle</strong></span> <span class='ocrx_word' id='word_1_187' title='bbox 1152 373 1260 429; x_wconf 85' lang='lat' dir='ltr'><strong>serrum</strong></span> <span class='ocrx_word' id='word_1_188' title='bbox 1278 377 1438 441; x_wconf 87' lang='lat' dir='ltr'><strong>revocatur,</strong></span> <span class='ocrx_word' id='word_1_189' title='bbox 1455 374 1580 441; x_wconf 80' lang='lat' dir='ltr'><strong>Tereus,</strong></span> <span class='ocrx_word' id='word_1_190' title='bbox 1592 371 1754 445; x_wconf 89' lang='lat' dir='ltr'><strong>Arabsque,</strong></span> 
     </span>
    </p>
   </div>
   <div class='ocr_carea' id='block_1_6' title="bbox 1008 461 1846 2945">
    <p class='ocr_par' dir='ltr' id='par_1_6' title="bbox 1008 461 1846 2945">
     <span class='ocr_line' id='line_1_35' title="bbox 1017 461 1718 538; baseline 0.006 -22"><span class='ocrx_word' id='word_1_191' title='bbox 1017 461 1168 535; x_wconf 82' lang='lat' dir='ltr'><strong>Judaeique</strong></span> <span class='ocrx_word' id='word_1_192' title='bbox 1183 463 1304 531; x_wconf 87' lang='lat' dir='ltr'><strong>eadunt,</strong></span> <span class='ocrx_word' id='word_1_193' title='bbox 1320 462 1425 518; x_wconf 92' lang='lat' dir='ltr'><strong>herum</strong></span> <span class='ocrx_word' id='word_1_194' title='bbox 1441 462 1476 519; x_wconf 88' lang='lat' dir='ltr'><strong>da</strong></span> <span class='ocrx_word' id='word_1_195' title='bbox 1491 463 1593 519; x_wconf 88' lang='lat' dir='ltr'><strong>sunere</strong></span> <span class='ocrx_word' id='word_1_196' title='bbox 1609 480 1718 538; x_wconf 82' lang='lat' dir='ltr'><strong>pugna,</strong></span> 
     </span>
     <span class='ocr_line' id='line_1_36' title="bbox 1018 550 1810 625; baseline 0.011 -19"><span class='ocrx_word' id='word_1_197' title='bbox 1018 550 1183 624; x_wconf 90' lang='lat' dir='ltr'><strong>Sanguinea</strong></span> <span class='ocrx_word' id='word_1_198' title='bbox 1194 552 1278 623; x_wconf 86' lang='lat' dir='ltr'><strong>juvat</strong></span> <span class='ocrx_word' id='word_1_199' title='bbox 1292 552 1334 608; x_wconf 90' lang='lat' dir='ltr'><strong>irc</strong></span> <span class='ocrx_word' id='word_1_200' title='bbox 1349 569 1449 618; x_wconf 88' lang='lat' dir='ltr'><strong>manu,</strong></span> <span class='ocrx_word' id='word_1_201' title='bbox 1462 551 1651 625; x_wconf 79' lang='lat' dir='ltr'><strong>gladiumque</strong></span> <span class='ocrx_word' id='word_1_202' title='bbox 1667 554 1810 616; x_wconf 84' lang='lat' dir='ltr'><strong>nitentem</strong></span> 
     </span>
     <span class='ocr_line' id='line_1_37' title="bbox 1017 640 1846 714; baseline 0.013 -18"><span class='ocrx_word' id='word_1_203' title='bbox 1017 640 1101 696; x_wconf 84' lang='lat' dir='ltr'><strong>Ferre</strong></span> <span class='ocrx_word' id='word_1_204' title='bbox 1116 641 1216 712; x_wconf 87' lang='lat' dir='ltr'><strong>pudet,</strong></span> <span class='ocrx_word' id='word_1_205' title='bbox 1234 640 1283 713; x_wconf 93' lang='lat' dir='ltr'><strong>qui</strong></span> <span class='ocrx_word' id='word_1_206' title='bbox 1299 658 1357 696; x_wconf 92' lang='lat' dir='ltr'><strong>nen</strong></span> <span class='ocrx_word' id='word_1_207' title='bbox 1372 641 1496 698; x_wconf 87' lang='lat' dir='ltr'><strong>desudet</strong></span> <span class='ocrx_word' id='word_1_208' title='bbox 1517 642 1671 714; x_wconf 88' lang='lat' dir='ltr'><strong>sanguinis</strong></span> <span class='ocrx_word' id='word_1_209' title='bbox 1694 643 1846 706; x_wconf 88' lang='lat' dir='ltr'><strong>haustum.</strong></span> 
     </span>
     <span class='ocr_line' id='line_1_38' title="bbox 1017 728 1749 804; baseline 0.005 -19"><span class='ocrx_word' id='word_1_210' title='bbox 1017 728 1186 785; x_wconf 90' lang='lat' dir='ltr'><strong>Inconsulta</strong></span> <span class='ocrx_word' id='word_1_211' title='bbox 1201 729 1260 785; x_wconf 89' lang='lat' dir='ltr'><strong>ruit</strong></span> <span class='ocrx_word' id='word_1_212' title='bbox 1274 746 1346 803; x_wconf 88' lang='lat' dir='ltr'><strong>gens</strong></span> <span class='ocrx_word' id='word_1_213' title='bbox 1360 730 1396 785; x_wconf 90' lang='lat' dir='ltr'><strong>ad</strong></span> <span class='ocrx_word' id='word_1_214' title='bbox 1413 730 1556 804; x_wconf 89' lang='lat' dir='ltr'><strong>templum</strong></span> <span class='ocrx_word' id='word_1_215' title='bbox 1573 731 1749 802; x_wconf 90' lang='lat' dir='ltr'><strong>Salomonis,</strong></span> 
     </span>
     <span class='ocr_line' id='line_1_39' title="bbox 1016 818 1782 893; baseline 0.01 -21"><span class='ocrx_word' id='word_1_216' title='bbox 1016 820 1108 885; x_wconf 85' lang='lat' dir='ltr'><strong>Quam</strong></span> <span class='ocrx_word' id='word_1_217' title='bbox 1126 818 1229 875; x_wconf 90' lang='lat' dir='ltr'><strong>mertis</strong></span> <span class='ocrx_word' id='word_1_218' title='bbox 1243 820 1332 875; x_wconf 85' lang='lat' dir='ltr'><strong>timor</strong></span> <span class='ocrx_word' id='word_1_219' title='bbox 1346 819 1481 893; x_wconf 85' lang='lat' dir='ltr'><strong>exagitat,</strong></span> <span class='ocrx_word' id='word_1_220' title='bbox 1493 819 1571 877; x_wconf 87' lang='lat' dir='ltr'><strong>velut</strong></span> <span class='ocrx_word' id='word_1_221' title='bbox 1587 825 1665 877; x_wconf 86' lang='lat' dir='ltr'><strong>esset</strong></span> <span class='ocrx_word' id='word_1_222' title='bbox 1680 823 1716 879; x_wconf 87' lang='lat' dir='ltr'><strong>ab</strong></span> <span class='ocrx_word' id='word_1_223' title='bbox 1733 823 1782 881; x_wconf 92' lang='lat' dir='ltr'><strong>illo</strong></span> 
     </span>
     <span class='ocr_line' id='line_1_40' title="bbox 1017 906 1705 984; baseline 0.007 -22"><span class='ocrx_word' id='word_1_224' title='bbox 1017 906 1107 963; x_wconf 73' lang='grc'><strong>10100</strong></span> <span class='ocrx_word' id='word_1_225' title='bbox 1122 907 1219 962; x_wconf 89' lang='lat' dir='ltr'><strong>danda</strong></span> <span class='ocrx_word' id='word_1_226' title='bbox 1236 906 1327 975; x_wconf 89' lang='lat' dir='ltr'><strong>salus,</strong></span> <span class='ocrx_word' id='word_1_227' title='bbox 1339 908 1448 981; x_wconf 85' lang='lat' dir='ltr'><strong>talique</strong></span> <span class='ocrx_word' id='word_1_228' title='bbox 1463 912 1601 981; x_wconf 87' lang='lat' dir='ltr'><strong>tegantur</strong></span> <span class='ocrx_word' id='word_1_229' title='bbox 1615 910 1705 984; x_wconf 79' lang='lat' dir='ltr'><strong>asylo.</strong></span> 
     </span>
     <span class='ocr_line' id='line_1_41' title="bbox 1015 996 1792 1071; baseline 0.01 -20"><span class='ocrx_word' id='word_1_230' title='bbox 1015 996 1176 1069; x_wconf 81' lang='lat' dir='ltr'><strong>implerant</strong></span> <span class='ocrx_word' id='word_1_231' title='bbox 1191 996 1322 1069; x_wconf 86' lang='lat' dir='ltr'><strong>plerique</strong></span> <span class='ocrx_word' id='word_1_232' title='bbox 1338 998 1458 1053; x_wconf 91' lang='lat' dir='ltr'><strong>domum</strong></span> <span class='ocrx_word' id='word_1_233' title='bbox 1474 1015 1563 1071; x_wconf 91' lang='lat' dir='ltr'><strong>quam</strong></span> <span class='ocrx_word' id='word_1_234' title='bbox 1579 999 1718 1069; x_wconf 86' lang='lat' dir='ltr'><strong>diximus,</strong></span> <span class='ocrx_word' id='word_1_235' title='bbox 1732 1002 1792 1060; x_wconf 89' lang='lat' dir='ltr'><strong>illis</strong></span> 
     </span>
     <span class='ocr_line' id='line_1_42' title="bbox 1015 1085 1764 1164; baseline 0.012 -26"><span class='ocrx_word' id='word_1_236' title='bbox 1015 1086 1164 1141; x_wconf 89' lang='lat' dir='ltr'><strong>Victorum</strong></span> <span class='ocrx_word' id='word_1_237' title='bbox 1180 1102 1286 1141; x_wconf 91' lang='lat' dir='ltr'><strong>manus</strong></span> <span class='ocrx_word' id='word_1_238' title='bbox 1302 1085 1454 1154; x_wconf 88' lang='lat' dir='ltr'><strong>inchoans,</strong></span> <span class='ocrx_word' id='word_1_239' title='bbox 1472 1104 1524 1160; x_wconf 89' lang='lat' dir='ltr'><strong>per</strong></span> <span class='ocrx_word' id='word_1_240' title='bbox 1537 1087 1651 1145; x_wconf 91' lang='lat' dir='ltr'><strong>lubrica</strong></span> <span class='ocrx_word' id='word_1_241' title='bbox 1665 1094 1764 1164; x_wconf 83' lang='lat' dir='ltr'><strong>strage</strong></span> 
     </span>
     <span class='ocr_line' id='line_1_43' title="bbox 1016 1175 1831 1248; baseline 0.009 -18"><span class='ocrx_word' id='word_1_242' title='bbox 1016 1175 1161 1230; x_wconf 86' lang='lat' dir='ltr'><strong>Marmora</strong></span> <span class='ocrx_word' id='word_1_243' title='bbox 1177 1191 1208 1230; x_wconf 90' lang='lat' dir='ltr'><strong>sc</strong></span> <span class='ocrx_word' id='word_1_244' title='bbox 1222 1175 1328 1247; x_wconf 88' lang='lat' dir='ltr'><strong>rapuit,</strong></span> <span class='ocrx_word' id='word_1_245' title='bbox 1342 1192 1497 1231; x_wconf 89' lang='lat' dir='ltr'><strong>numerum</strong></span> <span class='ocrx_word' id='word_1_246' title='bbox 1511 1177 1577 1248; x_wconf 85' lang='lat' dir='ltr'><strong>quis</strong></span> <span class='ocrx_word' id='word_1_247' title='bbox 1588 1179 1662 1234; x_wconf 91' lang='lat' dir='ltr'><strong>scire</strong></span> <span class='ocrx_word' id='word_1_248' title='bbox 1673 1181 1831 1236; x_wconf 88' lang='lat' dir='ltr'><strong>cadentum</strong></span> 
     </span>
     <span class='ocr_line' id='line_1_44' title="bbox 1016 1262 1815 1340; baseline 0.01 -21"><span class='ocrx_word' id='word_1_249' title='bbox 1016 1263 1107 1319; x_wconf 88' lang='lat' dir='ltr'><strong>Miltia</strong></span> <span class='ocrx_word' id='word_1_250' title='bbox 1121 1262 1164 1318; x_wconf 88' lang='lat' dir='ltr'><strong>vel</strong></span> <span class='ocrx_word' id='word_1_251' title='bbox 1179 1262 1295 1319; x_wconf 74' lang='lat' dir='ltr'><strong>valeat?</strong></span> <span class='ocrx_word' id='word_1_252' title='bbox 1309 1264 1419 1336; x_wconf 90' lang='lat' dir='ltr'><strong>passim</strong></span> <span class='ocrx_word' id='word_1_253' title='bbox 1436 1282 1503 1320; x_wconf 90' lang='lat' dir='ltr'><strong>eum</strong></span> <span class='ocrx_word' id='word_1_254' title='bbox 1518 1266 1630 1322; x_wconf 80' lang='lat' dir='ltr'><strong>frustra</strong></span> <span class='ocrx_word' id='word_1_255' title='bbox 1644 1285 1696 1340; x_wconf 90' lang='lat' dir='ltr'><strong>per</strong></span> <span class='ocrx_word' id='word_1_256' title='bbox 1710 1285 1815 1328; x_wconf 91' lang='lat' dir='ltr'><strong>omnes</strong></span> 
     </span>
     <span class='ocr_line' id='line_1_45' title="bbox 1016 1352 1735 1428; baseline 0.007 -20"><span class='ocrx_word' id='word_1_257' title='bbox 1016 1352 1080 1408; x_wconf 89' lang='lat' dir='ltr'><strong>Sint</strong></span> <span class='ocrx_word' id='word_1_258' title='bbox 1095 1352 1227 1424; x_wconf 90' lang='lat' dir='ltr'><strong>dispersa</strong></span> <span class='ocrx_word' id='word_1_259' title='bbox 1243 1353 1362 1425; x_wconf 87' lang='lat' dir='ltr'><strong>gradus,</strong></span> <span class='ocrx_word' id='word_1_260' title='bbox 1379 1353 1464 1426; x_wconf 89' lang='lat' dir='ltr'><strong>lenge</strong></span> <span class='ocrx_word' id='word_1_261' title='bbox 1485 1353 1593 1410; x_wconf 80' lang='lat' dir='ltr'><strong>cervice</strong></span> <span class='ocrx_word' id='word_1_262' title='bbox 1610 1355 1735 1428; x_wconf 86' lang='lat' dir='ltr'><strong>revulsa,</strong></span> 
     </span>
     <span class='ocr_line' id='line_1_46' title="bbox 1016 1442 1722 1516; baseline 0.007 -20"><span class='ocrx_word' id='word_1_263' title='bbox 1016 1442 1090 1498; x_wconf 78' lang='lat' dir='ltr'><strong>ltere</strong></span> <span class='ocrx_word' id='word_1_264' title='bbox 1105 1445 1193 1514; x_wconf 86' lang='lat' dir='ltr'><strong>eaput</strong></span> <span class='ocrx_word' id='word_1_265' title='bbox 1209 1443 1292 1498; x_wconf 88' lang='lat' dir='ltr'><strong>niveo</strong></span> <span class='ocrx_word' id='word_1_266' title='bbox 1307 1442 1463 1498; x_wconf 92' lang='lat' dir='ltr'><strong>commista</strong></span> <span class='ocrx_word' id='word_1_267' title='bbox 1478 1448 1576 1516; x_wconf 88' lang='lat' dir='ltr'><strong>strage</strong></span> <span class='ocrx_word' id='word_1_268' title='bbox 1592 1446 1722 1502; x_wconf 88' lang='lat' dir='ltr'><strong>natabat.</strong></span> 
     </span>
     <span class='ocr_line' id='line_1_47' title="bbox 1016 1529 1680 1608; baseline 0.003 -22"><span class='ocrx_word' id='word_1_269' title='bbox 1016 1531 1166 1586; x_wconf 87' lang='lat' dir='ltr'><strong>Abscissas</strong></span> <span class='ocrx_word' id='word_1_270' title='bbox 1182 1529 1276 1586; x_wconf 88' lang='lat' dir='ltr'><strong>aliena</strong></span> <span class='ocrx_word' id='word_1_271' title='bbox 1290 1548 1396 1588; x_wconf 87' lang='lat' dir='ltr'><strong>manus</strong></span> <span class='ocrx_word' id='word_1_272' title='bbox 1411 1533 1446 1588; x_wconf 91' lang='lat' dir='ltr'><strong>ad</strong></span> <span class='ocrx_word' id='word_1_273' title='bbox 1463 1549 1585 1605; x_wconf 88' lang='lat' dir='ltr'><strong>corpora</strong></span> <span class='ocrx_word' id='word_1_274' title='bbox 1594 1535 1680 1608; x_wconf 91' lang='lat' dir='ltr'><strong>jungi</strong></span> 
     </span>
     <span class='ocr_line' id='line_1_48' title="bbox 1014 1619 1716 1694; baseline 0.006 -19"><span class='ocrx_word' id='word_1_275' title='bbox 1014 1620 1177 1692; x_wconf 89' lang='lat' dir='ltr'><strong>Aspiccres,</strong></span> <span class='ocrx_word' id='word_1_276' title='bbox 1193 1624 1314 1675; x_wconf 90' lang='lat' dir='ltr'><strong>trunces</strong></span> <span class='ocrx_word' id='word_1_277' title='bbox 1330 1619 1419 1677; x_wconf 86' lang='lat' dir='ltr'><strong>etiam</strong></span> <span class='ocrx_word' id='word_1_278' title='bbox 1435 1621 1497 1677; x_wconf 90' lang='lat' dir='ltr'><strong>sine</strong></span> <span class='ocrx_word' id='word_1_279' title='bbox 1513 1621 1622 1694; x_wconf 89' lang='lat' dir='ltr'><strong>poplite</strong></span> <span class='ocrx_word' id='word_1_280' title='bbox 1638 1623 1716 1689; x_wconf 86' lang='lat' dir='ltr'><strong>ferri,</strong></span> 
     </span>
     <span class='ocr_line' id='line_1_49' title="bbox 1015 1708 1786 1786; baseline 0.005 -20"><span class='ocrx_word' id='word_1_281' title='bbox 1015 1711 1181 1782; x_wconf 86' lang='lat' dir='ltr'><strong>Cunctaque</strong></span> <span class='ocrx_word' id='word_1_282' title='bbox 1197 1709 1329 1766; x_wconf 83' lang='lat' dir='ltr'><strong>membra</strong></span> <span class='ocrx_word' id='word_1_283' title='bbox 1344 1708 1408 1767; x_wconf 93' lang='lat' dir='ltr'><strong>leco</strong></span> <span class='ocrx_word' id='word_1_284' title='bbox 1422 1709 1466 1767; x_wconf 87' lang='lat' dir='ltr'><strong>vel</strong></span> <span class='ocrx_word' id='word_1_285' title='bbox 1483 1728 1557 1767; x_wconf 77' lang='lat' dir='ltr'><strong>cassa</strong></span> <span class='ocrx_word' id='word_1_286' title='bbox 1567 1727 1664 1768; x_wconf 87' lang='lat' dir='ltr'><strong>carere</strong></span> <span class='ocrx_word' id='word_1_287' title='bbox 1679 1712 1786 1786; x_wconf 89' lang='lat' dir='ltr'><strong>priore,</strong></span> 
     </span>
     <span class='ocr_line' id='line_1_50' title="bbox 1013 1798 1742 1874; baseline 0.005 -19"><span class='ocrx_word' id='word_1_288' title='bbox 1013 1798 1119 1855; x_wconf 88' lang='lat' dir='ltr'><strong>Saucia</strong></span> <span class='ocrx_word' id='word_1_289' title='bbox 1133 1798 1175 1854; x_wconf 90' lang='lat' dir='ltr'><strong>vel</strong></span> <span class='ocrx_word' id='word_1_290' title='bbox 1192 1815 1341 1855; x_wconf 91' lang='lat' dir='ltr'><strong>remanere</strong></span> <span class='ocrx_word' id='word_1_291' title='bbox 1358 1803 1593 1874; x_wconf 63' lang='lat' dir='ltr'><strong>audientesque</strong></span> <span class='ocrx_word' id='word_1_292' title='bbox 1608 1804 1742 1860; x_wconf 88' lang='lat' dir='ltr'><strong>cavernis</strong></span> 
     </span>
     <span class='ocr_line' id='line_1_51' title="bbox 1013 1886 1724 1964; baseline 0.006 -20"><span class='ocrx_word' id='word_1_293' title='bbox 1013 1886 1139 1960; x_wconf 83' lang='lat' dir='ltr'><strong>Sanguis</strong></span> <span class='ocrx_word' id='word_1_294' title='bbox 1154 1886 1259 1960; x_wconf 87' lang='lat' dir='ltr'><strong>plenus</strong></span> <span class='ocrx_word' id='word_1_295' title='bbox 1274 1888 1317 1957; x_wconf 91' lang='lat' dir='ltr'><strong>iit,</strong></span> <span class='ocrx_word' id='word_1_296' title='bbox 1336 1893 1369 1944; x_wconf 90' lang='lat' dir='ltr'><strong>ut</strong></span> <span class='ocrx_word' id='word_1_297' title='bbox 1384 1889 1492 1945; x_wconf 86' lang='lat' dir='ltr'><strong>flumen</strong></span> <span class='ocrx_word' id='word_1_298' title='bbox 1509 1891 1589 1946; x_wconf 90' lang='lat' dir='ltr'><strong>abire</strong></span> <span class='ocrx_word' id='word_1_299' title='bbox 1604 1896 1724 1964; x_wconf 89' lang='lat' dir='ltr'><strong>putares</strong></span> 
     </span>
     <span class='ocr_line' id='line_1_52' title="bbox 1013 1976 1841 2055; baseline 0.008 -23"><span class='ocrx_word' id='word_1_300' title='bbox 1013 1976 1045 2032; x_wconf 93' lang='lat' dir='ltr'><strong>ln</strong></span> <span class='ocrx_word' id='word_1_301' title='bbox 1061 1976 1192 2049; x_wconf 89' lang='lat' dir='ltr'><strong>planum,</strong></span> <span class='ocrx_word' id='word_1_302' title='bbox 1207 1976 1287 2032; x_wconf 87' lang='lat' dir='ltr'><strong>velut</strong></span> <span class='ocrx_word' id='word_1_303' title='bbox 1302 1994 1319 2033; x_wconf 94' lang='lat' dir='ltr'><strong>a</strong></span> <span class='ocrx_word' id='word_1_304' title='bbox 1333 1978 1459 2034; x_wconf 86' lang='lat' dir='ltr'><strong>summis</strong></span> <span class='ocrx_word' id='word_1_305' title='bbox 1480 1996 1546 2035; x_wconf 92' lang='lat' dir='ltr'><strong>curn</strong></span> <span class='ocrx_word' id='word_1_306' title='bbox 1570 1980 1721 2036; x_wconf 90' lang='lat' dir='ltr'><strong>mentibus</strong></span> <span class='ocrx_word' id='word_1_307' title='bbox 1735 1981 1841 2055; x_wconf 86' lang='lat' dir='ltr'><strong>ingens</strong></span> 
     </span>
     <span class='ocr_line' id='line_1_53' title="bbox 1012 2066 1840 2139; baseline 0.008 -17"><span class='ocrx_word' id='word_1_308' title='bbox 1012 2066 1128 2123; x_wconf 86' lang='lat' dir='ltr'><strong>Grande</strong></span> <span class='ocrx_word' id='word_1_309' title='bbox 1160 2067 1252 2135; x_wconf 85' lang='lat' dir='ltr'><strong>cudit,</strong></span> <span class='ocrx_word' id='word_1_310' title='bbox 1283 2066 1439 2139; x_wconf 83' lang='lat' dir='ltr'><strong>mistisque</strong></span> <span class='ocrx_word' id='word_1_311' title='bbox 1467 2067 1557 2124; x_wconf 92' lang='lat' dir='ltr'><strong>simul</strong></span> <span class='ocrx_word' id='word_1_312' title='bbox 1582 2073 1663 2125; x_wconf 88' lang='lat' dir='ltr'><strong>tonat</strong></span> <span class='ocrx_word' id='word_1_313' title='bbox 1693 2070 1840 2129; x_wconf 90' lang='lat' dir='ltr'><strong>imbribus</strong></span> 
     </span>
     <span class='ocr_line' id='line_1_54' title="bbox 1689 2161 1800 2229; baseline 0 -13"><span class='ocrx_word' id='word_1_314' title='bbox 1689 2161 1800 2229; x_wconf 78' lang='lat' dir='ltr'><strong>[ather.</strong></span> 
     </span>
     <span class='ocr_line' id='line_1_55' title="bbox 1011 2245 1758 2319; baseline 0.005 -17"><span class='ocrx_word' id='word_1_315' title='bbox 1011 2247 1091 2302; x_wconf 86' lang='lat' dir='ltr'><strong>Tunc</strong></span> <span class='ocrx_word' id='word_1_316' title='bbox 1107 2245 1227 2303; x_wconf 87' lang='lat' dir='ltr'><strong>collecta</strong></span> <span class='ocrx_word' id='word_1_317' title='bbox 1242 2250 1345 2318; x_wconf 87' lang='lat' dir='ltr'><strong>petunt</strong></span> <span class='ocrx_word' id='word_1_318' title='bbox 1361 2247 1505 2303; x_wconf 87' lang='lat' dir='ltr'><strong>demissas</strong></span> <span class='ocrx_word' id='word_1_319' title='bbox 1521 2248 1641 2303; x_wconf 91' lang='lat' dir='ltr'><strong>llumine</strong></span> <span class='ocrx_word' id='word_1_320' title='bbox 1655 2248 1758 2319; x_wconf 88' lang='lat' dir='ltr'><strong>valles,</strong></span> 
     </span>
     <span class='ocr_line' id='line_1_56' title="bbox 1012 2334 1786 2412; baseline 0.001 -19"><span class='ocrx_word' id='word_1_321' title='bbox 1012 2337 1080 2393; x_wconf 89' lang='lat' dir='ltr'><strong>Sata</strong></span> <span class='ocrx_word' id='word_1_322' title='bbox 1095 2336 1225 2401; x_wconf 88' lang='lat' dir='ltr'><strong>trahunt,</strong></span> <span class='ocrx_word' id='word_1_323' title='bbox 1241 2334 1389 2408; x_wconf 88' lang='lat' dir='ltr'><strong>silvasque</strong></span> <span class='ocrx_word' id='word_1_324' title='bbox 1404 2335 1511 2404; x_wconf 86' lang='lat' dir='ltr'><strong>lerunt,</strong></span> <span class='ocrx_word' id='word_1_325' title='bbox 1528 2340 1647 2409; x_wconf 83' lang='lat' dir='ltr'><strong>totaque</strong></span> <span class='ocrx_word' id='word_1_326' title='bbox 1662 2342 1786 2412; x_wconf 88' lang='lat' dir='ltr'><strong>vagatur</strong></span> 
     </span>
     <span class='ocr_line' id='line_1_57' title="bbox 1010 2424 1650 2500; baseline 0 -18"><span class='ocrx_word' id='word_1_327' title='bbox 1010 2427 1078 2499; x_wconf 85' lang='lat' dir='ltr'><strong>Agri</strong></span> <span class='ocrx_word' id='word_1_328' title='bbox 1094 2424 1224 2500; x_wconf 88' lang='lat' dir='ltr'><strong>planitie,</strong></span> <span class='ocrx_word' id='word_1_329' title='bbox 1237 2425 1366 2498; x_wconf 87' lang='lat' dir='ltr'><strong>gemitus</strong></span> <span class='ocrx_word' id='word_1_330' title='bbox 1381 2426 1431 2481; x_wconf 90' lang='lat' dir='ltr'><strong>dat</strong></span> <span class='ocrx_word' id='word_1_331' title='bbox 1447 2426 1575 2482; x_wconf 89' lang='lat' dir='ltr'><strong>rusticus</strong></span> <span class='ocrx_word' id='word_1_332' title='bbox 1592 2444 1650 2482; x_wconf 91' lang='lat' dir='ltr'><strong>une</strong></span> 
     </span>
     <span class='ocr_line' id='line_1_58' title="bbox 1011 2513 1764 2584; baseline 0 -13"><span class='ocrx_word' id='word_1_333' title='bbox 1011 2515 1137 2584; x_wconf 86' lang='lat' dir='ltr'><strong>Pectore,</strong></span> <span class='ocrx_word' id='word_1_334' title='bbox 1150 2532 1208 2570; x_wconf 90' lang='lat' dir='ltr'><strong>non</strong></span> <span class='ocrx_word' id='word_1_335' title='bbox 1225 2513 1309 2570; x_wconf 90' lang='lat' dir='ltr'><strong>aliter</strong></span> <span class='ocrx_word' id='word_1_336' title='bbox 1323 2531 1466 2571; x_wconf 76' lang='lat' dir='ltr'><strong>cesorum</strong></span> <span class='ocrx_word' id='word_1_337' title='bbox 1481 2515 1614 2572; x_wconf 90' lang='lat' dir='ltr'><strong>membra</strong></span> <span class='ocrx_word' id='word_1_338' title='bbox 1629 2516 1764 2573; x_wconf 83' lang='lat' dir='ltr'><strong>feruntur</strong></span> 
     </span>
     <span class='ocr_line' id='line_1_59' title="bbox 1011 2605 1835 2678; baseline 0.001 -16"><span class='ocrx_word' id='word_1_339' title='bbox 1011 2605 1159 2678; x_wconf 85' lang='lat' dir='ltr'><strong>Sanguine</strong></span> <span class='ocrx_word' id='word_1_340' title='bbox 1174 2608 1259 2677; x_wconf 91' lang='lat' dir='ltr'><strong>rapta</strong></span> <span class='ocrx_word' id='word_1_341' title='bbox 1272 2621 1337 2671; x_wconf 89' lang='lat' dir='ltr'><strong>suo,</strong></span> <span class='ocrx_word' id='word_1_342' title='bbox 1349 2605 1528 2677; x_wconf 87' lang='lat' dir='ltr'><strong>totidemque</strong></span> <span class='ocrx_word' id='word_1_343' title='bbox 1548 2610 1689 2661; x_wconf 87' lang='lat' dir='ltr'><strong>vocantur</strong></span> <span class='ocrx_word' id='word_1_344' title='bbox 1707 2607 1738 2660; x_wconf 89' lang='lat' dir='ltr'><strong>iu</strong></span> <span class='ocrx_word' id='word_1_345' title='bbox 1754 2607 1835 2664; x_wconf 89' lang='lat' dir='ltr'><strong>urbe.</strong></span> 
     </span>
     <span class='ocr_line' id='line_1_60' title="bbox 1010 2692 1668 2768; baseline -0.002 -17"><span class='ocrx_word' id='word_1_346' title='bbox 1010 2695 1066 2751; x_wconf 87' lang='lat' dir='ltr'><strong>Sed</strong></span> <span class='ocrx_word' id='word_1_347' title='bbox 1081 2700 1179 2750; x_wconf 87' lang='lat' dir='ltr'><strong>tamen</strong></span> <span class='ocrx_word' id='word_1_348' title='bbox 1195 2692 1312 2749; x_wconf 92' lang='lat' dir='ltr'><strong>illorum</strong></span> <span class='ocrx_word' id='word_1_349' title='bbox 1329 2694 1414 2766; x_wconf 89' lang='lat' dir='ltr'><strong>pauci</strong></span> <span class='ocrx_word' id='word_1_350' title='bbox 1429 2693 1551 2768; x_wconf 88' lang='lat' dir='ltr'><strong>vestigia</strong></span> <span class='ocrx_word' id='word_1_351' title='bbox 1566 2693 1668 2767; x_wconf 89' lang='lat' dir='ltr'><strong>templi</strong></span> 
     </span>
     <span class='ocr_line' id='line_1_61' title="bbox 1008 2783 1730 2857; baseline 0 -18"><span class='ocrx_word' id='word_1_352' title='bbox 1008 2785 1139 2840; x_wconf 90' lang='lat' dir='ltr'><strong>Ascensu</strong></span> <span class='ocrx_word' id='word_1_353' title='bbox 1154 2786 1304 2855; x_wconf 89' lang='lat' dir='ltr'><strong>superant,</strong></span> <span class='ocrx_word' id='word_1_354' title='bbox 1318 2788 1347 2839; x_wconf 89' lang='lat' dir='ltr'><strong>et</strong></span> <span class='ocrx_word' id='word_1_355' title='bbox 1360 2783 1402 2840; x_wconf 92' lang='lat' dir='ltr'><strong>eis</strong></span> <span class='ocrx_word' id='word_1_356' title='bbox 1417 2801 1471 2839; x_wconf 93' lang='lat' dir='ltr'><strong>sua</strong></span> <span class='ocrx_word' id='word_1_357' title='bbox 1486 2785 1572 2857; x_wconf 86' lang='lat' dir='ltr'><strong>signa</strong></span> <span class='ocrx_word' id='word_1_358' title='bbox 1586 2783 1730 2840; x_wconf 88' lang='lat' dir='ltr'><strong>dederunt</strong></span> 
     </span>
     <span class='ocr_line' id='line_1_62' title="bbox 1009 2872 1709 2945; baseline 0 -16"><span class='ocrx_word' id='word_1_359' title='bbox 1009 2873 1183 2929; x_wconf 70' lang='lat' dir='ltr'><strong>‘tancretius</strong></span> <span class='ocrx_word' id='word_1_360' title='bbox 1198 2877 1385 2945; x_wconf 89' lang='lat' dir='ltr'><strong>Guastonque</strong></span> <span class='ocrx_word' id='word_1_361' title='bbox 1401 2873 1456 2945; x_wconf 87' lang='lat' dir='ltr'><strong>piis</strong></span> <span class='ocrx_word' id='word_1_362' title='bbox 1473 2872 1625 2930; x_wconf 87' lang='lat' dir='ltr'><strong>allectibus</strong></span> <span class='ocrx_word' id='word_1_363' title='bbox 1641 2874 1709 2929; x_wconf 87' lang='grc'><strong>0011.</strong></span> 
     </span>
    </p>
   </div>
   <div class='ocr_carea' id='block_1_7' title="bbox 1835 1226 1845 1256">
    <p class='ocr_par' dir='ltr' id='par_1_7' title="bbox 1835 1226 1845 1256">
     <span class='ocr_line' id='line_1_63' title="bbox 1835 1226 1845 1256; baseline 0 0"><span class='ocrx_word' id='word_1_364' title='bbox 1835 1226 1845 1256; x_wconf 76' lang='lat'><em>5</em></span> 
     </span>
    </p>
   </div>
   <div class='ocr_carea' id='block_1_8' title="bbox 1009 2960 1797 3035">
    <p class='ocr_par' dir='ltr' id='par_1_8' title="bbox 1009 2960 1797 3035">
     <span class='ocr_line' id='line_1_64' title="bbox 1009 2960 1797 3035; baseline 0.003 -17"><span class='ocrx_word' id='word_1_365' title='bbox 1009 2963 1082 3018; x_wconf 89' lang='lat' dir='ltr'><strong>Hine</strong></span> <span class='ocrx_word' id='word_1_366' title='bbox 1092 2963 1127 3018; x_wconf 91' lang='lat' dir='ltr'><strong>ad</strong></span> <span class='ocrx_word' id='word_1_367' title='bbox 1139 2966 1373 3035; x_wconf 89' lang='lat' dir='ltr'><strong>opespreperant</strong></span> <span class='ocrx_word' id='word_1_368' title='bbox 1384 2960 1605 3029; x_wconf 84' lang='grc'><strong>01110100,10010</strong></span> <span class='ocrx_word' id='word_1_369' title='bbox 1618 2962 1797 3020; x_wconf 83' lang='lat' dir='ltr'><strong>subintrant.</strong></span> 
     </span>
    </p>
   </div>
   <div class='ocr_carea' id='block_1_9' title="bbox 130 3051 1681 3126">
    <p class='ocr_par' dir='ltr' id='par_1_9' title="bbox 130 3051 1681 3126">
     <span class='ocr_line' id='line_1_65' title="bbox 130 3051 1681 3126; baseline -0.002 -15"><span class='ocrx_word' id='word_1_370' title='bbox 130 3054 195 3111; x_wconf 82' lang='lat' dir='ltr'><strong>Dux</strong></span> <span class='ocrx_word' id='word_1_371' title='bbox 210 3053 294 3109; x_wconf 87' lang='lat' dir='ltr'><strong>ducis</strong></span> <span class='ocrx_word' id='word_1_372' title='bbox 308 3052 477 3125; x_wconf 87' lang='lat' dir='ltr'><strong>exsequitur</strong></span> <span class='ocrx_word' id='word_1_373' title='bbox 491 3068 602 3122; x_wconf 91' lang='lat' dir='ltr'><strong>euram,</strong></span> <span class='ocrx_word' id='word_1_374' title='bbox 615 3052 757 3126; x_wconf 85' lang='lat' dir='ltr'><strong>sortisque</strong></span> <span class='ocrx_word' id='word_1_375' title='bbox 771 3052 911 3123; x_wconf 88' lang='lat' dir='ltr'><strong>laborem,</strong></span> <span class='ocrx_word' id='word_1_376' title='bbox 1008 3052 1121 3122; x_wconf 85' lang='lat' dir='ltr'><strong>Vestes,</strong></span> <span class='ocrx_word' id='word_1_377' title='bbox 1138 3051 1264 3118; x_wconf 87' lang='lat' dir='ltr'><strong>divitias,</strong></span> <span class='ocrx_word' id='word_1_378' title='bbox 1281 3056 1310 3107; x_wconf 89' lang='lat' dir='ltr'><strong>et</strong></span> <span class='ocrx_word' id='word_1_379' title='bbox 1324 3052 1402 3124; x_wconf 90' lang='lat' dir='ltr'><strong>quod</strong></span> <span class='ocrx_word' id='word_1_380' title='bbox 1417 3052 1489 3108; x_wconf 87' lang='lat' dir='ltr'><strong>satis</strong></span> <span class='ocrx_word' id='word_1_381' title='bbox 1503 3056 1581 3108; x_wconf 89' lang='lat' dir='ltr'><strong>esset</strong></span> <span class='ocrx_word' id='word_1_382' title='bbox 1596 3068 1681 3108; x_wconf 88' lang='lat' dir='ltr'><strong>avare</strong></span> 
     </span>
    </p>
   </div>
   <div class='ocr_carea' id='block_1_10' title="bbox 86 3142 917 4463">
    <p class='ocr_par' dir='ltr' id='par_1_10' title="bbox 132 3142 828 3215">
     <span class='ocr_line' id='line_1_66' title="bbox 132 3142 828 3215; baseline -0.003 -15"><span class='ocrx_word' id='word_1_383' title='bbox 132 3143 232 3200; x_wconf 87' lang='lat' dir='ltr'><strong>Multis</strong></span> <span class='ocrx_word' id='word_1_384' title='bbox 246 3142 381 3198; x_wconf 88' lang='lat' dir='ltr'><strong>hortatur</strong></span> <span class='ocrx_word' id='word_1_385' title='bbox 396 3146 571 3214; x_wconf 90' lang='lat' dir='ltr'><strong>pugnantes,</strong></span> <span class='ocrx_word' id='word_1_386' title='bbox 586 3146 698 3215; x_wconf 90' lang='lat' dir='ltr'><strong>pugnat</strong></span> <span class='ocrx_word' id='word_1_387' title='bbox 713 3147 742 3197; x_wconf 90' lang='lat' dir='ltr'><strong>et</strong></span> <span class='ocrx_word' id='word_1_388' title='bbox 757 3142 828 3215; x_wconf 88' lang='lat' dir='ltr'><strong>ipse,</strong></span> 
     </span>
    </p>

    <p class='ocr_par' dir='ltr' id='par_1_11' title="bbox 131 3229 917 3305">
     <span class='ocr_line' id='line_1_67' title="bbox 131 3229 917 3305; baseline 0.001 -18"><span class='ocrx_word' id='word_1_389' title='bbox 131 3232 244 3305; x_wconf 90' lang='lat' dir='ltr'><strong>Pugnat</strong></span> <span class='ocrx_word' id='word_1_390' title='bbox 258 3248 309 3304; x_wconf 91' lang='lat' dir='ltr'><strong>pre</strong></span> <span class='ocrx_word' id='word_1_391' title='bbox 322 3229 432 3303; x_wconf 90' lang='lat' dir='ltr'><strong>duplici</strong></span> <span class='ocrx_word' id='word_1_392' title='bbox 447 3246 545 3303; x_wconf 89' lang='lat' dir='ltr'><strong>regne,</strong></span> <span class='ocrx_word' id='word_1_393' title='bbox 558 3230 627 3302; x_wconf 90' lang='lat' dir='ltr'><strong>quia</strong></span> <span class='ocrx_word' id='word_1_394' title='bbox 642 3230 747 3303; x_wconf 74' lang='lat' dir='ltr'><strong>quant</strong></span> <span class='ocrx_word' id='word_1_395' title='bbox 762 3236 917 3304; x_wconf 89' lang='lat' dir='ltr'><strong>utramque</strong></span> 
     </span>
    </p>

    <p class='ocr_par' dir='ltr' id='par_1_12' title="bbox 129 3319 816 3386">
     <span class='ocr_line' id='line_1_68' title="bbox 129 3319 816 3386; baseline -0.003 -10"><span class='ocrx_word' id='word_1_396' title='bbox 129 3319 303 3386; x_wconf 86' lang='lat' dir='ltr'><strong>Jerusalem,</strong></span> <span class='ocrx_word' id='word_1_397' title='bbox 319 3320 448 3376; x_wconf 85' lang='lat' dir='ltr'><strong>decertat</strong></span> <span class='ocrx_word' id='word_1_398' title='bbox 462 3319 492 3374; x_wconf 92' lang='lat' dir='ltr'><strong>in</strong></span> <span class='ocrx_word' id='word_1_399' title='bbox 508 3319 563 3374; x_wconf 89' lang='lat' dir='ltr'><strong>huc</strong></span> <span class='ocrx_word' id='word_1_400' title='bbox 574 3322 606 3374; x_wconf 91' lang='lat' dir='ltr'><strong>ut</strong></span> <span class='ocrx_word' id='word_1_401' title='bbox 620 3319 694 3375; x_wconf 86' lang='lat' dir='ltr'><strong>vivat</strong></span> <span class='ocrx_word' id='word_1_402' title='bbox 711 3320 740 3374; x_wconf 92' lang='lat' dir='ltr'><strong>in</strong></span> <span class='ocrx_word' id='word_1_403' title='bbox 756 3319 816 3374; x_wconf 91' lang='lat' dir='ltr'><strong>illa.</strong></span> 
     </span>
    </p>

    <p class='ocr_par' dir='ltr' id='par_1_13' title="bbox 130 3408 858 3481">
     <span class='ocr_line' id='line_1_69' title="bbox 130 3408 858 3481; baseline 0 -17"><span class='ocrx_word' id='word_1_404' title='bbox 130 3410 205 3465; x_wconf 83' lang='lat' dir='ltr'><strong>Saxa</strong></span> <span class='ocrx_word' id='word_1_405' title='bbox 220 3426 308 3481; x_wconf 91' lang='lat' dir='ltr'><strong>super</strong></span> <span class='ocrx_word' id='word_1_406' title='bbox 322 3413 415 3464; x_wconf 88' lang='lat' dir='ltr'><strong>crates</strong></span> <span class='ocrx_word' id='word_1_407' title='bbox 429 3408 576 3464; x_wconf 87' lang='lat' dir='ltr'><strong>venientia</strong></span> <span class='ocrx_word' id='word_1_408' title='bbox 591 3408 700 3464; x_wconf 90' lang='lat' dir='ltr'><strong>vimina</strong></span> <span class='ocrx_word' id='word_1_409' title='bbox 719 3408 858 3481; x_wconf 83' lang='lat' dir='ltr'><strong>frangunt</strong></span> 
     </span>
    </p>

    <p class='ocr_par' dir='ltr' id='par_1_14' title="bbox 129 3496 865 3658">
     <span class='ocr_line' id='line_1_70' title="bbox 129 3496 865 3568; baseline 0 -14"><span class='ocrx_word' id='word_1_410' title='bbox 129 3497 253 3568; x_wconf 81' lang='lat' dir='ltr'><strong>Robora,</strong></span> <span class='ocrx_word' id='word_1_411' title='bbox 270 3502 353 3553; x_wconf 88' lang='lat' dir='ltr'><strong>scuta</strong></span> <span class='ocrx_word' id='word_1_412' title='bbox 364 3498 441 3553; x_wconf 90' lang='lat' dir='ltr'><strong>viros</strong></span> <span class='ocrx_word' id='word_1_413' title='bbox 457 3499 491 3553; x_wconf 93' lang='lat' dir='ltr'><strong>dc</strong></span> <span class='ocrx_word' id='word_1_414' title='bbox 506 3496 593 3552; x_wconf 89' lang='lat' dir='ltr'><strong>castri</strong></span> <span class='ocrx_word' id='word_1_415' title='bbox 610 3496 737 3552; x_wconf 89' lang='lat' dir='ltr'><strong>culmine</strong></span> <span class='ocrx_word' id='word_1_416' title='bbox 754 3498 865 3554; x_wconf 88' lang='lat' dir='ltr'><strong>nolunt.</strong></span> 
     </span>
     <span class='ocr_line' id='line_1_71' title="bbox 399 3587 680 3658; baseline -0.011 -14"><span class='ocrx_word' id='word_1_417' title='bbox 399 3589 550 3644; x_wconf 78' lang='lat' dir='ltr'><strong>Jerusalem</strong></span> <span class='ocrx_word' id='word_1_418' title='bbox 563 3587 680 3658; x_wconf 85' lang='lat' dir='ltr'><strong>capitur.</strong></span> 
     </span>
    </p>

    <p class='ocr_par' dir='ltr' id='par_1_15' title="bbox 126 3675 879 4105">
     <span class='ocr_line' id='line_1_72' title="bbox 165 3675 844 3744; baseline -0.004 -9"><span class='ocrx_word' id='word_1_419' title='bbox 165 3678 266 3735; x_wconf 88' lang='lat' dir='ltr'><strong>Mortis</strong></span> <span class='ocrx_word' id='word_1_420' title='bbox 281 3678 311 3732; x_wconf 93' lang='lat' dir='ltr'><strong>in</strong></span> <span class='ocrx_word' id='word_1_421' title='bbox 327 3676 450 3733; x_wconf 86' lang='lat' dir='ltr'><strong>articulo</strong></span> <span class='ocrx_word' id='word_1_422' title='bbox 464 3675 558 3731; x_wconf 87' lang='lat' dir='ltr'><strong>virtus</strong></span> <span class='ocrx_word' id='word_1_423' title='bbox 574 3693 631 3732; x_wconf 91' lang='lat' dir='ltr'><strong>nen</strong></span> <span class='ocrx_word' id='word_1_424' title='bbox 647 3676 739 3731; x_wconf 86' lang='lat' dir='ltr'><strong>deluit</strong></span> <span class='ocrx_word' id='word_1_425' title='bbox 757 3676 844 3744; x_wconf 86' lang='lat' dir='ltr'><strong>hosti,</strong></span> 
     </span>
     <span class='ocr_line' id='line_1_73' title="bbox 129 3764 873 3839; baseline -0.004 -15"><span class='ocrx_word' id='word_1_426' title='bbox 129 3766 224 3824; x_wconf 87' lang='lat' dir='ltr'><strong>Donec</strong></span> <span class='ocrx_word' id='word_1_427' title='bbox 240 3783 298 3839; x_wconf 91' lang='lat' dir='ltr'><strong>qua</strong></span> <span class='ocrx_word' id='word_1_428' title='bbox 310 3764 459 3822; x_wconf 85' lang='lat' dir='ltr'><strong>Christum</strong></span> <span class='ocrx_word' id='word_1_429' title='bbox 474 3782 545 3820; x_wconf 79' lang='lat' dir='ltr'><strong>crux</strong></span> <span class='ocrx_word' id='word_1_430' title='bbox 560 3764 742 3821; x_wconf 87' lang='lat' dir='ltr'><strong>sanctificata</strong></span> <span class='ocrx_word' id='word_1_431' title='bbox 756 3766 873 3839; x_wconf 87' lang='lat' dir='ltr'><strong>recepit,</strong></span> 
     </span>
     <span class='ocr_line' id='line_1_74' title="bbox 127 3853 879 3928; baseline -0.003 -16"><span class='ocrx_word' id='word_1_432' title='bbox 127 3855 228 3912; x_wconf 80' lang='lat' dir='ltr'><strong>Adfuit</strong></span> <span class='ocrx_word' id='word_1_433' title='bbox 242 3855 323 3922; x_wconf 84' lang='lat' dir='ltr'><strong>hera,</strong></span> <span class='ocrx_word' id='word_1_434' title='bbox 341 3854 417 3911; x_wconf 91' lang='lat' dir='ltr'><strong>diem</strong></span> <span class='ocrx_word' id='word_1_435' title='bbox 433 3854 580 3926; x_wconf 88' lang='lat' dir='ltr'><strong>minuens,</strong></span> <span class='ocrx_word' id='word_1_436' title='bbox 595 3853 725 3926; x_wconf 89' lang='lat' dir='ltr'><strong>civisque</strong></span> <span class='ocrx_word' id='word_1_437' title='bbox 739 3853 879 3928; x_wconf 87' lang='lat' dir='ltr'><strong>vigorem,</strong></span> 
     </span>
     <span class='ocr_line' id='line_1_75' title="bbox 128 3943 829 4018; baseline -0.003 -15"><span class='ocrx_word' id='word_1_438' title='bbox 128 3946 186 4003; x_wconf 89' lang='lat' dir='ltr'><strong>Hac</strong></span> <span class='ocrx_word' id='word_1_439' title='bbox 201 3945 273 4002; x_wconf 93' lang='lat' dir='ltr'><strong>hera</strong></span> <span class='ocrx_word' id='word_1_440' title='bbox 283 3945 404 4018; x_wconf 92' lang='lat' dir='ltr'><strong>quidam</strong></span> <span class='ocrx_word' id='word_1_441' title='bbox 419 3944 454 4001; x_wconf 91' lang='lat' dir='ltr'><strong>de</strong></span> <span class='ocrx_word' id='word_1_442' title='bbox 469 3949 564 4001; x_wconf 89' lang='lat' dir='ltr'><strong>castro</strong></span> <span class='ocrx_word' id='word_1_443' title='bbox 579 3944 692 4000; x_wconf 89' lang='grc'><strong>10111101</strong></span> <span class='ocrx_word' id='word_1_444' title='bbox 706 3943 829 4013; x_wconf 87' lang='grc'><strong>1101010,</strong></span> 
     </span>
     <span class='ocr_line' id='line_1_76' title="bbox 126 4031 821 4105; baseline -0.001 -14"><span class='ocrx_word' id='word_1_445' title='bbox 126 4035 250 4092; x_wconf 89' lang='lat' dir='ltr'><strong>Nomine</strong></span> <span class='ocrx_word' id='word_1_446' title='bbox 265 4033 412 4100; x_wconf 72' lang='lat' dir='ltr'><strong>letaldus,</strong></span> <span class='ocrx_word' id='word_1_447' title='bbox 429 4050 513 4089; x_wconf 93' lang='lat' dir='ltr'><strong>muro</strong></span> <span class='ocrx_word' id='word_1_448' title='bbox 528 4033 608 4105; x_wconf 91' lang='lat' dir='ltr'><strong>prior</strong></span> <span class='ocrx_word' id='word_1_449' title='bbox 622 4031 715 4089; x_wconf 85' lang='lat' dir='ltr'><strong>insilit</strong></span> <span class='ocrx_word' id='word_1_450' title='bbox 729 4031 821 4100; x_wconf 87' lang='lat' dir='ltr'><strong>urbis,</strong></span> 
     </span>
    </p>

    <p class='ocr_par' dir='ltr' id='par_1_16' title="bbox 86 4121 915 4463">
     <span class='ocr_line' id='line_1_77' title="bbox 86 4121 740 4197; baseline -0.003 -17"><span class='ocrx_word' id='word_1_451' title='bbox 86 4176 92 4193; x_wconf 73' lang='grc'><strong>,</strong></span> <span class='ocrx_word' id='word_1_452' title='bbox 127 4123 214 4181; x_wconf 90' lang='lat' dir='ltr'><strong>Illum</strong></span> <span class='ocrx_word' id='word_1_453' title='bbox 230 4123 280 4197; x_wconf 93' lang='lat' dir='ltr'><strong>qui</strong></span> <span class='ocrx_word' id='word_1_454' title='bbox 293 4123 385 4179; x_wconf 87' lang='lat' dir='ltr'><strong>nimia</strong></span> <span class='ocrx_word' id='word_1_455' title='bbox 400 4121 493 4178; x_wconf 91' lang='lat' dir='ltr'><strong>secuit</strong></span> <span class='ocrx_word' id='word_1_456' title='bbox 507 4122 613 4178; x_wconf 86' lang='lat' dir='ltr'><strong>virtute</strong></span> <span class='ocrx_word' id='word_1_457' title='bbox 629 4122 740 4178; x_wconf 90' lang='lat' dir='ltr'><strong>leonem</strong></span> 
     </span>
     <span class='ocr_line' id='line_1_78' title="bbox 126 4210 915 4285; baseline 0 -15"><span class='ocrx_word' id='word_1_458' title='bbox 126 4210 598 4285; x_wconf 75' lang='grc' dir='ltr'><strong>(101011011υο0000111101001101</strong></span> <span class='ocrx_word' id='word_1_459' title='bbox 610 4228 699 4285; x_wconf 89' lang='lat' dir='ltr'><strong>super</strong></span> <span class='ocrx_word' id='word_1_460' title='bbox 714 4211 772 4267; x_wconf 88' lang='grc'><strong>0110</strong></span> <span class='ocrx_word' id='word_1_461' title='bbox 782 4217 915 4270; x_wconf 86' lang='grc'><strong>00100001</strong></span> 
     </span>
     <span class='ocr_line' id='line_1_79' title="bbox 126 4300 841 4375; baseline -0.004 -15"><span class='ocrx_word' id='word_1_462' title='bbox 126 4301 243 4369; x_wconf 71' lang='lat' dir='ltr'><strong>Maenia,</strong></span> <span class='ocrx_word' id='word_1_463' title='bbox 254 4302 318 4375; x_wconf 82' lang='lat' dir='ltr'><strong>jam</strong></span> <span class='ocrx_word' id='word_1_464' title='bbox 333 4300 449 4375; x_wconf 89' lang='lat' dir='ltr'><strong>gladius</strong></span> <span class='ocrx_word' id='word_1_465' title='bbox 464 4300 521 4357; x_wconf 88' lang='lat' dir='ltr'><strong>late</strong></span> <span class='ocrx_word' id='word_1_466' title='bbox 535 4300 703 4373; x_wconf 88' lang='lat' dir='ltr'><strong>periniqua</strong></span> <span class='ocrx_word' id='word_1_467' title='bbox 719 4301 841 4374; x_wconf 88' lang='lat' dir='ltr'><strong>vagatur</strong></span> 
     </span>
     <span class='ocr_line' id='line_1_80' title="bbox 126 4390 900 4463; baseline 0 -14"><span class='ocrx_word' id='word_1_468' title='bbox 126 4393 253 4461; x_wconf 90' lang='lat' dir='ltr'><strong>Pectora,</strong></span> <span class='ocrx_word' id='word_1_469' title='bbox 265 4390 415 4448; x_wconf 82' lang='lat' dir='ltr'><strong>fulmineis</strong></span> <span class='ocrx_word' id='word_1_470' title='bbox 423 4391 486 4463; x_wconf 90' lang='lat' dir='ltr'><strong>jam</strong></span> <span class='ocrx_word' id='word_1_471' title='bbox 503 4407 606 4447; x_wconf 91' lang='lat' dir='ltr'><strong>murus</strong></span> <span class='ocrx_word' id='word_1_472' title='bbox 621 4391 657 4446; x_wconf 94' lang='lat' dir='ltr'><strong>ab</strong></span> <span class='ocrx_word' id='word_1_473' title='bbox 673 4390 793 4447; x_wconf 87' lang='lat' dir='ltr'><strong>ensibus</strong></span> <span class='ocrx_word' id='word_1_474' title='bbox 809 4392 900 4449; x_wconf 90' lang='lat' dir='ltr'><strong>ardet.</strong></span> 
     </span>
    </p>
   </div>
   <div class='ocr_carea' id='block_1_11' title="bbox 969 3122 1605 3208">
    <p class='ocr_par' dir='ltr' id='par_1_17' title="bbox 969 3122 1605 3208">
     <span class='ocr_line' id='line_1_81' title="bbox 969 3122 1605 3208; baseline 0 -11"><span class='ocrx_word' id='word_1_475' title='bbox 969 3122 991 3190; x_wconf 75' lang='lat' dir='ltr'>C</span> <span class='ocrx_word' id='word_1_476' title='bbox 1010 3141 1173 3208; x_wconf 88' lang='lat' dir='ltr'><strong>lnveniuut,</strong></span> <span class='ocrx_word' id='word_1_477' title='bbox 1191 3140 1215 3196; x_wconf 93' lang='lat' dir='ltr'><strong>si</strong></span> <span class='ocrx_word' id='word_1_478' title='bbox 1231 3140 1339 3196; x_wconf 87' lang='lat' dir='ltr'><strong>divitiis</strong></span> <span class='ocrx_word' id='word_1_479' title='bbox 1355 3141 1478 3196; x_wconf 89' lang='lat' dir='ltr'><strong>satietur</strong></span> <span class='ocrx_word' id='word_1_480' title='bbox 1492 3158 1605 3197; x_wconf 89' lang='lat' dir='ltr'><strong>avarus.</strong></span> 
     </span>
    </p>
   </div>
   <div class='ocr_carea' id='block_1_12' title="bbox 1004 3229 1817 4462">
    <p class='ocr_par' dir='ltr' id='par_1_18' title="bbox 1007 3229 1817 3482">
     <span class='ocr_line' id='line_1_82' title="bbox 1007 3229 1817 3304; baseline 0 -16"><span class='ocrx_word' id='word_1_481' title='bbox 1007 3232 1069 3288; x_wconf 90' lang='lat' dir='ltr'><strong>Neu</strong></span> <span class='ocrx_word' id='word_1_482' title='bbox 1086 3229 1180 3304; x_wconf 88' lang='lat' dir='ltr'><strong>perdit</strong></span> <span class='ocrx_word' id='word_1_483' title='bbox 1195 3231 1271 3302; x_wconf 90' lang='lat' dir='ltr'><strong>qued</strong></span> <span class='ocrx_word' id='word_1_484' title='bbox 1288 3230 1413 3303; x_wconf 88' lang='lat' dir='ltr'><strong>quisque</strong></span> <span class='ocrx_word' id='word_1_485' title='bbox 1429 3230 1514 3302; x_wconf 88' lang='lat' dir='ltr'><strong>rapit,</strong></span> <span class='ocrx_word' id='word_1_486' title='bbox 1530 3247 1583 3286; x_wconf 90' lang='lat' dir='ltr'><strong>uec</strong></span> <span class='ocrx_word' id='word_1_487' title='bbox 1598 3230 1727 3287; x_wconf 89' lang='grc'><strong>11111001</strong></span> <span class='ocrx_word' id='word_1_488' title='bbox 1742 3231 1817 3288; x_wconf 88' lang='grc'><strong>01101</strong></span> 
     </span>
     <span class='ocr_line' id='line_1_83' title="bbox 1007 3319 1805 3394; baseline 0 -18"><span class='ocrx_word' id='word_1_489' title='bbox 1007 3321 1144 3388; x_wconf 85' lang='lat' dir='ltr'><strong>Quamvis</strong></span> <span class='ocrx_word' id='word_1_490' title='bbox 1161 3319 1294 3388; x_wconf 89' lang='lat' dir='ltr'><strong>nobilior,</strong></span> <span class='ocrx_word' id='word_1_491' title='bbox 1309 3321 1387 3392; x_wconf 89' lang='lat' dir='ltr'><strong>qued</strong></span> <span class='ocrx_word' id='word_1_492' title='bbox 1404 3324 1555 3392; x_wconf 89' lang='lat' dir='ltr'><strong>computat</strong></span> <span class='ocrx_word' id='word_1_493' title='bbox 1569 3319 1598 3374; x_wconf 93' lang='lat' dir='ltr'><strong>in</strong></span> <span class='ocrx_word' id='word_1_494' title='bbox 1615 3337 1669 3377; x_wconf 88' lang='lat' dir='ltr'><strong>sua</strong></span> <span class='ocrx_word' id='word_1_495' title='bbox 1683 3338 1805 3394; x_wconf 87' lang='lat' dir='ltr'><strong>pauper.</strong></span> 
     </span>
     <span class='ocr_line' id='line_1_84' title="bbox 1007 3407 1653 3482; baseline -0.002 -17"><span class='ocrx_word' id='word_1_496' title='bbox 1007 3410 1057 3465; x_wconf 91' lang='lat' dir='ltr'><strong>His</strong></span> <span class='ocrx_word' id='word_1_497' title='bbox 1072 3409 1112 3465; x_wconf 91' lang='lat' dir='ltr'><strong>ita</strong></span> <span class='ocrx_word' id='word_1_498' title='bbox 1127 3409 1291 3482; x_wconf 90' lang='lat' dir='ltr'><strong>completis,</strong></span> <span class='ocrx_word' id='word_1_499' title='bbox 1303 3409 1445 3464; x_wconf 89' lang='lat' dir='ltr'><strong>mundata</strong></span> <span class='ocrx_word' id='word_1_500' title='bbox 1460 3407 1557 3464; x_wconf 85' lang='lat' dir='ltr'><strong>taliter</strong></span> <span class='ocrx_word' id='word_1_501' title='bbox 1570 3409 1653 3476; x_wconf 89' lang='lat' dir='ltr'><strong>urbe,</strong></span> 
     </span>
    </p>

    <p class='ocr_par' dir='ltr' id='par_1_19' title="bbox 1006 3497 1647 3659">
     <span class='ocr_line' id='line_1_85' title="bbox 1006 3497 1628 3570; baseline -0.003 -15"><span class='ocrx_word' id='word_1_502' title='bbox 1006 3500 1048 3555; x_wconf 95' lang='lat' dir='ltr'><strong>Ad</strong></span> <span class='ocrx_word' id='word_1_503' title='bbox 1064 3517 1118 3554; x_wconf 92' lang='lat' dir='ltr'><strong>sua</strong></span> <span class='ocrx_word' id='word_1_504' title='bbox 1134 3497 1231 3554; x_wconf 88' lang='grc'><strong>1011000</strong></span> <span class='ocrx_word' id='word_1_505' title='bbox 1245 3504 1386 3554; x_wconf 89' lang='lat' dir='ltr'><strong>venerunt</strong></span> <span class='ocrx_word' id='word_1_506' title='bbox 1401 3497 1509 3570; x_wconf 90' lang='lat' dir='ltr'><strong>gaudia</strong></span> <span class='ocrx_word' id='word_1_507' title='bbox 1523 3497 1628 3570; x_wconf 74' lang='lat' dir='ltr'><strong>turha,</strong></span> 
     </span>
     <span class='ocr_line' id='line_1_86' title="bbox 1007 3586 1647 3659; baseline -0.003 -15"><span class='ocrx_word' id='word_1_508' title='bbox 1007 3586 1205 3659; x_wconf 87' lang='lat' dir='ltr'><strong>Prostratique</strong></span> <span class='ocrx_word' id='word_1_509' title='bbox 1221 3588 1310 3643; x_wconf 89' lang='lat' dir='ltr'><strong>duces</strong></span> <span class='ocrx_word' id='word_1_510' title='bbox 1326 3586 1437 3659; x_wconf 90' lang='lat' dir='ltr'><strong>aspersi</strong></span> <span class='ocrx_word' id='word_1_511' title='bbox 1455 3587 1572 3642; x_wconf 86' lang='lat' dir='ltr'><strong>fletibus</strong></span> <span class='ocrx_word' id='word_1_512' title='bbox 1587 3604 1647 3656; x_wconf 89' lang='grc'><strong>010,</strong></span> 
     </span>
    </p>

    <p class='ocr_par' dir='ltr' id='par_1_20' title="bbox 1004 3675 1815 4190">
     <span class='ocr_line' id='line_1_87' title="bbox 1006 3675 1784 3749; baseline 0.003 -17"><span class='ocrx_word' id='word_1_513' title='bbox 1006 3675 1060 3732; x_wconf 90' lang='lat' dir='ltr'><strong>Pro</strong></span> <span class='ocrx_word' id='word_1_514' title='bbox 1078 3676 1198 3732; x_wconf 88' lang='lat' dir='ltr'><strong>Domino</strong></span> <span class='ocrx_word' id='word_1_515' title='bbox 1214 3675 1330 3732; x_wconf 89' lang='lat' dir='ltr'><strong>Domini</strong></span> <span class='ocrx_word' id='word_1_516' title='bbox 1344 3680 1520 3732; x_wconf 86' lang='lat' dir='ltr'><strong>venerantur</strong></span> <span class='ocrx_word' id='word_1_517' title='bbox 1534 3675 1588 3732; x_wconf 86' lang='lat' dir='ltr'><strong>rite</strong></span> <span class='ocrx_word' id='word_1_518' title='bbox 1603 3675 1784 3749; x_wconf 85' lang='lat' dir='ltr'><strong>sepulcrum.</strong></span> 
     </span>
     <span class='ocr_line' id='line_1_88' title="bbox 1005 3763 1761 3838; baseline 0.001 -18"><span class='ocrx_word' id='word_1_519' title='bbox 1005 3766 1116 3838; x_wconf 80' lang='lat' dir='ltr'><strong>Ilioque</strong></span> <span class='ocrx_word' id='word_1_520' title='bbox 1131 3781 1219 3822; x_wconf 89' lang='lat' dir='ltr'><strong>suum</strong></span> <span class='ocrx_word' id='word_1_521' title='bbox 1236 3763 1359 3838; x_wconf 87' lang='lat' dir='ltr'><strong>capitale</strong></span> <span class='ocrx_word' id='word_1_522' title='bbox 1375 3764 1433 3821; x_wconf 89' lang='lat' dir='ltr'><strong>Deo</strong></span> <span class='ocrx_word' id='word_1_523' title='bbox 1449 3765 1499 3820; x_wconf 90' lang='lat' dir='ltr'><strong>dat</strong></span> <span class='ocrx_word' id='word_1_524' title='bbox 1513 3765 1640 3837; x_wconf 87' lang='lat' dir='ltr'><strong>quisque</strong></span> <span class='ocrx_word' id='word_1_525' title='bbox 1654 3764 1761 3822; x_wconf 88' lang='grc'><strong>1110110.</strong></span> 
     </span>
     <span class='ocr_line' id='line_1_89' title="bbox 1007 3852 1801 3926; baseline -0.003 -14"><span class='ocrx_word' id='word_1_526' title='bbox 1007 3856 1091 3912; x_wconf 85' lang='lat' dir='ltr'><strong>blane</strong></span> <span class='ocrx_word' id='word_1_527' title='bbox 1106 3855 1184 3924; x_wconf 89' lang='grc'><strong>1010,</strong></span> <span class='ocrx_word' id='word_1_528' title='bbox 1197 3870 1254 3909; x_wconf 93' lang='lat' dir='ltr'><strong>non</strong></span> <span class='ocrx_word' id='word_1_529' title='bbox 1269 3853 1373 3926; x_wconf 83' lang='lat' dir='ltr'><strong>plenus</strong></span> <span class='ocrx_word' id='word_1_530' title='bbox 1390 3853 1486 3909; x_wconf 90' lang='lat' dir='ltr'><strong>adhue</strong></span> <span class='ocrx_word' id='word_1_531' title='bbox 1503 3858 1545 3910; x_wconf 93' lang='lat' dir='ltr'><strong>tet</strong></span> <span class='ocrx_word' id='word_1_532' title='bbox 1559 3852 1697 3911; x_wconf 90' lang='lat' dir='ltr'><strong>cludibus</strong></span> <span class='ocrx_word' id='word_1_533' title='bbox 1712 3853 1801 3924; x_wconf 90' lang='lat' dir='ltr'><strong>ulter,</strong></span> 
     </span>
     <span class='ocr_line' id='line_1_90' title="bbox 1006 3942 1815 4017; baseline -0.001 -17"><span class='ocrx_word' id='word_1_534' title='bbox 1006 3942 1089 4000; x_wconf 89' lang='lat' dir='ltr'><strong>Miles</strong></span> <span class='ocrx_word' id='word_1_535' title='bbox 1105 3944 1132 3998; x_wconf 95' lang='lat' dir='ltr'><strong>id</strong></span> <span class='ocrx_word' id='word_1_536' title='bbox 1149 3942 1297 4015; x_wconf 85' lang='lat' dir='ltr'><strong>exiguum,</strong></span> <span class='ocrx_word' id='word_1_537' title='bbox 1315 3942 1393 4017; x_wconf 89' lang='lat' dir='ltr'><strong>quod</strong></span> <span class='ocrx_word' id='word_1_538' title='bbox 1408 3942 1503 3999; x_wconf 91' lang='lat' dir='ltr'><strong>adhuc</strong></span> <span class='ocrx_word' id='word_1_539' title='bbox 1523 3960 1677 4017; x_wconf 87' lang='lat' dir='ltr'><strong>superesse</strong></span> <span class='ocrx_word' id='word_1_540' title='bbox 1692 3943 1815 4014; x_wconf 87' lang='lat' dir='ltr'><strong>sciebat,</strong></span> 
     </span>
     <span class='ocr_line' id='line_1_91' title="bbox 1006 4031 1733 4107; baseline -0.003 -17"><span class='ocrx_word' id='word_1_541' title='bbox 1006 4031 1165 4107; x_wconf 88' lang='lat' dir='ltr'><strong>Sanguinis</strong></span> <span class='ocrx_word' id='word_1_542' title='bbox 1180 4031 1209 4087; x_wconf 91' lang='lat' dir='ltr'><strong>in</strong></span> <span class='ocrx_word' id='word_1_543' title='bbox 1224 4032 1326 4105; x_wconf 86' lang='lat' dir='ltr'><strong>paucis</strong></span> <span class='ocrx_word' id='word_1_544' title='bbox 1341 4032 1466 4100; x_wconf 86' lang='lat' dir='ltr'><strong>furatur,</strong></span> <span class='ocrx_word' id='word_1_545' title='bbox 1479 4036 1507 4089; x_wconf 90' lang='lat' dir='ltr'><strong>et</strong></span> <span class='ocrx_word' id='word_1_546' title='bbox 1521 4033 1614 4090; x_wconf 88' lang='lat' dir='ltr'><strong>ardua</strong></span> <span class='ocrx_word' id='word_1_547' title='bbox 1630 4032 1733 4106; x_wconf 86' lang='lat' dir='ltr'><strong>templi</strong></span> 
     </span>
     <span class='ocr_line' id='line_1_92' title="bbox 1004 4120 1671 4190; baseline 0 -11"><span class='ocrx_word' id='word_1_548' title='bbox 1004 4122 1172 4179; x_wconf 86' lang='lat' dir='ltr'><strong>Ascendens</strong></span> <span class='ocrx_word' id='word_1_549' title='bbox 1187 4121 1284 4190; x_wconf 89' lang='lat' dir='ltr'><strong>tacite,</strong></span> <span class='ocrx_word' id='word_1_550' title='bbox 1296 4121 1392 4178; x_wconf 87' lang='lat' dir='ltr'><strong>subite</strong></span> <span class='ocrx_word' id='word_1_551' title='bbox 1408 4122 1536 4178; x_wconf 86' lang='lat' dir='ltr'><strong>turbavit</strong></span> <span class='ocrx_word' id='word_1_552' title='bbox 1549 4120 1671 4190; x_wconf 88' lang='lat' dir='ltr'><strong>inertes,</strong></span> 
     </span>
    </p>

    <p class='ocr_par' dir='ltr' id='par_1_21' title="bbox 1006 4209 1629 4285">
     <span class='ocr_line' id='line_1_93' title="bbox 1006 4209 1629 4285; baseline -0.003 -16"><span class='ocrx_word' id='word_1_553' title='bbox 1006 4209 1048 4269; x_wconf 91' lang='lat' dir='ltr'><strong>Illi</strong></span> <span class='ocrx_word' id='word_1_554' title='bbox 1065 4211 1230 4285; x_wconf 77' lang='lat' dir='ltr'><strong>precipites</strong></span> <span class='ocrx_word' id='word_1_555' title='bbox 1245 4209 1494 4282; x_wconf 81' lang='lat' dir='ltr'><strong>sesejuculautur</strong></span> <span class='ocrx_word' id='word_1_556' title='bbox 1509 4211 1544 4266; x_wconf 86' lang='lat' dir='ltr'><strong>ab</strong></span> <span class='ocrx_word' id='word_1_557' title='bbox 1560 4211 1629 4279; x_wconf 89' lang='grc'><strong>0110,</strong></span> 
     </span>
    </p>

    <p class='ocr_par' dir='ltr' id='par_1_22' title="bbox 1004 4298 1786 4462">
     <span class='ocr_line' id='line_1_94' title="bbox 1004 4298 1725 4374; baseline -0.001 -17"><span class='ocrx_word' id='word_1_558' title='bbox 1004 4302 1040 4357; x_wconf 81' lang='lat' dir='ltr'><strong>ut</strong></span> <span class='ocrx_word' id='word_1_559' title='bbox 1054 4317 1118 4374; x_wconf 84' lang='lat' dir='ltr'><strong>quae</strong></span> <span class='ocrx_word' id='word_1_560' title='bbox 1135 4300 1184 4358; x_wconf 89' lang='lat' dir='ltr'><strong>dat</strong></span> <span class='ocrx_word' id='word_1_561' title='bbox 1197 4300 1287 4357; x_wconf 87' lang='lat' dir='ltr'><strong>vitam</strong></span> <span class='ocrx_word' id='word_1_562' title='bbox 1303 4298 1425 4372; x_wconf 90' lang='lat' dir='ltr'><strong>reliquis</strong></span> <span class='ocrx_word' id='word_1_563' title='bbox 1441 4299 1642 4356; x_wconf 86' lang='lat' dir='ltr'><strong>animantibus</strong></span> <span class='ocrx_word' id='word_1_564' title='bbox 1658 4300 1725 4357; x_wconf 90' lang='lat' dir='ltr'><strong>illes</strong></span> 
     </span>
     <span class='ocr_line' id='line_1_95' title="bbox 1005 4387 1786 4462; baseline 0 -16"><span class='ocrx_word' id='word_1_565' title='bbox 1005 4391 1094 4448; x_wconf 88' lang='lat' dir='ltr'><strong>Terra</strong></span> <span class='ocrx_word' id='word_1_566' title='bbox 1109 4389 1305 4462; x_wconf 89' lang='lat' dir='ltr'><strong>repercutiens</strong></span> <span class='ocrx_word' id='word_1_567' title='bbox 1320 4387 1477 4445; x_wconf 88' lang='lat' dir='ltr'><strong>merientes</strong></span> <span class='ocrx_word' id='word_1_568' title='bbox 1493 4389 1584 4445; x_wconf 86' lang='lat' dir='ltr'><strong>mittit</strong></span> <span class='ocrx_word' id='word_1_569' title='bbox 1598 4390 1634 4446; x_wconf 88' lang='lat' dir='ltr'><strong>ad</strong></span> <span class='ocrx_word' id='word_1_570' title='bbox 1653 4389 1786 4447; x_wconf 91' lang='lat' dir='ltr'><strong>umbras.</strong></span> 
     </span>
    </p>
   </div>
   <div class='ocr_carea' id='block_1_13' title="bbox 160 4476 1628 4564">
    <p class='ocr_par' dir='ltr' id='par_1_23' title="bbox 160 4476 1628 4564">
     <span class='ocr_line' id='line_1_96' title="bbox 160 4476 1628 4564; baseline -0.001 -28"><span class='ocrx_word' id='word_1_571' title='bbox 160 4480 282 4539; x_wconf 88' lang='lat' dir='ltr'><strong>Nescius</strong></span> <span class='ocrx_word' id='word_1_572' title='bbox 297 4481 421 4537; x_wconf 88' lang='lat' dir='ltr'><strong>istorum</strong></span> <span class='ocrx_word' id='word_1_573' title='bbox 437 4479 629 4552; x_wconf 75' lang='lat' dir='ltr'><strong>Raymundus</strong></span> <span class='ocrx_word' id='word_1_574' title='bbox 645 4478 752 4535; x_wconf 93' lang='lat' dir='ltr'><strong>mobile</strong></span> <span class='ocrx_word' id='word_1_575' title='bbox 767 4484 896 4537; x_wconf 88' lang='lat' dir='ltr'><strong>castrum</strong></span> <span class='ocrx_word' id='word_1_576' title='bbox 964 4500 989 4564; x_wconf 74' lang='lat' dir='ltr'>D</span> <span class='ocrx_word' id='word_1_577' title='bbox 1005 4480 1168 4537; x_wconf 88' lang='lat' dir='ltr'><strong>Occurrunt</strong></span> <span class='ocrx_word' id='word_1_578' title='bbox 1183 4477 1233 4534; x_wconf 90' lang='lat' dir='ltr'><strong>alii</strong></span> <span class='ocrx_word' id='word_1_579' title='bbox 1248 4476 1353 4551; x_wconf 86' lang='lat' dir='ltr'><strong>gladiis</strong></span> <span class='ocrx_word' id='word_1_580' title='bbox 1368 4477 1528 4550; x_wconf 88' lang='lat' dir='ltr'><strong>animeque</strong></span> <span class='ocrx_word' id='word_1_581' title='bbox 1540 4477 1628 4546; x_wconf 90' lang='lat' dir='ltr'><strong>virili,</strong></span> 
     </span>
    </p>
   </div>
   <div class='ocr_carea' id='block_1_14' title="bbox 122 4567 924 5622">
    <p class='ocr_par' dir='ltr' id='par_1_24' title="bbox 124 4567 869 4911">
     <span class='ocr_line' id='line_1_97' title="bbox 124 4567 848 4635; baseline -0.001 -9"><span class='ocrx_word' id='word_1_582' title='bbox 124 4570 311 4627; x_wconf 89' lang='lat' dir='ltr'><strong>Genducebat</strong></span> <span class='ocrx_word' id='word_1_583' title='bbox 325 4569 431 4635; x_wconf 90' lang='lat' dir='ltr'><strong>adhue,</strong></span> <span class='ocrx_word' id='word_1_584' title='bbox 442 4568 494 4625; x_wconf 87' lang='lat' dir='ltr'><strong>sed</strong></span> <span class='ocrx_word' id='word_1_585' title='bbox 508 4584 593 4625; x_wconf 88' lang='lat' dir='ltr'><strong>voces</strong></span> <span class='ocrx_word' id='word_1_586' title='bbox 609 4567 731 4624; x_wconf 90' lang='lat' dir='ltr'><strong>auribus</strong></span> <span class='ocrx_word' id='word_1_587' title='bbox 748 4568 848 4625; x_wconf 91' lang='lat' dir='ltr'><strong>hausit</strong></span> 
     </span>
     <span class='ocr_line' id='line_1_98' title="bbox 125 4656 867 4732; baseline -0.001 -16"><span class='ocrx_word' id='word_1_588' title='bbox 125 4659 270 4729; x_wconf 83' lang='lat' dir='ltr'><strong>Insolitas,</strong></span> <span class='ocrx_word' id='word_1_589' title='bbox 286 4664 456 4730; x_wconf 88' lang='lat' dir='ltr'><strong>turremque</strong></span> <span class='ocrx_word' id='word_1_590' title='bbox 472 4656 561 4713; x_wconf 88' lang='lat' dir='ltr'><strong>David</strong></span> <span class='ocrx_word' id='word_1_591' title='bbox 576 4656 652 4713; x_wconf 90' lang='lat' dir='ltr'><strong>celer</strong></span> <span class='ocrx_word' id='word_1_592' title='bbox 666 4656 729 4732; x_wconf 88' lang='lat' dir='ltr'><strong>ipse</strong></span> <span class='ocrx_word' id='word_1_593' title='bbox 744 4659 844 4731; x_wconf 87' lang='lat' dir='ltr'><strong>petivit</strong></span> <span class='ocrx_word' id='word_1_594' title='bbox 860 4676 867 4715; x_wconf 74' lang='grc' dir='ltr'>ε</span> 
     </span>
     <span class='ocr_line' id='line_1_99' title="bbox 124 4746 869 4820; baseline 0 -16"><span class='ocrx_word' id='word_1_595' title='bbox 124 4749 181 4804; x_wconf 86' lang='lat' dir='ltr'><strong>Nee</strong></span> <span class='ocrx_word' id='word_1_596' title='bbox 195 4765 276 4804; x_wconf 87' lang='lat' dir='ltr'><strong>mera</strong></span> <span class='ocrx_word' id='word_1_597' title='bbox 290 4749 451 4805; x_wconf 85' lang='lat' dir='ltr'><strong>Tureerum</strong></span> <span class='ocrx_word' id='word_1_598' title='bbox 468 4746 614 4820; x_wconf 87' lang='lat' dir='ltr'><strong>princeps,</strong></span> <span class='ocrx_word' id='word_1_599' title='bbox 632 4747 765 4804; x_wconf 91' lang='lat' dir='ltr'><strong>custodia</strong></span> <span class='ocrx_word' id='word_1_600' title='bbox 780 4748 869 4804; x_wconf 88' lang='lat' dir='ltr'><strong>turris</strong></span> 
     </span>
     <span class='ocr_line' id='line_1_100' title="bbox 124 4837 798 4911; baseline -0.003 -17"><span class='ocrx_word' id='word_1_601' title='bbox 124 4837 176 4894; x_wconf 86' lang='lat' dir='ltr'><strong>Cui</strong></span> <span class='ocrx_word' id='word_1_602' title='bbox 191 4837 349 4896; x_wconf 89' lang='lat' dir='ltr'><strong>commissu</strong></span> <span class='ocrx_word' id='word_1_603' title='bbox 364 4837 430 4904; x_wconf 91' lang='lat' dir='ltr'><strong>suit,</strong></span> <span class='ocrx_word' id='word_1_604' title='bbox 446 4837 575 4893; x_wconf 89' lang='lat' dir='ltr'><strong>demissa</strong></span> <span class='ocrx_word' id='word_1_605' title='bbox 589 4853 666 4904; x_wconf 89' lang='grc'><strong>1000,</strong></span> <span class='ocrx_word' id='word_1_606' title='bbox 685 4837 798 4911; x_wconf 89' lang='lat' dir='ltr'><strong>roganti</strong></span> 
     </span>
    </p>

    <p class='ocr_par' dir='ltr' id='par_1_25' title="bbox 122 4925 924 5532">
     <span class='ocr_line' id='line_1_101' title="bbox 122 4925 760 4996; baseline 0.002 -16"><span class='ocrx_word' id='word_1_607' title='bbox 122 4926 223 4996; x_wconf 88' lang='lat' dir='ltr'><strong>Vultu,</strong></span> <span class='ocrx_word' id='word_1_608' title='bbox 239 4927 371 4984; x_wconf 87' lang='lat' dir='ltr'><strong>dimissis</strong></span> <span class='ocrx_word' id='word_1_609' title='bbox 386 4925 490 4993; x_wconf 89' lang='lat' dir='ltr'><strong>oculis,</strong></span> <span class='ocrx_word' id='word_1_610' title='bbox 503 4943 520 4980; x_wconf 93' lang='lat' dir='ltr'><strong>a</strong></span> <span class='ocrx_word' id='word_1_611' title='bbox 534 4925 655 4981; x_wconf 89' lang='lat' dir='ltr'><strong>consule</strong></span> <span class='ocrx_word' id='word_1_612' title='bbox 670 4925 760 4981; x_wconf 89' lang='lat' dir='ltr'><strong>vitam</strong></span> 
     </span>
     <span class='ocr_line' id='line_1_102' title="bbox 124 5011 839 5086; baseline 0 -16"><span class='ocrx_word' id='word_1_613' title='bbox 124 5013 265 5081; x_wconf 83' lang='lat' dir='ltr'><strong>Postulat,</strong></span> <span class='ocrx_word' id='word_1_614' title='bbox 281 5015 408 5071; x_wconf 89' lang='lat' dir='ltr'><strong>auferret</strong></span> <span class='ocrx_word' id='word_1_615' title='bbox 423 5013 489 5085; x_wconf 88' lang='lat' dir='ltr'><strong>quis</strong></span> <span class='ocrx_word' id='word_1_616' title='bbox 504 5011 605 5068; x_wconf 91' lang='lat' dir='ltr'><strong>inertis</strong></span> <span class='ocrx_word' id='word_1_617' title='bbox 622 5013 741 5086; x_wconf 76' lang='lat' dir='ltr'><strong>premia</strong></span> <span class='ocrx_word' id='word_1_618' title='bbox 754 5014 839 5071; x_wconf 90' lang='lat' dir='ltr'><strong>victo.</strong></span> 
     </span>
     <span class='ocr_line' id='line_1_103' title="bbox 123 5102 924 5177; baseline 0.004 -19"><span class='ocrx_word' id='word_1_619' title='bbox 123 5104 196 5159; x_wconf 84' lang='lat' dir='ltr'><strong>Ecce</strong></span> <span class='ocrx_word' id='word_1_620' title='bbox 209 5121 317 5176; x_wconf 86' lang='lat' dir='ltr'><strong>pavens</strong></span> <span class='ocrx_word' id='word_1_621' title='bbox 329 5104 443 5159; x_wconf 84' lang='lat' dir='ltr'><strong>Tereus</strong></span> <span class='ocrx_word' id='word_1_622' title='bbox 458 5103 551 5173; x_wconf 90' lang='lat' dir='ltr'><strong>aperit</strong></span> <span class='ocrx_word' id='word_1_623' title='bbox 565 5102 629 5158; x_wconf 90' lang='lat' dir='ltr'><strong>sine</strong></span> <span class='ocrx_word' id='word_1_624' title='bbox 645 5120 795 5159; x_wconf 90' lang='lat' dir='ltr'><strong>murmure</strong></span> <span class='ocrx_word' id='word_1_625' title='bbox 810 5109 924 5177; x_wconf 87' lang='lat' dir='ltr'><strong>portem</strong></span> 
     </span>
     <span class='ocr_line' id='line_1_104' title="bbox 123 5190 857 5266; baseline 0 -18"><span class='ocrx_word' id='word_1_626' title='bbox 123 5191 303 5259; x_wconf 86' lang='lat' dir='ltr'><strong>Hostibus,a</strong></span> <span class='ocrx_word' id='word_1_627' title='bbox 319 5190 426 5247; x_wconf 89' lang='lat' dir='ltr'><strong>nostris</strong></span> <span class='ocrx_word' id='word_1_628' title='bbox 440 5190 525 5247; x_wconf 88' lang='lat' dir='ltr'><strong>letias</strong></span> <span class='ocrx_word' id='word_1_629' title='bbox 540 5191 702 5263; x_wconf 90' lang='lat' dir='ltr'><strong>majeribus</strong></span> <span class='ocrx_word' id='word_1_630' title='bbox 717 5198 857 5266; x_wconf 85' lang='lat' dir='ltr'><strong>emptam.</strong></span> 
     </span>
     <span class='ocr_line' id='line_1_105' title="bbox 124 5280 874 5352; baseline 0.003 -15"><span class='ocrx_word' id='word_1_631' title='bbox 124 5281 272 5338; x_wconf 82' lang='lat' dir='ltr'><strong>Turbidus</strong></span> <span class='ocrx_word' id='word_1_632' title='bbox 286 5284 415 5352; x_wconf 89' lang='lat' dir='ltr'><strong>optatam</strong></span> <span class='ocrx_word' id='word_1_633' title='bbox 432 5280 596 5352; x_wconf 90' lang='lat' dir='ltr'><strong>prorumpit</strong></span> <span class='ocrx_word' id='word_1_634' title='bbox 610 5281 701 5337; x_wconf 90' lang='lat' dir='ltr'><strong>victor</strong></span> <span class='ocrx_word' id='word_1_635' title='bbox 717 5281 745 5337; x_wconf 95' lang='lat' dir='ltr'><strong>in</strong></span> <span class='ocrx_word' id='word_1_636' title='bbox 762 5283 874 5351; x_wconf 88' lang='lat' dir='ltr'><strong>urbem,</strong></span> 
     </span>
     <span class='ocr_line' id='line_1_106' title="bbox 123 5369 913 5447; baseline 0.004 -21"><span class='ocrx_word' id='word_1_637' title='bbox 123 5369 346 5441; x_wconf 79' lang='lat' dir='ltr'><strong>Praecipitesque</strong></span> <span class='ocrx_word' id='word_1_638' title='bbox 360 5370 437 5424; x_wconf 90' lang='lat' dir='ltr'><strong>vires</strong></span> <span class='ocrx_word' id='word_1_639' title='bbox 451 5369 576 5441; x_wconf 89' lang='lat' dir='ltr'><strong>graviter</strong></span> <span class='ocrx_word' id='word_1_640' title='bbox 589 5385 662 5426; x_wconf 90' lang='lat' dir='ltr'><strong>suus</strong></span> <span class='ocrx_word' id='word_1_641' title='bbox 678 5371 806 5444; x_wconf 91' lang='lat' dir='ltr'><strong>impetus</strong></span> <span class='ocrx_word' id='word_1_642' title='bbox 821 5377 913 5447; x_wconf 86' lang='lat' dir='ltr'><strong>urget.</strong></span> 
     </span>
     <span class='ocr_line' id='line_1_107' title="bbox 123 5457 727 5532; baseline 0 -17"><span class='ocrx_word' id='word_1_643' title='bbox 123 5457 256 5515; x_wconf 87' lang='lat' dir='ltr'><strong>Occurrit</strong></span> <span class='ocrx_word' id='word_1_644' title='bbox 270 5475 408 5530; x_wconf 88' lang='lat' dir='ltr'><strong>suprema</strong></span> <span class='ocrx_word' id='word_1_645' title='bbox 423 5459 485 5516; x_wconf 87' lang='lat' dir='ltr'><strong>dies</strong></span> <span class='ocrx_word' id='word_1_646' title='bbox 500 5458 669 5532; x_wconf 87' lang='lat' dir='ltr'><strong>gentilibus,</strong></span> <span class='ocrx_word' id='word_1_647' title='bbox 685 5459 727 5515; x_wconf 90' lang='lat' dir='ltr'><strong>illi</strong></span> 
     </span>
    </p>

    <p class='ocr_par' dir='ltr' id='par_1_26' title="bbox 124 5545 805 5622">
     <span class='ocr_line' id='line_1_108' title="bbox 124 5545 805 5622; baseline -0.007 -13"><span class='ocrx_word' id='word_1_648' title='bbox 124 5547 161 5609; x_wconf 83' lang='lat' dir='ltr'><strong>Ge</strong></span> <span class='ocrx_word' id='word_1_649' title='bbox 176 5545 252 5604; x_wconf 92' lang='lat' dir='ltr'><strong>bello</strong></span> <span class='ocrx_word' id='word_1_650' title='bbox 267 5546 385 5620; x_wconf 83' lang='lat' dir='ltr'><strong>sugium</strong></span> <span class='ocrx_word' id='word_1_651' title='bbox 398 5546 429 5606; x_wconf 90' lang='lat' dir='ltr'><strong>iu</strong></span> <span class='ocrx_word' id='word_1_652' title='bbox 443 5547 564 5620; x_wconf 88' lang='lat' dir='ltr'><strong>bellum,</strong></span> <span class='ocrx_word' id='word_1_653' title='bbox 580 5548 682 5621; x_wconf 87' lang='lat' dir='ltr'><strong>lapsus</strong></span> <span class='ocrx_word' id='word_1_654' title='bbox 697 5548 805 5622; x_wconf 75' lang='lat' dir='ltr'><strong>ubique</strong></span> 
     </span>
    </p>
   </div>
   <div class='ocr_carea' id='block_1_15' title="bbox 1001 4565 1833 5533">
    <p class='ocr_par' dir='ltr' id='par_1_27' title="bbox 1001 4565 1833 5533">
     <span class='ocr_line' id='line_1_109' title="bbox 1006 4565 1741 4642; baseline -0.005 -16"><span class='ocrx_word' id='word_1_655' title='bbox 1006 4567 1164 4642; x_wconf 90' lang='lat' dir='ltr'><strong>Supposita</strong></span> <span class='ocrx_word' id='word_1_656' title='bbox 1178 4565 1287 4623; x_wconf 88' lang='lat' dir='ltr'><strong>cervice</strong></span> <span class='ocrx_word' id='word_1_657' title='bbox 1299 4582 1397 4623; x_wconf 91' lang='lat' dir='ltr'><strong>moras</strong></span> <span class='ocrx_word' id='word_1_658' title='bbox 1411 4567 1442 4622; x_wconf 93' lang='lat' dir='ltr'><strong>in</strong></span> <span class='ocrx_word' id='word_1_659' title='bbox 1457 4572 1551 4624; x_wconf 87' lang='lat' dir='ltr'><strong>morte</strong></span> <span class='ocrx_word' id='word_1_660' title='bbox 1566 4571 1741 4640; x_wconf 88' lang='lat' dir='ltr'><strong>queruntur.</strong></span> 
     </span>
     <span class='ocr_line' id='line_1_110' title="bbox 1005 4656 1673 4730; baseline -0.003 -17"><span class='ocrx_word' id='word_1_661' title='bbox 1005 4657 1040 4713; x_wconf 89' lang='lat' dir='ltr'><strong>ui</strong></span> <span class='ocrx_word' id='word_1_662' title='bbox 1056 4674 1119 4714; x_wconf 88' lang='lat' dir='ltr'><strong>sese</strong></span> <span class='ocrx_word' id='word_1_663' title='bbox 1134 4657 1260 4725; x_wconf 79' lang='lat' dir='ltr'><strong>cedunt,</strong></span> <span class='ocrx_word' id='word_1_664' title='bbox 1277 4660 1444 4730; x_wconf 88' lang='lat' dir='ltr'><strong>mortesque</strong></span> <span class='ocrx_word' id='word_1_665' title='bbox 1459 4673 1528 4713; x_wconf 90' lang='lat' dir='ltr'><strong>suas</strong></span> <span class='ocrx_word' id='word_1_666' title='bbox 1544 4656 1673 4714; x_wconf 90' lang='lat' dir='ltr'><strong>inimicis</strong></span> 
     </span>
     <span class='ocr_line' id='line_1_111' title="bbox 1004 4744 1627 4820; baseline -0.003 -17"><span class='ocrx_word' id='word_1_667' title='bbox 1004 4747 1140 4820; x_wconf 77' lang='lat' dir='ltr'><strong>Eripuere</strong></span> <span class='ocrx_word' id='word_1_668' title='bbox 1155 4745 1229 4818; x_wconf 87' lang='lat' dir='ltr'><strong>suis,</strong></span> <span class='ocrx_word' id='word_1_669' title='bbox 1243 4744 1292 4802; x_wconf 88' lang='lat' dir='ltr'><strong>isti</strong></span> <span class='ocrx_word' id='word_1_670' title='bbox 1308 4746 1465 4819; x_wconf 87' lang='lat' dir='ltr'><strong>pugnando</strong></span> <span class='ocrx_word' id='word_1_671' title='bbox 1481 4751 1627 4802; x_wconf 82' lang='lat' dir='ltr'><strong>secantur.</strong></span> 
     </span>
     <span class='ocr_line' id='line_1_112' title="bbox 1003 4833 1833 4909; baseline -0.001 -17"><span class='ocrx_word' id='word_1_672' title='bbox 1003 4835 1194 4909; x_wconf 82' lang='lat' dir='ltr'><strong>Naufragium</strong></span> <span class='ocrx_word' id='word_1_673' title='bbox 1210 4835 1280 4891; x_wconf 90' lang='lat' dir='ltr'><strong>dum</strong></span> <span class='ocrx_word' id='word_1_674' title='bbox 1297 4834 1422 4908; x_wconf 87' lang='lat' dir='ltr'><strong>quisque</strong></span> <span class='ocrx_word' id='word_1_675' title='bbox 1438 4834 1506 4890; x_wconf 89' lang='grc'><strong>10011</strong></span> <span class='ocrx_word' id='word_1_676' title='bbox 1521 4835 1587 4903; x_wconf 90' lang='lat' dir='ltr'><strong>sibi,</strong></span> <span class='ocrx_word' id='word_1_677' title='bbox 1603 4833 1729 4907; x_wconf 89' lang='lat' dir='ltr'><strong>quisque</strong></span> <span class='ocrx_word' id='word_1_678' title='bbox 1746 4849 1833 4891; x_wconf 84' lang='lat' dir='ltr'><strong>neca·</strong></span> 
     </span>
     <span class='ocr_line' id='line_1_113' title="bbox 1722 4921 1795 4997; baseline 0 -18"><span class='ocrx_word' id='word_1_679' title='bbox 1722 4921 1795 4997; x_wconf 87' lang='grc'><strong>[101,</strong></span> 
     </span>
     <span class='ocr_line' id='line_1_114' title="bbox 1003 5011 1751 5086; baseline -0.001 -16"><span class='ocrx_word' id='word_1_680' title='bbox 1003 5015 1130 5086; x_wconf 87' lang='lat' dir='ltr'><strong>Corpora</strong></span> <span class='ocrx_word' id='word_1_681' title='bbox 1144 5029 1286 5069; x_wconf 76' lang='lat' dir='ltr'><strong>caesorum</strong></span> <span class='ocrx_word' id='word_1_682' title='bbox 1301 5011 1403 5068; x_wconf 88' lang='lat' dir='ltr'><strong>caudis</strong></span> <span class='ocrx_word' id='word_1_683' title='bbox 1417 5012 1580 5086; x_wconf 91' lang='lat' dir='ltr'><strong>religantur</strong></span> <span class='ocrx_word' id='word_1_684' title='bbox 1595 5028 1751 5086; x_wconf 89' lang='lat' dir='ltr'><strong>equorum.</strong></span> 
     </span>
     <span class='ocr_line' id='line_1_115' title="bbox 1001 5101 1742 5176; baseline -0.003 -17"><span class='ocrx_word' id='word_1_685' title='bbox 1001 5105 1096 5176; x_wconf 80' lang='lat' dir='ltr'><strong>Atque</strong></span> <span class='ocrx_word' id='word_1_686' title='bbox 1113 5103 1189 5158; x_wconf 89' lang='grc'><strong>10100</strong></span> <span class='ocrx_word' id='word_1_687' title='bbox 1199 5103 1285 5175; x_wconf 78' lang='lat' dir='ltr'><strong>juxta</strong></span> <span class='ocrx_word' id='word_1_688' title='bbox 1300 5116 1401 5158; x_wconf 91' lang='lat' dir='ltr'><strong>muros</strong></span> <span class='ocrx_word' id='word_1_689' title='bbox 1416 5101 1617 5175; x_wconf 89' lang='lat' dir='ltr'><strong>glomerantur</strong></span> <span class='ocrx_word' id='word_1_690' title='bbox 1631 5101 1742 5170; x_wconf 87' lang='lat' dir='ltr'><strong>inusta,</strong></span> 
     </span>
     <span class='ocr_line' id='line_1_116' title="bbox 1003 5189 1730 5264; baseline -0.003 -16"><span class='ocrx_word' id='word_1_691' title='bbox 1003 5191 1090 5249; x_wconf 90' lang='lat' dir='ltr'><strong>Plura</strong></span> <span class='ocrx_word' id='word_1_692' title='bbox 1104 5192 1223 5264; x_wconf 90' lang='lat' dir='ltr'><strong>quidem</strong></span> <span class='ocrx_word' id='word_1_693' title='bbox 1237 5190 1331 5247; x_wconf 85' lang='lat' dir='ltr'><strong>divisa</strong></span> <span class='ocrx_word' id='word_1_694' title='bbox 1344 5190 1417 5247; x_wconf 91' lang='lat' dir='ltr'><strong>locis</strong></span> <span class='ocrx_word' id='word_1_695' title='bbox 1431 5189 1460 5247; x_wconf 92' lang='lat' dir='ltr'><strong>in</strong></span> <span class='ocrx_word' id='word_1_696' title='bbox 1478 5193 1570 5248; x_wconf 86' lang='grc'><strong>111010</strong></span> <span class='ocrx_word' id='word_1_697' title='bbox 1579 5191 1730 5264; x_wconf 87' lang='lat' dir='ltr'><strong>jacebant,</strong></span> 
     </span>
     <span class='ocr_line' id='line_1_117' title="bbox 1003 5279 1708 5355; baseline -0.003 -16"><span class='ocrx_word' id='word_1_698' title='bbox 1003 5280 1249 5353; x_wconf 88' lang='lat' dir='ltr'><strong>Perdiderantque</strong></span> <span class='ocrx_word' id='word_1_699' title='bbox 1262 5283 1347 5337; x_wconf 88' lang='lat' dir='ltr'><strong>netas</strong></span> <span class='ocrx_word' id='word_1_700' title='bbox 1361 5279 1485 5337; x_wconf 90' lang='lat' dir='ltr'><strong>humaui</strong></span> <span class='ocrx_word' id='word_1_701' title='bbox 1502 5280 1640 5355; x_wconf 87' lang='lat' dir='ltr'><strong>eorporis,</strong></span> <span class='ocrx_word' id='word_1_702' title='bbox 1656 5279 1708 5337; x_wconf 90' lang='lat' dir='ltr'><strong>illa</strong></span> 
     </span>
     <span class='ocr_line' id='line_1_118' title="bbox 1004 5369 1704 5445; baseline -0.003 -16"><span class='ocrx_word' id='word_1_703' title='bbox 1004 5369 1134 5429; x_wconf 87' lang='lat' dir='ltr'><strong>Gentiles</strong></span> <span class='ocrx_word' id='word_1_704' title='bbox 1148 5369 1278 5426; x_wconf 86' lang='lat' dir='ltr'><strong>neudum</strong></span> <span class='ocrx_word' id='word_1_705' title='bbox 1294 5369 1425 5426; x_wconf 88' lang='lat' dir='ltr'><strong>damnati</strong></span> <span class='ocrx_word' id='word_1_706' title='bbox 1443 5370 1539 5426; x_wconf 90' lang='lat' dir='ltr'><strong>llcnde</strong></span> <span class='ocrx_word' id='word_1_707' title='bbox 1558 5371 1704 5445; x_wconf 84' lang='lat' dir='ltr'><strong>legebant,</strong></span> 
     </span>
     <span class='ocr_line' id='line_1_119' title="bbox 1003 5457 1722 5533; baseline -0.004 -17"><span class='ocrx_word' id='word_1_708' title='bbox 1003 5460 1040 5517; x_wconf 79' lang='lat' dir='ltr'><strong>et</strong></span> <span class='ocrx_word' id='word_1_709' title='bbox 1054 5463 1195 5533; x_wconf 89' lang='lat' dir='ltr'><strong>congesta</strong></span> <span class='ocrx_word' id='word_1_710' title='bbox 1209 5457 1298 5514; x_wconf 88' lang='lat' dir='ltr'><strong>simul</strong></span> <span class='ocrx_word' id='word_1_711' title='bbox 1315 5458 1463 5516; x_wconf 79' lang='lat' dir='ltr'><strong>ducebant</strong></span> <span class='ocrx_word' id='word_1_712' title='bbox 1476 5459 1586 5518; x_wconf 89' lang='lat' dir='ltr'><strong>mentis</strong></span> <span class='ocrx_word' id='word_1_713' title='bbox 1600 5460 1637 5517; x_wconf 92' lang='lat' dir='ltr'><strong>ad</strong></span> <span class='ocrx_word' id='word_1_714' title='bbox 1652 5459 1722 5515; x_wconf 89' lang='lat' dir='ltr'><strong>ima.</strong></span> 
     </span>
    </p>
   </div>
   <div class='ocr_carea' id='block_1_16' title="bbox 0 0 1912 6006">
    <p class='ocr_par' dir='ltr' id='par_1_28' title="bbox 0 0 1912 6006">
     <span class='ocr_line' id='line_1_120' title="bbox 0 0 1912 6006; baseline 0 5"><span class='ocrx_word' id='word_1_715' title='bbox 0 0 1912 6006; x_wconf 95' lang='lat' dir='ltr'><strong> </strong></span> 
     </span>
    </p>
   </div>
  </div>
 </body>
</html>
