3816 6006
63 271 131 334 ‘no
419 270 454 333 a.
478 266 676 335 mousom
698 263 798 335 mar.
823 274 1103 338 samanaeos.
1126 272 1219 338 irin.
1236 275 1361 337 -ma
1382 275 1423 338 u.
1715 261 1776 342 no

69 402 182 460 hieriat
196 419 251 460 aua
264 402 386 477 gavisus
400 404 568 478 spopondit.
579 405 658 461 inira
670 403 758 462 istam
770 423 898 479 namque
912 407 939 474 Α
953 406 1026 464 alios
1041 407 1348 482 principes,mandans
1358 407 1600 481 imperatori,cnr
1609 426 1697 467 causa
1706 423 1774 486 pro·

67 492 221 559 ildariam,
234 509 327 566 quara
340 493 385 549 eis
408 494 486 549 done
508 493 666 563 concessit,
680 495 743 567 ejus
757 495 894 553 homines
949 496 1068 553 ditionis
1083 514 1150 553 cum
1179 495 1466 569 Constantinopolim
1489 498 1588 554 venire
1604 498 1729 567 laeissct,
1742 505 1776 558 et

66 581 273 638 fraudulenter
300 599 334 638 ex
362 582 471 638 nostrie
499 582 709 640 interfecerunt
737 585 894 657 quemdam
949 587 1211 643 suumexercitum
1229 586 1332 642 ledere
1358 586 1563 643 consensisset.
1582 589 1636 656 Qui
1656 589 1774 647 omnino

65 670 222 745 egregi-am
238 669 376 742 militem,
392 672 439 728 cui
466 687 573 728 nomen
599 673 720 729 Pontius
735 673 895 731 liaioaldas
949 690 1017 730 cum
1033 674 1218 732 attestatione
1242 674 1406 749 denegavit,
1432 674 1552 732 dicens:
1571 699 1584 726 a
1601 676 1658 733 lloc
1683 676 1713 733 in
1733 677 1775 734 rei

66 764 142 816 erat.
155 760 285 817 Fratrem
297 761 748 833 quoqueaaumvulnemverunt
759 762 894 836 graviter.
947 763 1099 820 veritatem
1116 781 1174 820 non
1190 769 1235 820 cst
1258 765 1368 820 lactum
1399 780 1463 820 meo
1491 764 1624 834 consilio,
1640 766 1776 838 quamvis

66 848 137 905 Noa
149 847 193 904 illi
205 849 265 906 iter
279 849 463 923 arripientes,
480 850 655 906 invenerunt
668 851 790 909 nuntios
803 852 896 926 impe·
949 851 1111 909 certissimo
1120 853 1212 910 sciam
1224 854 1300 925 quod
1313 857 1382 909 tuus
1394 853 1538 910 exercitus
1550 853 1691 911 damnum
1703 853 1775 911 mibi

63 938 175 994 uteris
190 942 340 1011 portantes
353 938 465 996 litteras
485 940 521 996 de
536 956 606 1012 paco
621 944 651 995 et
675 941 812 997 firmitate
827 957 895 998 cum
950 941 1111 997 maximum
1127 941 1269 1008 intulerit,
1287 941 1406 998 castella
1429 941 1563 998 videlicet
1588 946 1617 998 et
1645 942 1777 1001 civitates

63 1026 132 1083 illle
146 1024 284 1096 tenenda,
299 1028 376 1083 sicut
391 1045 458 1084 eum
475 1027 767 1102 liliispropriis.lnter
777 1030 837 1086 hec
847 1047 897 1086 au·
949 1030 1083 1103 proprias
1099 1029 1386 1103 depopulando'libi
1404 1034 1501 1085 autem
1517 1028 1643 1087 ildeliter
1658 1030 1776 1088 satista-

65 1120 129 1173 tem
145 1116 243 1183 Turci,
257 1122 289 1173 et
313 1116 489 1184 mauronti,
506 1123 534 1174 et
554 1118 676 1186 (domati,
693 1123 721 1174 et
746 1118 851 1187 Sclavi,
867 1123 897 1175 et
950 1119 1076 1175 ctionem
1091 1120 1227 1176 concedo.
1246 1142 1260 1170 a
1279 1119 1408 1175 Posthac
1423 1123 1693 1192 autern,antequam
1710 1135 1776 1177 coa·

68 1204 132 1270 tiri,
148 1210 177 1261 et
191 1206 330 1262 Athenaei
345 1206 791 1273 insidirbanturchristicolam
801 1209 830 1264 in
847 1206 895 1263 ali·
949 1208 1082 1264 venirent
1097 1209 1131 1264 ad
1144 1207 1405 1280 judicium,comes
1418 1207 1543 1264 absolvit
1557 1208 1704 1265 llduciam.
1717 1210 1775 1266 Ab·

65 1310 131 1367 qua
145 1299 229 1367 parte
240 1311 292 1351 eor
301 1295 405 1350 ladem
417 1295 728 1367 potuissent.Quadam
738 1296 838 1370 itaque
849 1295 896 1351 die
950 1296 1105 1370 solutaque
1119 1298 1237 1364 fiducia,
1246 1297 1391 1353 exercitus
1405 1298 1469 1367 ejus
1480 1296 1560 1352 venit
1569 1296 1776 1355 Constantino·

67 1384 143 1439 dum
159 1380 309 1439 Podiensia
322 1383 478 1456 episcopus
494 1383 659 1456 hospitatus
674 1389 762 1450 esset,
775 1383 898 1458 contigit
950 1385 1051 1458 polim.
1069 1387 1152 1443 'lunc
1168 1386 1329 1459 imperator
1343 1385 1495 1442 mandavit
1510 1385 1620 1453 comiti,
1637 1386 1714 1443 sicut
1725 1401 1776 1444 sa·
1881 1396 1883 1400 ‘

69 1477 102 1536 ut
117 1489 136 1528 a
148 1471 329 1528 Piuciuaatis
344 1476 507 1544 caperetur.
526 1463 578 1539 Qui
598 1473 814 1546 praecipitantes
828 1489 896 1529 eum
951 1474 1051 1547 parius
1065 1475 1205 1542 diximus,
1221 1480 1253 1531 ut
1274 1476 1379 1532 iaceret
1394 1475 1420 1531 ei
1436 1474 1614 1546 hominium,
1630 1472 1776 1549 quemad·

65 1562 106 1618 de
120 1560 203 1617 mula
218 1577 283 1627 sua,
302 1560 546 1633 exspoliaverunt,
562 1565 590 1617 et
617 1561 647 1618 in
673 1561 779 1618 vertice
794 1562 898 1635 capitis
952 1565 1073 1619 modum
1089 1563 1137 1619 alii
1154 1564 1281 1620 latrones
1296 1564 1434 1620 fecerant.
1450 1564 1553 1620 Comes
1568 1580 1635 1620 vero
1649 1563 1776 1621 medita·

68 1648 500 1724 gravitervulneraveruat.Sed
512 1651 692 1722 quietantus
704 1650 753 1706 Dei
769 1651 898 1724 pontifex
951 1653 1039 1709 batur
1050 1651 1177 1725 qualiter
1188 1669 1220 1709 se
1235 1654 1271 1709 de
1286 1651 1471 1725 imperatoris
1487 1653 1612 1709 exercitu
1628 1653 1776 1711 vindicare

67 1739 169 1795 dirue
185 1738 293 1812 populo
308 1738 358 1795 Dei
375 1743 438 1794 erat
453 1740 645 1806 necessarius,
662 1756 715 1812 per
727 1741 792 1813 ejus
808 1740 897 1795 mise·
952 1742 1105 1815 potuisset.
1122 1741 1179 1799 Sed
1195 1742 1255 1797 dux
1275 1740 1461 1808 Godelridus,
1478 1746 1507 1797 et
1525 1741 1712 1799 Flandrensi's
1727 1749 1776 1798 cb·

68 1828 226 1889 ricordiam
240 1828 306 1884 vita
318 1833 481 1884 racematus
493 1831 665 1886 est.lnterea
676 1846 768 1886 sonus
777 1830 897 1885 auditur
951 1848 1023 1899 mes,
1040 1835 1068 1887 et
1083 1831 1131 1888 alii
1157 1831 1306 1904 principes
1333 1830 1528 1903 prohibebont
1550 1847 1630 1897 eum,
1646 1829 1777 1888 dicenter

66 1918 101 1974 ia
114 1916 260 1988 tentoriis,
277 1921 489 1974 concurrerunt
511 1935 613 1974 omnes
642 1918 678 1974 ad
693 1934 773 1985 eum,
791 1923 819 1975 et
834 1917 896 1975 sine
951 1936 1016 1976 esse
1031 1920 1175 1991 injustum
1191 1935 1323 1993 pugnare
1338 1924 1440 1974 contra
1454 1918 1686 1975 Christianosllt
1700 1919 1777 1976 lica·

70 2023 156 2063 mora
169 2005 344 2078 eripuerunt
358 2021 426 2061 eam
443 2006 478 2062 de
493 2006 612 2063 illorum
628 2007 765 2063 manibus
788 2006 898 2063 Taliter
951 2009 1081 2065 mundus
1094 2009 1167 2064 dixit
1182 2008 1298 2082 quodsi
1315 2008 1432 2081 aliquod
1448 2007 1592 2080 injustam
1607 2012 1709 2065 contra
1723 2007 1778 2065 im·

69 2096 173 2169 ltaque
186 2096 387 2168 pervenientes
403 2095 438 2151 ad
454 2096 602 2168 quoddam
616 2096 896 2169 castrumqucdvo·
951 2101 1114 2170 paraturam
1131 2098 1248 2165 laceret,
1264 2101 1292 2153 et
1307 2097 1445 2152 llduciam
1458 2097 1484 2152 ei
1501 2096 1594 2153 lacero
1619 2095 1774 2166 noluisset,

68 2191 157 2242 catur
170 2183 341 2250 buinathet
355 2184 466 2239 dictum
477 2188 522 2240 est
530 2184 630 2241 comiti
641 2186 718 2258 quod
731 2184 896 2241 pincinnati
951 2186 1014 2259 ipse
1030 2187 1103 2242 toret
1117 2202 1151 2242 ex
1166 2186 1353 2258 imperatoris
1371 2191 1463 2257 parts.
1488 2183 1581 2258 Igitur
1603 2200 1712 2252 cernes,
1728 2200 1777 2241 ac-

69 2273 289 2331 inaidiebantur
307 2277 336 2328 et
350 2273 380 2328 in
395 2278 523 2346 augusta
540 2274 588 2329 via
606 2275 760 2346 cujusdam
778 2274 896 2331 montis.
952 2281 1035 2348 cepto
1051 2275 1172 2332 consilio
1189 2273 1291 2342 esuis,
1308 2273 1406 2330 Alexio
1422 2274 1510 2329 vitam
1530 2279 1559 2329 et
1573 2272 1714 2329 honorem
1726 2273 1777 2346 ju·

70 2362 126 2430 oei
141 2362 283 2419 mansit
298 2366 375 2418 retro
390 2378 458 2418 cum
474 2362 610 2436 pluribus
622 2363 806 2432 mili-tibus,et
823 2364 899 2420 inve·
952 2364 1036 2433 ravit,
1053 2365 1129 2436 quod
1146 2380 1199 2420 nec
1215 2380 1266 2435 per
1281 2379 1311 2418 se
1327 2379 1379 2418 nec
1391 2379 1442 2435 per
1456 2362 1547 2418 alium
1559 2362 1585 2418 oi
1600 2367 1709 2418 terram
1724 2377 1777 2419 au·

69 2451 319 2509 sitiliacinnatos
335 2470 342 2519 3
360 2468 449 2507 unam
475 2457 588 2524 partem
604 2451 722 2509 illorum
738 2453 853 2522 occidit,
869 2458 898 2510 et
951 2454 1049 2510 ferret.
1067 2454 1198 2526 Cumque
1213 2454 1249 2508 de
1264 2451 1394 2508 hominio
1410 2438 1614 2525 appellarethr,
1626 2450 1779 2524 respondit

70 2541 202 2614 reliquos
219 2540 456 2614 iugavitlntcrea
471 2540 630 2613 imperator
641 2542 776 2597 mittebat
785 2541 898 2599 litteras
952 2560 984 2599 sc
1001 2541 1155 2599 nacoliam
1173 2558 1224 2612 pro
1236 2539 1301 2595 vite
1316 2539 1445 2612 periculo
1464 2539 1493 2596 id
1522 2540 1679 2596 iacturum.
1704 2540 1777 2610 Boa-

67 2645 144 2688 ruas
157 2631 192 2687 ad
208 2629 275 2686 illos
286 2630 425 2702 pacifice,
443 2647 477 2686 ea
502 2629 558 2685 alia
575 2647 643 2686 vero
658 2634 739 2703 parte
754 2630 854 2687 hostes
868 2631 899 2687 il·
953 2631 1064 2688 mundo
1080 2631 1179 2702 itaque
1194 2627 1266 2685 dixit
1280 2628 1539 2701 imperator,quem
1555 2629 1639 2685 valde
1652 2627 1779 2685 timebat

70 2719 132 2776 liu
146 2719 278 2792 undique
292 2718 511 2775 insidiabantur
519 2718 597 2775 illos.
614 2720 743 2776 ‘landem
760 2736 897 2793 pervene-
953 2721 1032 2794 (nam
1048 2736 1124 2791 sapa
1138 2735 1205 2775 snm
1221 2735 1289 2774 cum
1314 2734 1368 2773 suo
1387 2716 1513 2774 exercitu
1528 2718 1683 2792 devicerat)
1698 2718 1777 2790 quod

70 2812 143 2865 rarat
155 2809 193 2864 ad
206 2806 351 2864 civitatem
367 2808 662 2880 quamdam,nomine
678 2808 898 2866 nassamones
953 2808 978 2866 sl
995 2809 1118 2864 libenter
1128 2809 1268 2880 jurasset,
1286 2811 1315 2863 et
1342 2806 1511 2879 quindecim
1534 2807 1627 2863 dictas
1646 2812 1729 2864 terra
1743 2807 1776 2863 in

68 2896 899 2970 autemilliuscivitatisapertoquidquidpoterantcontra
953 2898 1120 2954 extensione
1135 2897 1171 2953 ab
1185 2894 1339 2952 Antiochia
1354 2895 1478 2959 daret,et
1488 2895 1594 2952 octoin
1608 2894 1776 2952 latitudine.

69 2982 142 3043 illes
154 2986 312 3042 tmiebam.
329 2987 388 3042 lloc
407 3003 475 3042 cam
490 2986 610 3042 vidisset
623 3003 730 3056 comes,
746 2985 839 3042 iratus
854 2989 896 3042 ni·
954 2988 1045 3059 ilique
1059 2986 1108 3042 tali
1119 2989 1202 3057 pacto
1213 2985 1370 3056 juravit,ut
1381 2983 1465 3040 siille
1482 2983 1779 3062 fiducialitertcnuis·

72 3075 134 3131 mis
144 3075 237 3147 jussit
250 3075 380 3147 arripere
395 3079 523 3139 arma,et
537 3075 647 3147 impetu
659 3076 786 3131 maximo
801 3074 898 3132 debel-
954 3081 998 3131 sot
1013 3076 1084 3131 illud
1095 3073 1389 3145 sacramentum,ipse
1399 3089 1487 3129 suum
1501 3087 1653 3145 nunquam
1664 3077 1780 3146 prester·

73 3164 171 3220 laetae
184 3163 391 3230 civitatem,cui
407 3181 513 3220 nornen
531 3165 656 3220 Rodcsto
670 3170 723 3221 est.
741 3164 790 3220 Dio
801 3168 898 3220 autem
914 3167 936 3232 c
956 3165 1019 3220 iret.
1036 3165 1118 3220 Tunc
1128 3180 1201 3237 gens
1211 3161 1372 3219 Boamundi
1382 3161 1629 3235 appropinquavit
1639 3162 1779 3219 Constan-

72 3251 899 3326 illemiliteaimporatorisinvaserunteosretroincauda.
954 3252 1087 3325 tinopoli.
1160 3309 1163 3313 ἵ
1674 3312 1678 3319 ,

69 3341 151 3398 θεῶ
162 3341 273 3415 quibus
288 3358 385 3399 comes
401 3342 560 3415 proliatos,
576 3342 722 3398 interiecit
735 3359 770 3398 ex
784 3341 843 3398 iliis
853 3342 902 3398 tri·
990 3341 1378 3414 OmnositaqueChristiane
1390 3339 1636 3414 religionissimul
1646 3341 1675 3396 in
1686 3353 1779 3398 unum

71 3429 171 3505 patr,
186 3434 215 3487 et
230 3431 485 3504 sexaginiacquos
495 3431 748 3487 retinuitlaterim
758 3437 902 3488 venerunt
955 3432 1122 3506 congregati
1147 3434 1342 3504 pervenerunt
1366 3430 1402 3486 ad
1432 3434 1562 3503 portum,
1590 3430 1691 3504 sicque
1719 3445 1780 3488 una

75 3519 164 3593 legati
180 3519 217 3576 ab
230 3519 406 3592 imperatore
416 3519 644 3586 missi,dicentes
655 3521 731 3593 quod
743 3521 902 3594 imperator
954 3521 1217 3578 transfretaverunt
1234 3519 1400 3586 brachium,
1415 3524 1444 3575 et
1468 3517 1674 3592 applicuerunt
1693 3519 1779 3577 Nico·

75 3607 260 3682 promitteret
274 3608 373 3664 omnia
388 3609 501 3681 perdita
514 3609 671 3682 diligenter
686 3609 901 3683 reintegrare,si
954 3611 1056 3681 aniam,
1072 3611 1249 3682 fueruntque
1264 3607 1302 3664 ihi
1319 3608 1519 3681 pertresdies.
1535 3608 1599 3664 Dux
1614 3608 1779 3681 itaquello-

71 3712 176 3753 cemes
190 3698 396 3753 tantummodo
411 3715 478 3753 cum
493 3699 595 3771 paucis
606 3702 635 3754 et
649 3699 712 3755 sinc
723 3700 813 3756 armis
823 3700 901 3757 lesti-
954 3700 1094 3766 delridus,
1111 3703 1139 3755 et
1154 3697 1341 3754 Flandrenaie
1352 3697 1644 3766 comes,obsedorunt
1652 3697 1779 3754 Nicaeam

67 3800 147 3842 m
161 3786 444 3859 Constaminopolim
456 3788 721 3860 dignaretur.0uod
737 3789 833 3845 etdux
847 3793 900 3846 Go-
954 3791 1110 3856 civitatem,
1126 3806 1190 3861 que
1205 3793 1250 3844 est
1264 3788 1354 3843 totius
1369 3791 1457 3859 caput
1472 3787 1702 3858 Romanie,cum
1713 3785 1778 3845 suls

72 3874 218 3939 detridm,
234 3880 263 3932 et
279 3876 479 3942 hosmundus,
494 3880 524 3932 et
540 3877 726 3933 Flandrensis
746 3895 855 3946 comes,
872 3883 901 3936 et
954 3878 1139 3936 exercitibus.
1156 3878 1244 3934 Juxta
1257 3894 1331 3949 quos
1344 3875 1423 3932 venit
1442 3876 1640 3946 boamundus,
1656 3892 1780 3948 eamque

73 3979 179 4021 omncs
195 3965 243 4021 alii
259 3964 406 4038 principes
420 3966 663 4038 deprecabantur.
676 3967 899 4024 Alabantctiam
954 3968 1099 4026 obsedita
1115 3965 1310 4039 septentrione
1325 3964 1355 4020 in
1371 3969 1451 4020 sexto
1467 3963 1513 4020 die
1529 3963 1559 4020 ia
1575 3963 1667 4032 Malo;
1679 3963 1778 4036 ibique

72 4054 152 4126 quod
168 4055 328 4125 imperator
337 4058 490 4127 assumpta
506 4071 591 4110 cruce
613 4056 771 4130 spopondit
793 4073 824 4113 sa
834 4074 900 4114 ven·
954 4057 1150 4114 castrametati
1166 4056 1293 4110 luerunt.
1307 4053 1395 4110 lodie
1410 4058 1507 4109 autem
1524 4051 1780 4110 ascensionisve

72 4147 176 4198 turum
193 4143 433 4216 Hierosolymam,
450 4144 652 4200 existensdux
677 4146 902 4218 etcaputChri-
955 4147 1027 4202 mini
1042 4149 1192 4219 eoeparunt
1212 4143 1355 4199 civitatem
1384 4141 1611 4216 circumquaque
1630 4141 1778 4209 invadere,

68 4231 253 4287 suanorum.
270 4231 328 4287 lloc
343 4249 442 4288 comes
458 4233 672 4300 audiens,illico
688 4232 809 4291 dimisso
819 4252 900 4292 exer·
954 4241 982 4293 et
997 4236 1139 4291 aedificare
1153 4233 1350 4289 instrumenta
1373 4230 1520 4304 lignorum
1537 4237 1618 4288 extra
1633 4229 1779 4287 turresii·

68 4320 135 4376 altu
151 4321 316 4393 properarit
330 4321 614 4394 metantinopolim
629 4322 708 4396 loqui
725 4340 791 4380 cum
808 4323 899 4398 impe·
954 4324 1166 4399 gneas,quibus
1179 4319 1432 4395 possentmurales
1442 4325 1538 4376 turres
1553 4325 1693 4377 sternere.
1705 4319 1779 4376 'lam

72 4413 179 4466 ratore.
195 4409 247 4466 Cui
263 4410 337 4467 dixit
351 4411 512 4485 imperator
528 4416 559 4467 ut
577 4413 641 4484 ejus
665 4413 753 4469 homo
764 4414 855 4486 heret,
871 4420 900 4472 et
953 4415 1067 4472 fortiter
1080 4417 1178 4469 ettam
1195 4410 1301 4467 acriter
1316 4408 1528 4482 aggrediuntur
1543 4408 1691 4465 civitatem
1702 4424 1779 4465 una-

72 4498 212 4554 tldaciam
228 4499 254 4555 ei
269 4500 387 4567 iaceret,
403 4502 655 4572 quemadmodum
670 4501 860 4561 boamundus
871 4509 899 4561 et
915 4526 938 4593 D
954 4505 1074 4561 nimiter
1089 4519 1141 4575 per
1155 4502 1228 4557 duos
1240 4497 1394 4571 dies,quod
1408 4496 1506 4554 fodero
1517 4515 1631 4571 quoque
1644 4499 1780 4556 lecerunt

72 4584 122 4641 alii
138 4587 286 4661 principes
297 4589 435 4646 fecerant.
455 4590 674 4663 Responditque
685 4608 782 4648 comcs
794 4609 800 4648 :
814 4615 827 4644 a
842 4595 898 4649 ab·
953 4593 1079 4649 civitatis
1095 4606 1223 4646 murum.
1241 4586 1329 4644 'l'urci
1342 4585 1541 4660 quoque,licet
1556 4603 1627 4660 gens
1643 4589 1777 4658 barbara,

71 4675 121 4744 sit,
138 4680 172 4732 ut
186 4676 215 4732 in
230 4675 285 4734 hec
300 4679 482 4752 viaaliquem
499 4678 653 4735 domiuum
662 4681 839 4737 constituam
852 4700 898 4739 su·
952 4684 1098 4739 miserunt
1112 4677 1232 4736 nuntios
1247 4676 1375 4749 aliis,qui
1386 4681 1526 4733 venerant
1537 4675 1647 4732 civitati
1664 4677 1778 4748 adjuto·

70 4781 198 4838 parma,
215 4766 270 4822 nisi
286 4767 370 4824 illam
385 4770 591 4826 tantummodo
604 4785 692 4841 quern
707 4768 899 4844 habeo,cujua
952 4773 1029 4829 rium
1046 4771 1126 4838 dare,
1143 4769 1172 4824 iu
1188 4767 1267 4822 hunc
1284 4766 1420 4822 modum:
1433 4766 1531 4832 «Quod
1543 4765 1683 4822 audacter
1693 4780 1778 4821 sectr·

68 4869 173 4909 amore
189 4853 248 4910 huo
262 4871 357 4928 usque
370 4857 445 4913 veni.
462 4859 498 4913 At
519 4857 543 4914 si
568 4875 684 4914 crucem
698 4859 815 4914 Domini
830 4859 898 4915 dili·
953 4877 1041 4933 reque
1056 4856 1268 4932 approximent,
1284 4859 1313 4911 st
1335 4872 1386 4927 per
1413 4854 1605 4911 meridianam
1630 4854 1779 4911 introeant

70 4947 177 5015 genter
190 4942 323 5016 bajulare
336 4946 391 5015 vis,
403 4949 432 5003 et
445 4946 600 5003 nobiscum
613 4947 842 5020 llierosolymam
853 4966 899 5006 ve-
953 4955 1077 5024 portam,
1086 4949 1225 5020 quonlam
1234 4962 1269 5001 ex
1281 4943 1333 5000 illa
1343 4948 1425 5017 parte
1437 4960 1524 5001 nemo
1534 4944 1638 5001 eisarit
1649 4943 1777 5013 obviam,

68 5029 146 5099 nire,
163 5047 216 5105 ego
231 5036 261 5089 et
275 5049 379 5091 omnes
394 5035 503 5092 subditi
511 5035 582 5092 mihi
593 5037 779 5110 tuoimperio
790 5038 900 5094 obtem·
952 5057 1006 5094 nac
1021 5035 1215 5095 contristabit.
1232 5037 1299 5099 Qua
1311 5033 1466 5106 porteipsa
1477 5033 1524 5090 die
1537 5030 1777 5089 acomiteSancti

71 5120 271 5193 parabimuso
284 5124 367 5181 inter
380 5123 440 5181 hec
450 5126 523 5182 dum
535 5142 633 5183 comes
643 5131 720 5182 esset
731 5126 896 5183 Constanti·
952 5128 1056 5202 AEgidii
1073 5131 1102 5184 et
1117 5122 1251 5183 Podienai
1267 5121 1402 5196 episcopo
1417 5122 1517 5178 statim
1529 5137 1667 5196 prospere
1681 5119 1778 5194 hospi·

67 5209 214 5282 sopolim,
230 5213 376 5270 exercitus
396 5214 582 5287 imperatoris
611 5215 735 5272 insidias
756 5216 897 5273 exercitui
951 5222 1013 5274 tata
1027 5221 1080 5274 est.
1099 5238 1113 5265 a
1128 5213 1180 5282 Qui
1197 5228 1294 5269 comes
1310 5211 1430 5268 veniens
1454 5229 1488 5269 ex
1514 5211 1565 5268 illa
1580 5215 1775 5286 parts,prote*

67 5298 189 5356 comitis
209 5303 370 5369 amentes,
387 5319 421 5358 ea
435 5303 593 5376 improviso
608 5303 790 5378 invaserunt,
801 5305 896 5380 pluri-
951 5312 1015 5363 ctus
1030 5303 1253 5370 divinavirtute‚
1270 5304 1357 5373 atque
1381 5301 1506 5360 terrenis
1535 5301 1666 5378 fulgebat
1681 5299 1773 5358 armis

65 5400 196 5459 mosque
211 5401 245 5443 cr
258 5387 304 5446 eis
315 5389 655 5449 alamannicam
663 5397 761 5450 autem
772 5395 895 5454 audiens
950 5413 1016 5454 cum
1033 5411 1087 5452 suo
1101 5389 1262 5449 contesimo
1278 5389 1415 5447 exercitu.
1431 5390 1484 5448 liic
1506 5391 1607 5464 itaque
1622 5389 1775 5447 inveniens

70 5474 118 5532 sui
133 5477 280 5534 exercitus
297 5478 465 5549 hesionam,
476 5480 631 5556 ingemuit,
643 5483 790 5557 nimisque
801 5487 894 5545 tristis
950 5489 1060 5545 Turcos
1074 5482 1224 5540 venientes
1234 5478 1463 5556 undique,signo
1478 5480 1574 5550 crucis
1589 5483 1778 5551 armetusve·

69 5565 192 5624 effectos
207 5569 260 5626 est.
278 5568 442 5645 Statimque
470 5570 612 5629 invocavit
633 5572 848 5645 hosmundum,
864 5580 894 5635 et
948 5576 1101 5634 hementer
1110 5568 1197 5631 irruit
1210 5578 1301 5647 super
1309 5564 1390 5642 mos,
1403 5570 1436 5631 el
1448 5567 1578 5651 superati
1585 5569 1668 5639 auat,
1683 5567 1777 5629 etde·
