3816 6006
102 196 164 258 199
324 254 327 260 Α
541 192 658 256 PAULI
681 195 713 254 S.
736 193 854 254 Pll'l'ltl
876 191 1148 255 clanesmeis
1165 188 1362 252 ‚Menaeni
1743 192 1804 257 200

100 324 234 382 tarrailla
245 341 333 399 quam
343 324 625 399 predictusAgsnus
636 324 740 398 praesul
755 325 927 393 dedit,nuoc
942 328 969 393 Α
984 324 1111 380 candum
1127 322 1157 379 in
1171 322 1227 380 hae
1241 325 1405 395 parte,cum
1420 322 1460 379 sit
1474 321 1609 395 superius
1624 322 1745 383 dictum.
1755 325 1806 383 Sat

102 432 194 488 usque
209 416 244 470 ad
261 419 368 470 terram
384 413 483 469 Sancti
494 413 622 482 Martini,
634 413 764 470 fidolium
780 415 865 470 danis
882 414 925 469 di·
981 431 1083 469 cerasus
1095 414 1130 469 ad
1143 417 1255 485 portam
1269 411 1412 468 Benedicti
1424 411 1572 470 Clausoris
1583 418 1611 468 et
1621 417 1728 470 terram
1739 432 1803 487 quae

100 503 199 572 latete,
217 503 384 576 proceditur
403 503 469 575 (58).
489 503 661 559 Dividuntur
681 520 748 559 vere
764 503 926 575 aquodam
979 508 1024 558 est
1032 504 1068 559 ad
1077 503 1177 558 lavam
1186 500 1472 556 tetrantibusvicum
1482 502 1625 558 ducamus
1634 520 1686 575 per
1695 503 1803 559 atrium

99 593 154 661 via,
171 609 236 665 qua
261 591 443 649 descendite
458 592 537 665 regia
563 596 663 658 strata,
681 609 769 663 super
790 591 925 649 clausum
980 591 1078 648 Sancti
1095 589 1208 661 Hilarii,
1222 590 1268 646 via
1284 589 1402 663 publica
1421 606 1485 662 que
1509 590 1604 664 pergit
1627 592 1664 647 ad
1687 597 1802 664 portam

100 685 233 738 nestrum
256 680 337 737 eunti
358 680 393 736 ad
409 679 505 736 vicum
520 681 619 736 Sancti
634 681 761 748 Martini,
778 697 872 752 usque
887 680 923 735 ad
979 679 1149 735 Cinerosam
1162 680 1231 751 (65);
1244 695 1370 751 eumque
1380 679 1493 735 veneris
1504 679 1540 751 ad
1551 681 1803 752 angustamviam,

99 774 212 843 portam
230 769 321 826 nostri
337 768 403 834 viui,
422 768 520 841 ibique
536 775 613 825 terra
628 768 726 824 Sancti
739 768 855 824 Martini
867 786 874 836 ;
887 768 923 823 ad
952 796 963 811 ·
977 784 1041 841 qua
1055 768 1207 825 descendit
1222 768 1257 823 de
1270 774 1363 823 rostra
1374 784 1407 823 ac
1418 767 1566 824 cimeterio
1578 768 1676 825 Sancti
1686 769 1803 841 Auiani,

99 861 230 915 dextram
248 858 421 914 intrantium
446 859 552 927 vicum,
569 875 663 929 usque
688 858 724 913 ad
747 857 923 914 Guestraudi
972 858 1060 929 juxta
1075 857 1174 914 Sancti
1192 856 1263 913 Pisti
1278 861 1397 925 terram,
1415 855 1492 912 sieut
1506 857 1642 929 superius
1663 857 1801 928 diximus,

98 954 220 1020 puteum
243 947 298 1019 (59)
320 946 498 1013 inclavatur;
516 963 649 1019 pergens,
665 946 741 1002 sicut
765 947 924 1002 ostendunt
977 950 1007 1000 et
1022 946 1157 1018 superius
1172 951 1201 1002 et
1217 945 1339 1001 interius
1352 949 1431 1000 terra
1444 945 1543 1002 Sancti
1561 946 1634 1002 Petri
1650 950 1694 1002 cst
1709 964 1803 1019 usque

99 1037 186 1110 positi
213 1036 335 1108 lapides,
353 1052 447 1108 usque
470 1035 506 1089 ad
531 1035 689 1091 auduram.
711 1036 801 1091 Terra
824 1040 923 1091 autem
977 1034 1007 1091 in
1023 1035 1152 1104 Andura,
1170 1035 1245 1090 intra
1261 1050 1377 1107 quoque
1389 1034 1458 1090 civit
1478 1039 1536 1090 tem
1552 1052 1569 1091 a
1584 1039 1668 1107 perta
1683 1037 1802 1108 quadi·

100 1125 198 1182 Sancti
216 1125 289 1180 Petri
306 1124 412 1179 transit
427 1124 536 1179 ttamen
553 1140 645 1196 usquc
656 1125 692 1179 ad
703 1123 802 1180 Sancti
816 1129 925 1180 Lanae·
977 1123 1053 1179 citur
1074 1124 1203 1197 Aquaria
1222 1123 1281 1197 (66)
1305 1139 1399 1196 usque
1422 1124 1458 1179 ad
1482 1127 1597 1195 portam
1622 1122 1801 1182 cinerosam.

100 1212 173 1269 mari
189 1217 373 1284 terramque
389 1212 594 1269 tantummodo
604 1213 683 1268 vadit
694 1229 787 1285 usque
799 1213 834 1269 ad
845 1213 922 1269 viam
977 1212 1068 1268 Prisci
1084 1212 1221 1268 monaehi
1237 1229 1270 1267 ac
1285 1210 1417 1268 canonici
1429 1216 1495 1284 post
1507 1228 1566 1279 ees,
1575 1213 1660 1283 juxta
1671 1229 1801 1284 murum,

100 1301 259 1375 publicam,
275 1318 362 1374 aqua
377 1302 484 1357 iterum
500 1301 603 1374 incipit
618 1302 716 1358 Sancti
733 1302 809 1357 Petri
833 1305 922 1371 terra,
976 1300 1055 1357 sicut
1068 1301 1115 1357 via
1130 1301 1288 1372 dividebat,
1304 1301 1341 1357 ab
1357 1319 1416 1357 una
1430 1305 1514 1373 porta
1536 1317 1660 1374 pergens
1675 1301 1712 1358 ad
1727 1302 1802 1358 alte·

95 1392 159 1463 jam
170 1390 425 1446 fructiferisvineis
435 1388 923 1463 impleta,teuditurqueterensque
977 1407 1040 1445 ram
1064 1395 1190 1463 portam,
1201 1391 1270 1462 jure
1293 1389 1469 1446 hereditario
1492 1393 1585 1448 totam
1609 1390 1803 1464 possederunt

99 1481 135 1536 ad
151 1495 347 1550 crucemque
363 1477 451 1534 estin
467 1478 540 1534 atriu
552 1479 644 1534 saneti
655 1477 923 1536 Bartclonei.llanc
976 1482 1102 1547 terram;
1120 1484 1163 1535 set
1178 1496 1195 1534 a
1216 1479 1322 1536 comite
1344 1478 1375 1534 in
1399 1478 1513 1535 civitate
1537 1479 1702 1536 introducto
1726 1479 1802 1536 iacta

100 1569 200 1640 itaque
215 1572 323 1624 terram
339 1572 399 1623 tarn
415 1565 537 1623 liberam
552 1566 645 1623 valuit
665 1568 770 1624 Sancto
794 1567 877 1624 Petro
893 1569 922 1623 in
979 1567 1061 1634 turri,
1079 1585 1112 1623 ac
1127 1567 1156 1623 in
1173 1567 1296 1624 circuitu
1312 1567 1397 1624 vallis
1411 1584 1532 1624 censum
1548 1569 1695 1643 subripuit
1713 1569 1802 1625 alios-

100 1657 311 1713 moaachorum
327 1673 399 1712 usus
414 1656 621 1729 stipendiarios
633 1655 733 1729 largiri
748 1657 923 1714 venerabilis
977 1672 1035 1727 que
1049 1657 1321 1714 consuetudinarios
1337 1674 1419 1713 usus.
1436 1657 1545 1714 Tamen
1559 1674 1666 1727 cemes,
1683 1657 1800 1731 probae

100 1745 206 1820 praesul
222 1744 432 1819 Ragantredus,
450 1750 482 1801 ut
498 1744 599 1801 nullus
614 1751 730 1801 exactor
742 1744 844 1802 exinde
858 1763 923 1802 caa-
977 1744 1041 1817 ipsa
1054 1762 1095 1812 re,
1111 1745 1237 1819 singulis
1262 1745 1357 1813 annis,
1375 1746 1410 1802 ad
1436 1745 1645 1802 occidentalem
1669 1747 1799 1820 plagam,

99 1852 166 1894 sum
181 1834 224 1891 vel
245 1835 390 1892 decimam
416 1834 565 1909 exigendo,
583 1834 736 1892 monachis
760 1834 851 1891 ullam
877 1835 923 1890 in·
976 1832 1007 1889 in
1022 1850 1125 1907 campo
1141 1834 1244 1903 Fabro,
1262 1852 1353 1891 unum
1369 1835 1500 1891 medium
1515 1834 1574 1890 viai
1586 1835 1679 1907 jussit
1695 1852 1799 1892 mona-

100 1923 302 1997 quietudinem
317 1925 434 1981 laceret.
451 1924 483 1981 ln
499 1941 557 1997 qua
572 1925 659 1979 etiam
674 1924 865 1996 prasulcum
874 1926 925 1980 Ar·
977 1922 1041 1979 chis
1056 1924 1129 1991 dari,
1145 1924 1280 1996 quamvis
1295 1923 1478 1996 possidentes
1496 1923 1610 1980 vineam
1624 1923 1654 1980 in
1670 1925 1725 1982 hoo
1740 1924 1800 1981 siat

100 2012 191 2069 duino
205 2013 293 2069 tratre
309 2029 374 2080 suo,
390 2013 449 2069 tere
462 2029 512 2069 ιιιιι
529 2013 685 2085 aripennos
701 2011 790 2068 vineae
810 2012 922 2085 planta·
978 2011 1168 2085 negligentes.
1177 2013 1285 2068 lterum
1300 2029 1417 2085 quoque
1432 2029 1450 2069 a
1463 2015 1547 2087 porta
1560 2012 1707 2080 Cinerosa,
1723 2017 1801 2071 terra

99 2101 150 2157 vit.
166 2101 272 2157 alceus
287 2101 343 2174 (60)
357 2118 472 2173 quoque
488 2102 579 2156 abbas
603 2101 698 2157 tactus
712 2106 741 2156 et
757 2100 806 2156 alii
821 2119 923 2158 mona·
977 2099 1075 2156 Sancti
1090 2100 1191 2157 Hiiarii
1207 2100 1364 2174 incipiebat
1379 2100 1567 2168 Pictavensis,
1583 2118 1646 2174 quae
1663 2102 1721 2158 lere
1731 2118 1801 2175 qua·

100 2189 147 2246 obi
162 2189 272 2246 sanim
287 2194 379 2245 totam
400 2189 578 2262 plantavere,
594 2194 627 2245 ut
651 2188 681 2244 in
705 2194 764 2245 toto
787 2190 924 2246 videntur
976 2189 1060 2244 dram
1090 2190 1217 2246 civitatis
1245 2191 1405 2259 obtinebat,
1431 2206 1519 2263 qaam
1549 2190 1727 2248 terminabat
1752 2190 1800 2247 via

100 2295 165 2336 esse
179 2295 254 2334 xxva
270 2278 421 2352 agripenni
437 2278 731 2334 vinem'l’erminatur
745 2284 843 2335 autem
859 2279 923 2352 ipsa
976 2294 1100 2350 pergens
1115 2296 1167 2351 per
1182 2279 1309 2335 mediam
1331 2278 1476 2335 civitatem
1501 2279 1538 2335 ad
1561 2283 1683 2335 turrem.
1699 2281 1800 2352 ltaque

98 2372 177 2425 terra
192 2384 208 2423 a
222 2383 307 2423 cruce
322 2384 411 2439 quam
428 2367 679 2440 prediximus,via
693 2385 757 2440 qua
772 2368 923 2424 descendit
976 2366 1096 2438 quidam
1114 2365 1199 2423 miles
1215 2367 1291 2424 banc
1306 2372 1412 2424 terram
1429 2367 1556 2440 quodam
1574 2369 1642 2439 jure
1666 2368 1799 2441 posside·

99 2456 135 2513 ad
165 2462 278 2531 portam
304 2456 440 2524 Marardi,
462 2455 578 2529 aliaque
602 2457 705 2524 trente,
723 2462 800 2512 terra
822 2457 922 2530 Sancti
976 2455 1036 2522 hat,
1054 2459 1099 2512 set
1113 2456 1211 2512 divino
1225 2472 1323 2513 amore
1345 2457 1483 2530 flagrans,
1497 2456 1604 2513 Sancte
1628 2457 1710 2514 Petro
1734 2472 1799 2514 cam

96 2540 288 2613 ΙῙιιιιιιιιιιιιιιί,
304 2545 335 2601 in
351 2562 410 2617 qua
424 2546 519 2601 fronte
534 2544 696 2600 inclavatur
716 2546 843 2617 quodam
859 2546 922 2603 loco
976 2543 1129 2614 concessit,
1147 2544 1269 2612 donans,
1286 2562 1320 2601 eo
1339 2543 1474 2601 videlicet
1496 2548 1605 2613 tenore,
1623 2549 1656 2601 ut
1670 2545 1699 2601 in
1724 2544 1798 2603 atrio

99 2651 193 2709 usque
208 2635 244 2689 ad
259 2634 421 2691 Auderem.
436 2634 479 2689 Ad
496 2633 647 2689 meridiem
668 2634 815 2690 clauditur
830 2634 922 2692 vincis
976 2632 1074 2688 Sancti
1090 2632 1165 2688 Petri
1182 2633 1317 2689 monachi
1333 2634 1363 2688 in
1379 2633 1488 2690 honore
1510 2633 1603 2689 sancti
1627 2633 1728 2690 llilarii
1743 2650 1798 2691 ac-

99 2723 294 2797 plurimorum
309 2722 473 2779 homiuum.
490 2723 532 2778 Ad
548 2722 719 2779 orientalem
735 2722 850 2795 plagam
864 2729 920 2779 ter·
975 2720 1094 2776 alesiam
1110 2725 1321 2791 construerent,
1338 2723 1416 2795 qaod
1432 2725 1461 2777 et
1475 2722 1583 2779 tactum
1599 2722 1711 2779 satsat
1720 2727 1798 2781 terra

99 2812 229 2869 minatur
243 2812 359 2868 duobus
375 2812 543 2884 agripennis
567 2812 759 2885 vinee,quod
786 2812 921 2868 dedimus
974 2808 1039 2881 ipsa
1067 2825 1156 2881 quam
1185 2809 1515 2883 acceperuntamilite,
1538 2811 1565 2866 ai
1591 2815 1744 2883 potentum
1768 2815 1798 2868 et

98 2901 214 2958 duobus
230 2900 338 2957 nostris
353 2900 554 2973 carpentariis,
571 2898 696 2972 aliisque
711 2899 813 2957 vineis.
973 2896 1162 2954 inbecillitate
1176 2899 1302 2972 propn'a,
1319 2899 1361 2955 ita
1375 2904 1419 2956 est
1434 2901 1471 2955 ab
1490 2900 1533 2956 eis
1557 2916 1688 2973 pesessa,
1704 2904 1737 2956 ut
1750 2900 1798 2956 vix

132 2991 320 3062 Jamjaraque
335 2990 371 3045 ad
386 2994 494 3045 terram
517 2989 604 3061 Burgi
629 2993 759 3045 vertatur
782 2989 918 3062 pennula,
975 2992 1055 3043 sexta
1069 3003 1138 3059 pars
1162 3004 1267 3044 census
1291 2987 1334 3044 eis
1359 2989 1498 3044 reddatur
1522 2990 1557 3045 ab
1582 2988 1696 3046 incolis.
1712 2988 1798 3046 Dedit

98 3095 161 3152 qua
177 3078 283 3135 iterum
298 3077 400 3150 incipit
415 3078 569 3150 aviaque
592 3078 627 3134 ad
653 3083 767 3151 portam
793 3079 919 3134 Morardi
937 3062 958 3130 G
976 3076 1065 3132 etiarn
1078 3076 1162 3133 miles
1175 3078 1211 3133 de
1227 3094 1284 3150 qao
1300 3094 1390 3150 supra
1412 3078 1553 3144 diximus,
1569 3076 1605 3134 de
1627 3078 1728 3134 eadem
1744 3093 1799 3151 po·

96 3169 176 3224 vadit
190 3168 227 3224 ab
239 3168 370 3233 Andura,
383 3166 521 3239 linquens
532 3166 561 3221 ia
576 3167 652 3223 bivio
669 3172 776 3222 terram
793 3166 919 3223 filiorum
974 3168 1079 3221 testate
1107 3165 1212 3222 Sancto
1242 3167 1325 3222 Petro
1355 3166 1384 3222 in
1414 3166 1501 3222 Manu
1525 3164 1632 3222 Vitiare
1655 3166 1797 3240 grandem

97 3256 186 3314 belial
201 3256 267 3330 (61),
284 3256 393 3312 nostris
407 3272 524 3329 semper
544 3256 685 3324 odiosam,
702 3262 789 3328 atque
804 3256 840 3311 ab
857 3255 921 3329 ipsa
974 3254 1200 3327 amplitudinem
1225 3259 1308 3310 terra
1333 3255 1364 3310 in
1389 3271 1449 3327 qua
1472 3254 1608 3311 monaehi
1631 3255 1663 3311 in
1686 3254 1796 3312 honore

96 3350 181 3419 perta
204 3361 297 3418 usque
321 3345 356 3400 ad
382 3344 460 3400 viam
485 3362 548 3416 qua
566 3344 596 3400 in
611 3349 776 3401 transverse
791 3344 869 3400 vadit
884 3346 920 3401 ad
974 3342 1068 3397 sancti
1087 3342 1188 3399 llilarii
1212 3344 1371 3400 secundam
1394 3343 1554 3401 aeclesiam
1570 3343 1794 3400 edificaverunt.

96 3433 239 3508 posticam
255 3449 320 3505 que
334 3432 511 3488 'trievitulus
528 3434 582 3506 (62)
595 3432 747 3499 vocitatur,
763 3432 888 3505 indeque
904 3450 921 3488 a
974 3431 1024 3487 Set
1038 3435 1066 3486 et
1080 3431 1110 3486 iu
1125 3431 1248 3488 circuitu
1266 3431 1422 3503 urbis,tam
1435 3433 1465 3489 in
1484 3432 1578 3506 burgo
1602 3448 1691 3505 quam
1715 3435 1796 3489 extra

96 3521 160 3578 leva
174 3521 249 3578 radit
263 3537 357 3594 usque
371 3521 408 3576 ad
423 3522 593 3588 Auduram;
610 3538 674 3593 quaa
689 3522 797 3576 ttamen
814 3521 921 3577 transit
974 3520 1112 3593 burgum,
1129 3519 1262 3592 pluribus
1276 3521 1307 3576 in
1322 3519 1393 3577 lacis
1413 3525 1457 3578 est
1479 3526 1558 3577 terra
1580 3521 1679 3578 Sancti
1695 3518 1771 3578 Petri
1787 3537 1794 3577 ε

95 3626 148 3684 per
163 3614 280 3683 pontem
298 3608 455 3682 Morgentia
471 3609 595 3682 pediculi
612 3610 762 3679 (63),vadit
774 3611 859 3681 juxta
869 3610 921 3666 tlu-
974 3609 1008 3664 ad
1026 3608 1234 3665 occidentalem
1246 3610 1365 3682 quidem
1378 3608 1495 3683 plagam
1506 3610 1703 3667 estmedietas
1713 3613 1795 3666 terra

96 3715 164 3756 men
180 3699 331 3771 usquead
356 3698 544 3772 angiportum
568 3698 647 3770 qued
665 3698 814 3754 assumine
827 3699 921 3771 pergit
976 3698 1128 3754 Pendentis
1152 3698 1289 3767 Pediculi,
1316 3699 1422 3756 Sancto
1448 3698 1541 3767 Patre,
1558 3699 1698 3755 moderno
1721 3702 1795 3755 tem·

96 3805 191 3861 usque
206 3787 370 3844 Mardosam
385 3787 462 3843 viam
478 3787 545 3855 (61).
562 3787 616 3842 Via
630 3803 756 3859 quoque,
773 3804 837 3860 qua
847 3787 919 3844 inci·
974 3802 1052 3858 pere,
1069 3802 1207 3842 concessa
1222 3804 1274 3860 pru
1299 3788 1427 3860 quodam
1440 3787 1533 3844 milite
1548 3788 1624 3844 lacto
1639 3786 1794 3854 monacho,

95 3875 140 3950 pit
154 3893 172 3931 a
186 3879 273 3949 ponte
288 3875 455 3948 praecripto
471 3881 499 3932 et
513 3876 592 3930 vadit
607 3875 746 3948 usquead
763 3877 918 3948 posticium
973 3875 1098 3931 reddens
1113 3874 1143 3930 in
1158 3875 1363 3948 psollennitate
1379 3876 1471 3932 sancti
1488 3875 1621 3932 Mauricii
1644 3893 1684 3932 xn
1708 3892 1794 3932 num·

96 3964 241 4022 Fulcherii
257 3963 415 4031 Nivelenis,
432 3964 535 4019 dividit
559 3967 667 4020 terram
692 3965 792 4020 Sancti
813 3965 888 4021 Petri
903 3982 921 4022 a
973 3979 1119 4029 mosmam
1136 3980 1170 4019 er
1185 3965 1250 4036 ejus
1265 3969 1408 4037 potestate
1423 3962 1796 4021 essevidetur.l¹ulcherius

95 4053 195 4111 Sancti
212 4053 313 4109 Auiani
329 4057 407 4110 terra
421 4053 581 4126 Sanctique
597 4053 686 4122 l'iati3
703 4070 766 4126 que
782 4053 843 4109 tere
854 4071 920 4127 per·
973 4051 1109 4125 denique,
1125 4052 1161 4109 da
1176 4055 1261 4125 cajus
1276 4053 1417 4112 benetlcio
1433 4059 1505 4120 erat,
1520 4071 1556 4110 xc
1576 4053 1686 4110 solides
1708 4068 1797 4110 uum·

94 4143 232 4216 gentibus
257 4146 303 4199 est
326 4142 363 4198 ad
386 4142 530 4208 dextram,
545 4143 581 4198 ad
604 4142 706 4198 lavam
729 4158 796 4199 vcro
821 4142 919 4199 Sancti
973 4157 1100 4210 morum,
1117 4142 1282 4216 Gargarius
1298 4132 1425 4215 quoque,
1437 4142 1489 4216 qui
1505 4143 1541 4199 dc
1555 4159 1588 4199 ec
1603 4142 1730 4211 tenebat,
1742 4157 1798 4198 xxx

95 4230 182 4300 Patri,
196 4230 310 4287 videtur
334 4231 394 4286 tore
419 4229 454 4287 ab
477 4232 596 4287 Audura
621 4231 742 4287 tlumine
766 4248 860 4304 usque
883 4232 919 4287 ad
973 4228 1130 4297 solidescit
1145 4247 1291 4287 censensu
1307 4228 1798 4304 acceperunt;nosveminiestivi·

93 4319 171 4376 mam
185 4318 283 4376 Sancti
300 4318 480 4387 llichabelis,
493 4336 556 4392 qua
572 4320 667 4394 pergit
678 4320 714 4376 ad
730 4320 829 4376 Sancti
843 4320 919 4376 llar-
972 4322 1031 4374 tate
1046 4318 1139 4374 saneti
1155 4319 1279 4392 Remigii
1294 4335 1311 4374 a
1326 4319 1488 4377 cultoribus
1503 4337 1550 4378 rar
1566 4319 1675 4378 solides
1689 4317 1796 4392 accipi·

94 4406 149 4465 tini
163 4407 386 4466 monasterium.
403 4407 456 4465 Ubi
472 4425 538 4464 vere
553 4409 674 4464 finiatur
696 4425 755 4465 nou
770 4412 815 4464 est
830 4407 916 4481 repti-
931 4432 954 4498 D
974 4407 1095 4464 maalle
1109 4423 1144 4463 ea
1158 4410 1256 4464 autem
1271 4424 1336 4481 qua
1352 4407 1415 4466 sole
1428 4411 1694 4467 tenusesttantum
1704 4405 1799 4481 spica·

94 4549 199 4625 recoctis
215 4549 356 4614 translato,
372 4565 469 4622 cerpus
483 4550 542 4622 ejas
557 4551 587 4606 tn
601 4551 720 4605 cenobio
735 4549 829 4605 Sancti
843 4551 920 4634 Petri
973 4547 1037 4630 dice
1051 4551 1197 4605 servatum
1213 4552 1267 4606 est.
1282 4549 1325 4606 Ab
1340 4548 1391 4606 ille
1416 4549 1506 4626 igitur
1527 4550 1631 4626 incipit
1655 4550 1796 4609 abbatum

94 4621 411 4704 accusationemque
432 4621 598 4688 Garatetmas,
611 4622 716 4692 praesui
740 4623 916 4690 venerutrtrs,
973 4637 1073 4676 serres.

95 4694 126 4748 in
141 4707 188 4750 car
206 4708 251 4748 ore
266 4694 427 4763 requiescit,-
441 4694 521 4764 eique
543 4693 707 4748 venerabilis
730 4693 819 4762 Bucen
838 4693 917 4750 redas
1008 4691 1064 4762 (61)
1084 4690 1173 4747 Decet
1195 4690 1229 4746 D.
1246 4689 1343 4764 Muley
1366 4699 1469 4748 terrem
1496 4693 1619 4765 litteram
1648 4691 1736 4748 Belial
1760 4691 1796 4749 ab

92 4710 354 4837 paruissemus,
371 4766 419 4834 pei
441 4771 541 4835 patrate
564 4779 656 4819 amere
679 4764 768 4819 tecam
789 4763 820 4819 di
831 4766 919 4820 exerit
973 4766 1091 4844 auctore
1105 4763 1201 4844 vocari
1216 4762 1313 4818 lecum
1329 4763 1419 4844 situm
1435 4770 1502 4835 pest
1532 4768 1631 4821 entem
1641 4762 1741 4821 Sancti
1751 4762 1798 4818 lli·

93 4836 217 4907 aequasti
230 4851 309 4906 opere
323 4842 408 4906 potest
421 4837 542 4902 agnosci.
972 4832 1173 4901 laru,tluv1um
1189 4839 1265 4888 anter
1279 4839 1308 4889 et
1321 4851 1397 4890 viam
1413 4841 1502 4907 portas
1548 4835 1644 4892 erardi
1656 4835 1795 4903 adextrat,

130 4907 176 4974 (58
204 4910 247 4960 lta
259 4906 324 4961 cod.
342 4906 408 4979 Leg.
424 4906 610 4977 progreditur.
972 4904 1049 4960 viam
1066 4909 1163 4960 autem
1177 4905 1210 4960 de
1225 4905 1254 4960 to
1265 4905 1479 4963 Greneaittdrea
1494 4907 1625 4964 sinistra.

131 4977 176 5049 (59
203 4980 312 5030 Puteus
331 4976 505 5031 Guestraudi
531 4977 584 5049 (sic
607 4974 637 5030 in
662 4975 749 5042 cod),
766 4974 868 5047 gallice
894 4977 918 5032 te
1009 4976 1063 5043 (62)
1080 4974 1161 5031 Unde
1176 4993 1254 5032 nunc
1266 4977 1474 5034 vianominats
1491 4979 1630 5035 Tirevcea.

92 5050 169 5119 putta
184 5046 342 5111 Gacstranat
351 5047 425 5102 situs
436 5053 498 5104 erat
512 5048 542 5103 in
556 5046 694 5119 parochia
707 5047 805 5102 Sancti
818 5047 916 5115 Brixii,
1009 5048 1065 5114 (63)
1082 5046 1171 5101 Hodie
1186 5049 1211 5103 te
1224 5056 1290 5120 perat
1307 5048 1439 5104 Tattlcrd.

96 5118 141 5173 via
155 5117 201 5174 dea
215 5118 380 5188 Reaboerpa,
392 5119 514 5189 jamque
538 5118 643 5174 Domni
665 5117 763 5192 lduley
776 5123 917 5192 tempere,
1008 5118 1064 5188 (61)
1078 5117 1180 5173 Postea
1193 5134 1243 5174 rac
1257 5135 1314 5174 aaa
1327 5121 1461 5176 Famiera.

95 5189 158 5244 saxi
173 5189 217 5243 tra
239 5192 335 5243 mente
351 5186 479 5243 clausus.
1009 5189 1064 5261 (65)
1092 5189 1149 5244 llsc
1179 5195 1272 5261 porta,
1297 5190 1406 5247 Gallice
1428 5199 1506 5263 porte
1530 5190 1690 5258 Ceadaeasc,
1707 5205 1798 5262 prepc

131 5258 187 5328 (69)
230 5258 255 5314 ic
270 5258 385 5324 Alaeus,
401 5259 452 5339 qui
466 5258 649 5331 temporibus
665 5257 838 5331 Ragentredi
857 5276 873 5315 e
894 5258 919 5314 i·
973 5275 1089 5316 crucem
1106 5259 1255 5328 belliloci,
1272 5260 1343 5317 olim
1357 5267 1420 5318 erat
1435 5263 1573 5319 introitus
1587 5260 1723 5318 civitatis.

96 5328 178 5401 scapi
192 5330 316 5402 ejusque
341 5331 439 5385 tratrrs
462 5330 595 5398 Arduini,
611 5335 640 5385 et
651 5329 788 5386 Geroardi
804 5277 918 5387 vicetia·
1009 5331 1065 5401 (66)
1082 5330 1197 5387 Portam
1210 5332 1369 5403 Aquariam
1375 5333 1553 5406 jampridem
1563 5334 1743 5390 destructam
1755 5331 1799 5387 in·

96 5400 169 5457 mini
198 5399 385 5458 carnetensis
413 5400 495 5467 vixit,
517 5417 622 5473 nempe
648 5401 685 5457 ad
715 5417 826 5457 aunum
854 5401 919 5469 950,
972 5405 1127 5476 terportas
1143 5402 1280 5459 Willelmi
1295 5421 1329 5461 ao
1345 5404 1471 5462 iterardi
1491 5405 1578 5463 sitem
1603 5403 1694 5462 luisse
1717 5393 1798 5461 taem

95 5470 211 5546 primm
225 5477 271 5530 est
284 5472 376 5532 abbas
390 5471 585 5547 Sanpetrinus
608 5473 693 5545 cujus
717 5487 824 5530 nomen
839 5488 857 5530 a
871 5489 919 5532 co·
973 5473 1058 5531 dccet
1073 5472 1106 5532 Ι).
1123 5473 1230 5548 Muley.
