3816 6006
90 261 151 322 ’rat

437 262 471 326 P.
494 262 691 328 rnnnnont
714 262 814 326 lllST.
837 262 1371 329 nuHIEAOSOL.1l'lN.-ttn.
1394 266 1445 330 IV.

1732 278 1791 342 798

89 405 205 477 portam
217 396 467 468 ducisGodetridi,
478 399 558 456 etsie
569 400 912 475 unusquisqueadsnam
926 398 953 465 Α
970 396 1077 454 bamur
1091 397 1247 455 adventum
1263 401 1337 473 ejus,
1357 406 1503 475 quatenus
1519 380 1685 466 subveniret
1706 412 1791 470 nobis

90 493 218 567 gentem,
234 491 317 546 Tunc
332 490 520 546 Boamundus
540 491 730 548 contristatus
747 496 791 548 est
819 491 912 561 valde,

88 581 199 637 timens
214 579 292 652 qnod
303 578 425 635 ecclesia
435 578 533 634 Sancti
546 579 663 645 Petri‚et
674 580 796 636 ecclesia
808 585 914 637 sanctae

89 669 189 726 Maria
200 669 344 736 arderent,
356 668 424 740 quia
433 668 510 741 ignis
521 669 688 740 perduravit
699 687 715 725 a
726 669 810 725 tertia
821 687 915 743 usque

90 761 129 816 ad
145 759 271 815 mediam
287 762 411 814 noctem.
428 760 537 814 Tamen
558 759 676 814 fuerunt
692 764 824 814 cremata
852 765 914 814 tam

88 849 219 906 ecelesia
232 866 320 922 quam
336 849 452 914 domus,
468 848 526 903 duo
542 847 643 902 millia.
661 847 801 903 Veniente
817 852 914 904 autem

89 939 189 994 media
202 942 296 1002 nocte,
309 937 432 994 cessavit
443 942 548 994 ventus
559 942 587 993 et
598 937 701 993 cecidit
711 938 797 1010 ignis.
814 941 915 1010 ltaque

90 1029 181 1085 Turni
195 1027 361 1084 habitantes
376 1026 405 1082 in
422 1026 552 1093 castello,
568 1027 646 1083 intra
660 1027 805 1083 civitatem
824 1027 914 1084 hella-

90 1119 165 1174 bant
180 1117 334 1174 nobiscnm
351 1116 397 1173 die
413 1133 445 1172 ac
457 1120 550 1182 nocte,
563 1117 640 1188 qnod
653 1115 723 1172 nihil
736 1116 815 1172 aliud
827 1117 916 1173 disse

90 1207 214 1281 parabat
229 1223 282 1262 nos
302 1205 358 1261 nisi
387 1222 479 1261 arma.
504 1204 668 1278 Aliquando
691 1206 824 1262 exiebant
847 1224 914 1263 cum

91 1296 159 1353 aliis
174 1299 301 1369 quatuor
315 1293 479 1349 Ammiralii
495 1294 544 1367 qui
569 1299 652 1350 erant
667 1311 769 1351 omnes
788 1294 915 1368 cooperti

89 1402 173 1451 anre,
188 1388 217 1442 et
232 1383 299 1458 eqni
315 1400 416 1440 eorum
433 1382 568 1439 similiter
582 1401 676 1456 usque
690 1385 725 1440 ad
743 1385 914 1456 juncturam

89 1490 231 1548 genuum.
248 1474 301 1540 Qui
316 1472 479 1529 Ammiralii
491 1474 693 1530 conducebant
703 1491 762 1530 eos.
775 1474 915 1542 Videntes

88 1564 145 1621 hoc
161 1563 264 1629 nostri,
281 1563 358 1636 quod
374 1580 431 1619 non
444 1563 608 1635 potuissent
623 1563 673 1620 diu
690 1563 760 1636 pati,
775 1563 914 1636 quoniam

88 1653 142 1728 qui
156 1654 284 1710 habebat
299 1669 403 1724 panem
420 1669 476 1707 non
494 1652 600 1708 licebat
615 1654 803 1721 manducare,
821 1658 849 1709 et
865 1653 913 1726 qui

970 486 998 542 in
1013 488 1168 560 adjutorio,
1184 491 1234 562 qui
1246 507 1363 547 eramus
1375 491 1482 549 inctusi
1493 493 1522 549 in
1538 495 1682 555 civitatem
1692 500 1792 558 saluti·

970 576 1029 632 fero
1045 582 1177 635 carentes
1192 580 1309 636 auxilio.
1326 583 1358 636 At
1370 581 1417 638 ille
1431 588 1584 657 postquam
1602 587 1712 645 audivit
1726 608 1793 664 gen·

969 670 1027 720 tem
1045 667 1206 723 'furnorum
1223 669 1497 744 circumcingentem
1511 679 1597 747 atque
1608 677 1789 736 obsidentem

971 772 1022 810 nes
1037 755 1067 810 in
1084 756 1241 825 civitatem,
1264 759 1395 814 ascendit
1416 778 1504 834 super
1531 764 1691 836 proximam
1707 785 1791 825 mon-

969 847 1083 900 taneam
1100 863 1164 918 quae
1177 847 1350 904 imminebat
1360 866 1461 906 omnes
1473 857 1589 908 montes
1603 856 1651 926 qui
1669 858 1789 916 erantin

969 933 1093 990 circuitu
1108 937 1182 1007 ejus,
1199 953 1262 1008 qua
1272 937 1368 993 stabat
1378 941 1792 1011 propeAntiochiam.Videns-

970 1040 1026 1095 que
1042 1024 1268 1080 innumerabilia
1278 1027 1411 1096 tentoria,
1424 1029 1610 1086 vehementer
1619 1037 1792 1105 perterritus

970 1112 1097 1168 recessit.
1115 1115 1173 1169 Hoc
1188 1115 1285 1187 itaque
1296 1115 1387 1171 nimio
1402 1122 1552 1191 correptus
1567 1120 1681 1190 timore,
1693 1141 1793 1197 repen-

969 1206 998 1257 te
1013 1218 1079 1256 cum
1097 1220 1149 1259 sno
1165 1203 1289 1259 exercitu
1306 1204 1431 1277 turpiter
1442 1205 1546 1279 fugivit
1560 1225 1627 1265 eum
1639 1215 1792 1285 magnate-

970 1290 1135 1347 stinetione.
1152 1292 1336 1367 Veniensque
1356 1295 1392 1350 ad
1408 1312 1495 1351 suum
1522 1301 1662 1366 castrum,
1689 1319 1791 1376 exspo-

969 1377 1049 1435 liavit
1062 1398 1140 1446 euni,
1157 1386 1185 1437 et
1199 1381 1284 1439 celeri
1301 1401 1389 1439 cursu
1406 1389 1482 1441 retro
1507 1384 1709 1459 imprudenter
1736 1392 1792 1450 iter

969 1468 1131 1525 revertitur.

968 1576 1017 1630 llic
1031 1580 1138 1633 recessit
1159 1578 1269 1634 Alcetas
1290 1582 1436 1652 imperator
1463 1584 1558 1640 timere
1584 1587 1741 1656 furcarum,
1765 1600 1792 1648 et

1005 1647 1090 1704 Cnido
1103 1650 1215 1721 planxit
1227 1652 1328 1723 ploaqo
1342 1669 1440 1724 maeno
1457 1656 1647 1712 hosmundum
1674 1662 1792 1731 fratrem

87 1745 216 1802 babebat
226 1760 333 1817 aquam
345 1759 402 1797 non
413 1740 636 1797 licebathihere.
650 1744 732 1799 'func
744 1742 834 1799 nostri
842 1743 915 1798 fece·
928 1772 952 1838 B
1003 1723 1072 1792 eJas.

87 1838 159 1891 runt
171 1849 289 1890 murum
304 1830 381 1887 inter
393 1847 447 1886 nos
462 1834 490 1886 et
502 1835 698 1899 montaneam,
716 1836 744 1887 et
758 1832 913 1887 edificave-

1004 1830 1162 1900 Postquam
1191 1828 1270 1883 venit
1297 1829 1411 1884 obviam
1440 1831 1608 1904 imperatori
1637 1836 1672 1891 ad
1699 1837 1792 1896 Phile·

88 1926 160 1980 runt
175 1921 258 1996 quasi
270 1918 423 1977 castellum
435 1918 765 1985 etmacbinas,utseeuri
778 1920 912 1975 fuissent.
969 1917 1069 1984 mium,
1086 1917 1208 1972 accessit
1223 1918 1257 1972 ad
1274 1935 1341 1973 6¹¹1ss
1358 1925 1476 1988 ἓθΰΐθῒθ,
1493 1925 1663 1979 θῑὸθθΐθΰῐῑ]
1679 1927 1792 1986 vocavit

87 2013 233 2069 Aliam
249 2027 316 2084 pm
331 2008 723 2082 Tumommhoquamfust
745 2010 822 2066 circa
845 2007 913 2064 civi.
968 2021 1045 2073 eum,
1069 2005 1169 2061 dicens
1187 2023 1193 2061 :
1211 2030 1223 2056 «
1242 2007 1322 2062 Scias
1347 2025 1446 2064 revera
1475 2011 1613 2082 qnoniam
1638 2014 1792 2075 Antiochia

88 2106 181 2159 tatem
196 2102 226 2156 in
242 2117 302 2156 nna
317 2098 390 2155 valle
405 2115 440 2153 ex
455 2097 512 2154 alia
526 2104 616 2171 parte.
635 2101 723 2157 Nocte
739 2118 854 2174 quoque
869 2115 914 2154 ve·
968 2098 1121 2166 captaest,
1138 2099 1310 2151 ctcnstrum
1328 2097 1559 2156 minimeadhuc
1587 2106 1704 2175 captum
1734 2112 1790 2176 est,

87 2192 187 2249 niente
198 2190 279 2246 venit
289 2189 366 2262 ignis
377 2187 744 2261 decalo,qniapparuitab
753 2192 912 2257 occidente,

86 2287 116 2339 et
130 2281 235 2338 cecidit
250 2280 326 2335 intra
338 2280 500 2334 Turcorum
516 2277 670 2335 exercitus.
687 2279 769 2336 Unde
785 2281 912 2341 multum

85 2370 186 2427 mirati
202 2372 272 2426 sunt
286 2367 372 2424 Turci
389 2371 418 2423 et
433 2367 534 2422 nostri.
552 2368 636 2423 Mane
652 2373 749 2425 antem
766 2370 841 2427 tacto
859 2377 915 2430 tre·

86 2458 206 2517 meiacti
223 2457 307 2515 'furci
326 2457 452 2521 fuerunt,
471 2460 500 2511 et
529 2455 680 2528 fugiebant
706 2457 763 2514 huc
792 2465 820 2516 et
844 2461 914 2519 illue

85 2554 208 2624 propter
222 2548 299 2622 ignis
318 2546 467 2601 timorem.
485 2545 596 2600 'famen
609 2546 786 2604 obsederunt
800 2568 853 2606 nos
873 2551 914 2609 ita

86 2636 318 2696 ciroacivitatem
328 2635 404 2708 quod
418 2634 517 2691 nullus
528 2638 695 2691 nostrornm
705 2638 915 2699 andebatexire

86 2727 234 2784 civitatem
259 2729 310 2781 aut
330 2724 449 2791 intrare,
476 2723 533 2779 nisi
558 2728 641 2779 nocte
657 2725 769 2782 furtim.
791 2728 833 2784 lta
847 2747 914 2787 vero

85 2834 206 2875 eramus
222 2813 363 2889 oppressi,
379 2819 409 2870 et
423 2814 459 2868 ab
480 2813 538 2869 illis
554 2814 676 2887 paganis
691 2815 732 2872 ita
746 2818 869 2887 obsessi,
886 2825 916 2876 et

88 2910 198 2964 sancte
215 2902 442 2961 Christianitatis
454 2902 592 2968 inimicis,
604 2904 653 2977 qui
665 2905 783 2962 fuerunt
793 2925 914 2966 numero

86 2994 212 3052 trecenti
227 2993 379 3065 sexaginta
392 2991 521 3065 quinque
545 2992 648 3060 millia,
669 3000 786 3068 excepto
800 2998 914 3053 Ammi-

85 3084 161 3141 ralio
186 3081 459 3155 hierosolymitano,
489 3081 538 3153 qui
554 3081 610 3137 fuit
625 3099 690 3138 cum
708 3085 750 3140 eis
765 3102 831 3141 cum
861 3103 915 3142 sua

969 2183 1119 2256 nostrique
1136 2184 1165 2239 in
1180 2184 1259 2257 gravi
1276 2187 1485 2258 oppressionne
1500 2189 1611 2246 obsessi
1628 2198 1708 2262 sunt,
1720 2200 1748 2252 et
1759 2199 1793 2252 ut

968 2278 1039 2345 puto
1055 2273 1220 2329 amanibus
1235 2275 1397 2331 'lurcorum
1410 2277 1472 2347 jam
1488 2277 1630 2336 interfecti
1642 2287 1721 2339 sunt.
1734 2285 1791 2342 Re·-

967 2368 1078 2418 vertere
1093 2379 1160 2435 ergo
1177 2368 1252 2418 retro
1267 2380 1355 2435 qnam
1367 2365 1454 2421 citius
1465 2373 1557 2439 potae,
1575 2372 1608 2425 ut
1622 2375 1650 2425 et
1665 2370 1720 2444 ipsi
1732 2390 1791 2430 non

968 2450 1119 2507 inveniant
1134 2456 1171 2521 te,
1188 2455 1217 2507 et
1227 2458 1342 2526 gentem
1360 2471 1447 2526 quarn
1462 2456 1555 2512 ducis.
1572 2481 1586 2507 »
1602 2459 1683 2516 Tunc
1699 2460 1791 2535 impe·

969 2541 1157 2597 retortimorc
1172 2542 1428 2614 perterritusclam
1442 2545 1554 2600 vocavit
1569 2547 1793 2608 Gnidonemfra-

968 2634 1042 2686 trem
1059 2631 1231 2697 Bnamundi,
1246 2648 1405 2704 omnesque
1420 2632 1504 2701 alios,
1521 2639 1549 2690 ct
1563 2635 1635 2692 dixit
1649 2638 1706 2695 eis:
1718 2663 1733 2691 a
1744 2641 1792 2698 Se·

969 2720 1076 2784 niores,
1094 2719 1163 2792 quid
1179 2719 1284 2776 facturi
1300 2720 1434 2777 erimus?
1449 2722 1519 2779 Ecce
1532 2740 1634 2782 omncs
1649 2728 1741 2784 nostri
1751 2729 1793 2786 di·

969 2809 1071 2864 stricta
1086 2809 1254 2865 obsessione
1267 2810 1399 2881 impediti
1416 2815 1495 2879 sunt,
1512 2816 1539 2867 el
1555 2813 1676 2871 forsitan
1691 2816 1721 2873 in
1738 2819 1793 2877 hac

968 2897 1040 2953 hora
1055 2915 1156 2953 omnes
1173 2915 1188 2952 a
1203 2899 1366 2954 'lurcorum
1383 2900 1521 2956 manibus
1549 2903 1635 2959 occisi
1656 2911 1726 2961 sunt
1741 2913 1793 2964 ant

968 2986 998 3042 in
1014 2987 1180 3059 captivitate
1195 2987 1286 3058 ducti,
1303 2988 1380 3043 sicut
1394 2988 1448 3045 iste
1460 2989 1560 3045 infelix
1570 3008 1668 3049 comes
1684 2995 1793 3068 impru-

970 3076 1071 3132 denter
1084 3076 1199 3149 fugiens
1215 3080 1323 3132 narrat.
1341 3077 1371 3133 Si
1391 3094 1455 3133 vero
1484 3079 1582 3147 vultis,
1613 3089 1792 3143 revertamur

85 3177 184 3248 gente.
200 3173 259 3229 Rex
275 3187 391 3245 quoqne
404 3168 484 3226 venit
499 3169 635 3226 similiter
648 3171 683 3227 de
693 3171 784 3245 Alepb
801 3174 915 3231 civitate
929 3144 951 3212 G
970 3168 1046 3221 retro
1062 3164 1147 3220 celeri
1164 3182 1262 3232 cursu,
1281 3170 1314 3221 ut
1328 3170 1356 3221 ct
1371 3184 1424 3222 noe
1439 3184 1496 3223 non
1509 3169 1672 3227 moriamur
1688 3190 1790 3248 repen-

84 3261 136 3318 Isti
150 3277 217 3318 vero
232 3258 344 3331 profani
359 3257 469 3314 inimici
486 3258 536 3314 Dei
552 3258 593 3314 ita
603 3260 741 3316 tenebant
751 3278 805 3317 nos
820 3262 914 3318 incln-
969 3254 1029 3309 ΗΜ
1044 3258 1146 3321 ssmiles
1164 3254 1412 3327 ‘luemfldfflffllffln
1428 3260 1457 3311 θῑ
1478 3255 1518 3311 illl
1546 3260 1654 3315 m0fiul
1678 3267 1757 3319 suni·
1774 3287 1789 3316 ²»

83 3368 134 3408 sos
150 3350 180 3406 in
195 3349 341 3406 civitatem
356 3347 524 3414 Antiochia,
540 3347 616 3419 quod
630 3348 714 3404 multi
731 3351 838 3406 mortui
854 3352 914 3408 fue·
968 3345 1099 3416 Cumque
1114 3342 1208 3398 GuldO
1224 3343 1550 3403 b0ss0815585ffl08m5188
1573 3347 1633 3405 haec
1649 3349 1720 3408 talia
1738 3369 1790 3409 au·

82 3443 155 3496 runt
169 3439 256 3506 fame,
273 3435 413 3509 quoniam
437 3453 544 3508 parvus
562 3436 647 3508 panis
661 3438 840 3495 vendebatur
855 3458 913 3498 uno
968 3432 1060 3489 disset
1075 3431 1199 3498 fallacia,
1218 3432 1316 3488 statim
1327 3449 1394 3488 curn
1410 3433 1476 3491 aliis
1486 3437 1624 3495 omnibus
1634 3440 1721 3511 coepit
1732 3441 1791 3514 plo-

83 3527 219 3602 bysantio
234 3542 330 3582 aureo.
349 3525 388 3581 De
402 3524 469 3580 vino
486 3542 542 3580 non
555 3524 668 3597 loquar,
686 3531 718 3581 ut
732 3545 818 3599 quem
835 3545 914 3602 greg.
968 3539 1042 3588 rars,
1053 3526 1081 3576 ct
1093 3520 1205 3577 ululare
1213 3521 1468 3579 vehementissimo
1479 3524 1643 3596 planctn,et
1655 3541 1790 3588 unavoce

82 3634 158 3683 sem,
176 3617 204 3672 id
219 3620 263 3672 est
278 3633 335 3671 non
349 3615 460 3670 vinnm.
477 3614 570 3670 Unam
586 3614 725 3686 gallinam
740 3634 777 3671 xv
792 3616 911 3686 solidos,
967 3611 1149 3668 dicebant.·«
1167 3610 1387 3680 ODeusverUS,
1404 3614 1509 3680 trinus,
1526 3620 1553 3669 et
1582 3634 1668 3685 unus,
1685 3634 1790 3691 qua-m.

82 3722 273 3763 nnnmovum
286 3705 402 3760 dnobus
413 3702 524 3770 solidis,
538 3720 628 3758 unam
640 3720 744 3760 nucem
757 3723 814 3762 uno
825 3707 913 3763 dena·
967 3703 1066 3756 obrem
1083 3699 1143 3756 hac
1159 3700 1219 3755 lieri
1236 3700 1418 3772 permisisti?
1434 3702 1647 3778 Cur-populum
1663 3724 1790 3781 sequen-

84 3795 140 3865 rio,
156 3799 216 3851 tres
231 3792 363 3850 favasvel
374 3796 500 3865 quatuor
513 3807 605 3848 unum
617 3792 779 3865 denarium,
793 3813 912 3868 parvam
967 3795 1026 3846 tem
1043 3793 1071 3845 te
1085 3790 1113 3844 in
1124 3789 1455 3846 manihnsinimicornm
1469 3790 1596 3849 incidere
1609 3795 1790 3867 permisisti?

85 3899 222 3956 capream
238 3899 272 3937 nx
287 3880 396 3938 solidos
411 3884 439 3936 et
449 3896 477 3935 ix
488 3880 632 3947 denarios,
645 3880 811 3955 etlingnam
823 3884 912 3942 unius
966 3885 994 3935 et
1008 3878 1085 3935 viam
1101 3878 1143 3933 tui
1158 3877 1281 3944 itineris,
1294 3878 1396 3951 tuique
1412 3880 1504 3935 sancti
1519 3880 1645 3954 sepulcri
1660 3883 1788 3942 liberan-
1816 3877 1818 3880 ¹

85 3971 201 4042 cameli,
217 3988 281 4044 que
305 3975 349 4026 est
363 3986 461 4042 parva,
477 3985 505 4024 iv
521 3968 605 4024 solid.
622 3971 743 4026 Carnem
768 3988 911 4045 equorum

84 4066 114 4119 et
129 4059 280 4117 asinorum
296 4057 514 4114 manducabant
528 4061 556 4112 et
570 4057 744 4115 vendebant.
762 4061 841 4117 Folia
852 4062 910 4132 fici,

81 4151 163 4218 vitis,
179 4152 207 4206 et
221 4148 371 4216 arborum,
388 4147 553 4220 coquebant
567 4145 595 4200 in
612 4164 699 4219 aqna,
712 4152 739 4204 et
750 4151 911 4208 manduca·

82 4240 165 4297 hant.
180 4238 236 4295 Alii
250 4237 330 4294 coria
353 4253 494 4309 equorum
510 4240 538 4291 et
558 4235 718 4304 asinorum,
734 4243 763 4293 et
786 4240 911 4297 camelo-

82 4346 149 4386 rum
162 4332 192 4385 et
207 4328 308 4394 boum,
325 4326 384 4382 sive
400 4324 578 4392 bufalorum,
595 4325 672 4382 sicca
687 4344 737 4383 sex
753 4345 846 4384 annos
866 4330 911 4385 vel

82 4419 215 4491 quinque
230 4416 387 4472 mittebant
402 4414 432 4469 in
448 4428 524 4485 aqna
534 4413 649 4470 duabus
660 4416 794 4472 noctibus
810 4422 838 4473 et
854 4436 911 4475 uno

966 3974 1025 4024 tem
1043 3972 1103 4022 tam
1119 3967 1175 4022 cito
1191 3967 1265 4022 mori
1281 3968 1450 4024 concessisti
1462 3970 1475 4025 t
1486 3968 1625 4039 Profecto,
1642 3971 1667 4028 si
1680 3972 1788 4032 hocve·

966 4073 1032 4111 rum
1048 4059 1103 4120 est,
1120 4055 1197 4127 quod
1213 4071 1267 4109 nos
1278 4054 1313 4109 ab
1329 4053 1394 4111 istis
1407 4057 1597 4128 nequissimis
1608 4061 1786 4133 audivimus,

967 4144 1051 4201 nobis
1067 4143 1268 4210 referentibus,
1281 4160 1334 4199 nos
1347 4143 1431 4199 etalii
1443 4145 1598 4203 Christiani
1607 4149 1788 4225 derelinque·

967 4251 1044 4301 mus,
1061 4237 1098 4298 te,
1109 4250 1160 4288 nec
1169 4230 1333 4303 teamplius
1342 4235 1613 4306 rememorabimus,
1624 4241 1652 4293 et
1667 4257 1744 4296 unns
1754 4257 1789 4297 ea

967 4323 1051 4379 nobis
1066 4337 1124 4376 non
1138 4319 1388 4376 audebitulterius
1404 4338 1508 4378 nomen
1518 4328 1602 4380 tuum
1618 4326 1761 4383 invocare.
1773 4351 1787 4378 n

966 4413 1000 4468 Et
1015 4411 1069 4467 fuit
1079 4410 1126 4466 hic
1138 4425 1232 4464 sermo
1249 4408 1457 4466 moestissimus
1467 4411 1548 4469 valde
1560 4414 1589 4469 in
1600 4416 1661 4470 tota
1672 4414 1786 4486 militia,

82 4506 130 4564 die
144 4496 357 4579 obtemperare,
381 4507 482 4576 postea
506 4502 708 4576 decoquebant
730 4509 760 4561 et
784 4508 910 4563 mandu-
927 4516 950 4581 p
965 4500 1006 4557 ita
1022 4500 1097 4573 quod
1114 4496 1214 4554 nullus
1230 4503 1396 4555 nostrorum
1422 4501 1558 4569 audebat,
1575 4520 1669 4576 neque
1693 4505 1787 4562 archi-

82 4596 201 4652 eahant.
218 4594 291 4651 lstas
320 4592 480 4649 anxietates
495 4596 524 4648 et
538 4592 647 4649 multas
662 4594 823 4666 angustias,
838 4613 911 4669 quas

82 4684 237 4740 nominare
251 4699 376 4755 nequeo,
393 4681 469 4754 passi
481 4681 591 4736 fuimus
603 4698 654 4754 pro
665 4682 772 4738 Christi
783 4685 911 4750 nomine,

81 4776 112 4828 et
125 4788 177 4844 pro
194 4771 287 4828 saneti
300 4770 426 4844 sepulcri
441 4770 488 4826 via
502 4769 662 4827 liberanda.
678 4769 762 4828 Tales
777 4789 845 4847 ergo
860 4771 912 4829 tri·

82 4860 259 4927 balationes,
272 4865 301 4917 et
317 4860 409 4915 fames
424 4862 512 4931 atque
523 4857 652 4926 timores,
665 4859 743 4931 passi
756 4866 825 4918 sunt
837 4864 911 4919 servi

82 4949 133 5006 Dei
147 4967 200 5023 per
214 4948 317 5024 viginti
333 4966 383 5005 sex
398 4947 469 5004 dies.

136 5041 187 5095 llic
201 5041 308 5096 recessit
321 5054 408 5095 comes
423 5037 573 5109 Stephanos
588 5054 650 5092 ciem
663 5055 712 5094 soe
725 5043 856 5096 exercitu.

119 5128 295 5201 imprudens
309 5127 410 5200 itaque
422 5125 588 5198 Stephanus
600 5125 786 5184 Carnotcnsis
802 5146 910 5198 comes,

80 5217 133 5289 qui
147 5222 210 5274 erat
221 5221 309 5290 caput
319 5220 463 5284 nostrum,
476 5232 563 5288 quem
575 5232 676 5272 omnes
685 5218 810 5289 majores
820 5219 911 5276 nostri

80 5304 241 5379 elegerant,
258 5311 292 5362 nt
306 5310 384 5362 esset
399 5308 566 5360 nostrorum
591 5304 703 5373 ductor,
729 5308 856 5365 maxima
880 5327 910 5366 sc

80 5394 198 5468 fingens
221 5394 345 5468 deprimi
367 5393 546 5461 infirmitate,
562 5392 735 5465 priusquam
759 5398 910 5454 Antiochia

80 5482 156 5538 foret
171 5487 268 5556 capta.
284 5484 408 5557 turpiter
419 5480 539 5538 recessit
549 5480 578 5536 in
588 5480 668 5537 aliud
680 5488 819 5558 castrum,
831 5488 909 5560 quod

78 5575 205 5629 vocatur
218 5570 422 5630 Alexandreia.
438 5571 498 5628 Nos
508 5569 606 5642 itaque
621 5571 909 5647 quotidiepraestola·

966 4590 1131 4663 episcopus,
1152 4604 1247 4659 neque
1275 4588 1441 4662 episcopus,
1458 4606 1551 4662 neque
1567 4591 1669 4661 abbas,
1694 4611 1788 4667 neque

967 4679 1125 4751 presbyter,
1142 4693 1237 4748 neque
1265 4675 1398 4744 clericus,
1421 4694 1514 4751 neque
1543 4680 1666 4754 quisque
1694 4680 1787 4739 laicus

966 4766 1072 4825 Christi
1087 4765 1221 4821 invocare
1237 4782 1342 4821 nomen
1360 4767 1524 4840 perplures
1539 4769 1611 4825 dies.
1629 4771 1719 4827 Nemo
1733 4788 1787 4845 po·
1876 4770 1879 4775 ’

965 4861 1040 4913 terat
1050 4854 1192 4911 consolari
1203 4854 1364 4925 (inidonem
1376 4854 1550 4929 plorantem,
1562 4863 1589 4915 et
1599 4859 1786 4932 plaudentem

966 4944 1113 5013 manibus,
1130 4959 1258 5014 suosque
1274 4943 1454 5016 frangentem
1466 4946 1583 5020 digitos,
1599 4953 1628 5005 et
1643 4949 1786 5007 dicentem

967 5057 981 5086 a
995 5036 1054 5090 ileu
1072 5032 1136 5089 me!
1155 5032 1332 5098 Boamnnde,
1348 5033 1481 5091 honoret
1497 5036 1586 5092 decus
1601 5038 1691 5095 totius
1705 5057 1788 5096 mun·

966 5124 1005 5192 di,
1023 5140 1110 5196 quem
1126 5122 1280 5178 universus
1294 5123 1374 5179 orbis
1388 5123 1521 5190 timebat,
1548 5130 1635 5199 atque
1658 5129 1784 5186 amabat.

966 5215 1026 5270 Heu
1044 5229 1090 5269 me
1107 5212 1237 5268 tristem!
1254 5229 1311 5266 non
1328 5213 1421 5268 merui
1450 5213 1552 5270 dolens
1581 5219 1661 5271 tuam
1689 5218 1787 5274 videre

965 5301 1193 5360 honestissiman
1210 5301 1348 5371 speciem,
1361 5302 1410 5373 qui
1427 5301 1539 5358 nullam
1555 5305 1650 5377 magis
1668 5322 1729 5362 rem
1744 5307 1786 5362 vi-

966 5395 1032 5448 dere
1048 5389 1261 5445 desiderabam.
1279 5390 1348 5456 Quis
1361 5391 1430 5445 mibi
1442 5391 1489 5447 det
1505 5397 1536 5447 ut
1551 5409 1604 5466 ego
1617 5394 1725 5450 moriar
1734 5412 1785 5468 pro

963 5487 1003 5551 te,
1015 5478 1286 5537 dulcissimeamice
1301 5480 1786 5540 etdominetCnrexuteromatris

963 5572 1062 5631 exiens
1076 5585 1156 5634 meae,
1173 5585 1231 5625 non
1246 5569 1346 5627 statim
1358 5573 1492 5628 mortuus
1508 5570 1573 5628 fui?
1588 5571 1647 5628 Cur
1659 5571 1695 5628 ad
1710 5570 1785 5628 hane
