3816 6006
93 220 149 283 act
572 216 701 285 VETUS
723 218 866 283 adano.
882 253 921 264 —
936 217 1009 282 LlB.
1033 217 1084 282 vt.
1107 219 1330 286 tenuatus.
1740 217 1801 281 262
1862 313 1873 326 ⁶

94 352 139 410 chi
156 353 261 411 Sancti
276 338 351 410 Petri
373 353 561 411 Carnotensis
577 353 701 411 canubii
717 353 918 428 possidebant,
934 359 962 428 Α
976 351 1201 410 illustrationem
1213 353 1324 427 gratia,
1340 352 1406 410 istie
1418 352 1619 411 fluctuationis
1629 351 1799 411 motionem,

96 461 129 500 ex
149 441 240 518 longo
267 447 408 516 tempore.
434 444 583 516 quandam
610 442 770 499 ecclesiam
795 442 824 498 in
848 459 922 516 pago
976 441 1036 498 illio
1051 459 1117 498 vero
1132 442 1455 500 stationisvocationem
1466 459 1531 500 esse
1541 442 1666 516 percepi.
1679 442 1799 511 Deinde,

96 532 239 600 Dnueusi,
256 531 288 588 in
303 532 366 590 loco
381 532 432 606 qui
447 532 555 589 dicitur
569 532 634 589 Ursi
653 531 781 589 villaris.
798 532 922 599 Quidam
977 530 1067 588 simili
1084 531 1205 596 ratione,
1221 531 1250 588 in
1275 532 1429 606 propatulo
1445 532 1577 589 constitit
1592 549 1649 587 uon
1665 531 1800 588 humane

96 637 161 678 vero
176 627 300 680 casatvm
314 626 425 690 noster,
449 623 567 678 nornine
582 621 749 678 iiilduinus.
773 637 840 677 cum
860 620 923 677 suis
977 625 1022 676 set
1036 621 1134 694 potius
1151 619 1327 678 divinaeasc
1340 621 1537 679 concessionis
1552 637 1599 679 me
1612 625 1701 677 tanta
1713 621 1802 694 impe

96 711 456 785 propinquis‚intcndebat
465 711 507 769 eis
515 710 694 768 calumniam
704 712 740 768 de
750 711 815 784 ipsa
828 710 925 767 eccle·
978 709 1118 765 riosiiatis
1134 710 1263 767 dominio
1288 709 1452 780 sublimari,
1467 727 1520 768 nec
1545 711 1581 768 ob
1597 709 1676 767 aliud
1691 709 1749 767 nisi
1764 711 1800 769 ad

97 801 148 868 sia,
163 801 270 858 dicens
295 816 361 858 eam
388 801 424 858 ad
449 805 651 858 casamentum
676 805 809 857 nostrum
835 804 865 857 et
887 799 924 856 ad
978 802 1085 854 sanctae
1101 799 1204 855 matris
1220 799 1605 858 acclesindeicnsionemet
1619 799 1802 858 constituens

97 906 183 946 suum
200 890 379 947 beneficium
389 891 545 963 pertinere.
561 890 694 946 Addebat
707 889 796 947 etiam
811 893 924 962 tempo·
979 887 1046 943 dam
1058 887 1136 960 juris
1151 887 1259 961 publici
1270 888 1496 946 normalitatem.
1506 889 1557 946 ilis
1570 889 1612 947 itu
1620 888 1801 963 pernationis

97 979 179 1036 ribus
189 984 413 1037 antecessorum
424 995 594 1036 meorumse
605 977 926 1052 satisugitassecalum·
979 976 1197 1051 indagationem
1207 977 1342 1052 cognitis,
1354 979 1464 1036 veritus
1475 995 1590 1037 sumne
1599 978 1812 1053 illudmugse

97 1069 175 1124 niam
191 1065 924 1140 istam‚setjusticiamminimeconsequipotuisse.
980 1064 1089 1122 licum:
1108 1064 1201 1123 Omnia
1226 1069 1311 1123 arbor
1331 1081 1395 1140 quaa
1416 1069 1815 1142 mpudt‘ttmvcimt

98 1158 297 1216 Convenimus
311 1174 379 1232 ergo
394 1157 535 1214 domnum
554 1157 733 1226 Fulbertum,
755 1157 925 1230 episcopum
980 1155 1209 1213 endecadis
1231 1158 1324 1227 ipsam
1344 1159 1482 1226 mittatur,
1507 1157 1597 1214 michi
1620 1157 1802 1215 infructuoso

98 1248 323 1316 Cat-notensem,
340 1253 369 1305 et
390 1246 557 1315 Amulium,
573 1247 670 1304 Sancti
688 1246 765 1303 Petri
779 1247 927 1313 abbatem,
980 1243 1180 1317 deputaretur,
1197 1245 1222 1302 si
1237 1264 1295 1304 non
1311 1263 1362 1319 per
1375 1247 1518 1303 bonorum
1535 1245 1802 1305 emolumentorum

99 1337 247 1394 utdeista
256 1336 713 1394 consederentnobisaudientia
722 1334 926 1409 ioeumpquod
981 1332 1236 1391 iructiilcationem
1259 1333 1385 1392 coelestis
1409 1335 1616 1409 adquisitionis
1631 1339 1804 1393 consecutor

98 1432 124 1484 et
136 1428 277 1483 iecerunt
290 1425 382 1483 semel
396 1425 427 1481 in
442 1425 544 1482 eadem
568 1425 640 1482 vilia
653 1440 719 1500 qun
738 1424 847 1483 dicitur
860 1422 926 1482 Ursi
982 1423 1044 1479 fieri
1062 1424 1247 1494 meruissem,
1264 1441 1317 1481 nec
1332 1429 1438 1482 sanctae
1460 1424 1587 1482 ecclesia
1603 1425 1803 1499 congregatio·

99 1515 231 1584 villaris,
246 1514 396 1572 etiterum
410 1514 528 1573 invilla
540 1529 605 1589 qua
618 1513 728 1573 dicitur
741 1515 926 1572 Castanetus.
982 1528 1060 1582 nem,
1074 1512 1228 1584 probitatis
1242 1513 1384 1588 exemplo,
1401 1515 1438 1572 ad
1452 1514 1574 1571 meliora
1588 1515 1804 1572 revocaremhc

101 1604 929 1679 biseussaitaqueexutraquepartecontroversiainve-
983 1617 1096 1657 memor
1118 1601 1198 1658 illius
1227 1605 1304 1676 quod
1328 1603 1458 1660 dicitur:
1488 1605 1619 1661 licitantes
1647 1603 1804 1661 donationes

102 1695 199 1753 nimus
207 1699 327 1770 partem
336 1693 548 1752 monachorum
561 1693 602 1750 ita
612 1694 758 1767 scriptura
768 1692 929 1750 ettestibus
944 1737 968 1804 B
982 1690 1130 1746 secundum
1144 1694 1265 1761 gruttam
1279 1708 1342 1766 quaa
1363 1691 1427 1750 dato
1447 1702 1485 1750 cst
1502 1695 1587 1766 vobis,
1609 1691 1804 1767 possessionis

102 1784 227 1858 etionga
235 1783 379 1841 institura
388 1782 550 1850 suilultam,
559 1787 594 1839 ut
604 1783 685 1838 nullu
695 1782 928 1839 Christianorum
984 1778 1073 1835 michi
1088 1777 1228 1837 divinitus
1249 1797 1392 1839 concesse
1411 1783 1469 1839 lico
1492 1783 1655 1856 portionem
1671 1782 1740 1839 dare
1754 1781 1804 1838 de·

103 1875 162 1948 lege
176 1878 283 1947 posset
294 1873 464 1946 supradicta
484 1872 614 1930 aecclesia
639 1874 675 1929 ab
695 1889 797 1928 eorum
811 1889 929 1944 posses·
984 1868 1069 1937 crevi,
1087 1869 1157 1942 quia
1172 1870 1222 1941 qui
1247 1870 1276 1926 in
1292 1871 1406 1928 Christo
1425 1871 1602 1929 thesaurizat
1617 1889 1675 1929 non
1690 1871 1807 1946 ignorat

104 1964 181 2020 done
196 1962 319 2019 auferri.
337 1962 418 2018 Unde
429 1963 589 2034 contrajus
601 1966 689 2036 atque
700 1961 745 2018 ies
756 1963 929 2017 contendere
984 1957 1030 2012 cui
1066 1959 1254 2032 congregabit
1278 1977 1321 2016 ea.
1352 1962 1533 2034 Quapropter
1566 1961 1681 2018 cunctis
1697 1959 1806 2016 Christi

105 2053 248 2118 nolentes,
257 2068 312 2124 ego
321 2050 455 2108 videlicet
465 2049 616 2108 Odolricus
627 2051 793 2125 episcopus,
803 2055 831 2106 et
843 2053 931 2105 trater
984 2046 1121 2103 fidelibus
1130 2045 1293 2105 innotescat
1303 2049 1679 2124 qualiteregosupradictua
1689 2049 1807 2106 Richar-

105 2159 184 2198 meus
197 2139 398 2208 isembardus,
410 2137 850 2213 cipredictusHilduinus‚cum
863 2137 931 2194 filiis
985 2136 1051 2203 dus,
1068 2154 1120 2209 pro
1140 2137 1244 2192 animae
1269 2143 1483 2212 parentumque
1508 2156 1639 2197 meorum
1666 2139 1806 2206 remedio,

104 2238 130 2288 et
143 2229 254 2288 ceteris
270 2228 444 2302 propinquis
459 2228 531 2301 suis,
547 2233 649 2287 extoto
660 2228 843 2303 gurpivimus
853 2227 931 2284 ince·
987 2226 1093 2281 tradidi
1106 2227 1212 2282 Sancto
1227 2228 1308 2284 Petro
1323 2229 1508 2285 carnotensis
1523 2229 1645 2286 coenobii
1661 2234 1689 2286 et
1703 2245 1807 2286 mona·
1827 2272 1831 2277 «

105 2327 182 2394 ptam
199 2317 384 2376 calumniam
398 2318 551 2375 monachis
561 2318 660 2375 Sancti
672 2320 758 2388 Petri,
770 2322 932 2375 annuentes
987 2312 1052 2370 chis
1081 2314 1190 2372 ibidem
1226 2317 1419 2377 servientibus
1442 2319 1588 2391 quandam
1614 2316 1807 2393 hopitalitatis

106 2417 136 2466 ut
149 2410 247 2467 solide
263 2413 295 2465 ct
308 2409 390 2482 quita
403 2407 573 2480 possideant
587 2408 740 2465 ecclesiam
767 2426 851 2465 suam
865 2407 931 2464 Ursi
986 2405 1267 2477 receptionemcum
1276 2411 1355 2463 terra
1370 2407 1531 2480 ceterisque
1545 2398 1807 2480 suppellectilibus,

104 2499 222 2557 Villaris
239 2500 270 2554 in
287 2502 472 2572 perpetuum,
488 2497 565 2554 sicut
580 2498 696 2570 justum
711 2513 776 2553 esse
790 2495 932 2568 comperi·
986 2493 1100 2550 invilla
1116 2495 1218 2564 bereti,
1231 2496 1260 2550 in
1270 2495 1411 2553 comitatu
1423 2496 1615 2566 Constantini,
1631 2496 1709 2553 dicto
1719 2496 1810 2554 Tech-

105 2606 180 2645 mus.
200 2586 343 2644 interdixi
359 2586 460 2655 etiam,
485 2584 642 2660 episcopali
658 2584 828 2641 auctoritate
844 2583 931 2639 unichi
986 2581 1097 2650 villam,
1121 2600 1188 2639 cum
1215 2584 1337 2642 ccclesia
1358 2589 1387 2643 et
1402 2586 1588 2658 molendinis,
1612 2587 1809 2658 omnibusque

106 2679 195 2736 alico
210 2676 332 2744 tradita,
344 2694 380 2733 ue
396 2677 463 2748 quis
472 2691 677 2732 successorum
689 2673 853 2730 noslrorum
864 2690 933 2746 prae-
987 2672 1174 2744 appenditiis,
1191 2674 1248 2730 ritu
1258 2674 1391 2731 videlicet
1400 2675 1656 2733 consuetudinario
1669 2677 1698 2733 in
1714 2674 1810 2749 pristi-

108 2768 202 2824 dietos
217 2765 382 2823 monachos
392 2765 490 2822 Sancti
501 2764 588 2831 Petri,
597 2762 832 2837 perhojusmodi
844 2761 933 2818 sacri·
987 2747 1092 2817 norum
1109 2761 1171 2820 ioco
1187 2763 1368 2820 decretotnm
1380 2764 1587 2838 perpetualiter
1596 2765 1765 2834 existend03
1781 2768 1810 2822 et

106 2856 201 2932 legam
218 2854 413 2925 calumniam,
429 2854 552 2910 ulterius
563 2853 715 2926 inquietet.
730 2851 812 2921 Quod
822 2850 935 2908 scilicet
987 2849 1016 2906 in
1032 2851 1172 2907 comitutu
1187 2852 1292 2909 Lesuin
1305 2852 1492 2926 piscatoriam
1506 2854 1536 2909 in
1547 2854 1634 2911 liuvio
1649 2853 1748 2925 Toloa,
1758 2870 1811 2928 per

107 2946 301 3004 interdictum
316 2943 341 3001 si
356 2944 425 3017 quis
440 2941 728 2999 temerariusviolare
739 2957 934 3014 presumpse-
987 2939 1082 2996 sabati
1096 2957 1250 3013 vesperum
1266 2946 1295 2997 et
1309 2941 1386 2999 diem
1402 2942 1582 2999 dominicum
1592 2942 1761 3016 integrum
1778 2942 1809 3000 in

107 3036 152 3104 rit,
169 3033 360 3105 sacrilegium
376 3030 615 3105 presumptionis
629 3048 689 3087 sua
700 3030 933 3104 legaiitercmen·
987 3029 1123 3101 Sequana
1136 3046 1212 3098 vcro,
1230 3047 1298 3087 cum
1320 3031 1435 3087 dierum
1459 3032 1648 3105 noctiumque
1658 3032 1809 3089 continua-

108 3125 166 3192 det,
178 3128 209 3180 et
223 3121 347 3195 punitus
361 3121 399 3178 ab
421 3120 537 3194 incepto
552 3120 683 3177 desistat.
702 3121 782 3188 Quod
803 3119 828 3175 si
843 3120 932 3193 perti·
949 3111 970 3178 C
989 3117 1078 3184 tione,
1094 3135 1112 3174 a
1126 3135 1242 3174 summo
1258 3119 1352 3176 sabati
1367 3119 1496 3176 diluculo
1515 3121 1658 3192 usquead
1673 3121 1810 3178 cumdem

108 3213 222 3269 nauiter
235 3210 345 3267 odiosa
365 3208 539 3283 calumpnia
561 3209 693 3266 inherere
713 3208 858 3278 maluerit,
886 3208 937 3266 illo
990 3206 1068 3263 leriae
1083 3207 1217 3263 secunda
1233 3208 1403 3275 terminum,
1415 3213 1527 3265 tractus
1542 3214 1605 3265 octo
1620 3225 1752 3267 mearum
1767 3226 1811 3266 sa·

109 3319 165 3375 quo
180 3302 263 3357 Deus
277 3299 370 3355 iratus
379 3296 592 3371 incorrigibiles
601 3298 741 3370 dampnat
751 3297 937 3355 anathemate
989 3295 1136 3364 ginarum,
1149 3298 1273 3353 duarum
1288 3296 1398 3354 scilicet
1407 3297 1436 3353 in
1446 3303 1531 3371 portu
1542 3298 1637 3355 Daues
1648 3302 1676 3355 et
1685 3302 1811 3372 quatuor

109 3391 244 3448 feriatur.
262 3389 337 3457 iiiut,
352 3389 413 3445 fiat.
430 3388 489 3444 Nos
502 3404 570 3445 vero
583 3387 633 3462 qui
647 3386 825 3443 calumniam
835 3403 937 3460 supra·
989 3385 1019 3440 in
1035 3391 1120 3457 portu
1131 3386 1300 3454 Gucllebod,
1309 3388 1434 3443 duarum
1450 3387 1479 3443 in
1492 3386 1707 3444 iossailelluiui
1717 3405 1725 3457 ;
1735 3392 1764 3446 et
1778 3391 1812 3445 ut

108 3480 219 3536 dictam
235 3478 433 3552 gurpivimus,
449 3477 569 3534 nomina
592 3481 693 3534 nostra
708 3483 935 3548 nostrorumque
989 3473 1018 3529 in
1034 3476 1172 3532 omnibus
1187 3475 1385 3532 mercimoniis
1402 3476 1497 3533 ubivis
1506 3475 1636 3534 locorum
1653 3481 1812 3550 meapotc-

107 3568 244 3626 fidelium
257 3566 472 3641 quiprasentes
481 3567 612 3635 aderant,
624 3565 654 3622 in
664 3565 799 3638 prasenti
810 3565 932 3633 cartula,
990 3564 1073 3620 statis
1088 3565 1209 3639 agendis
1222 3564 1312 3622 nichil
1326 3563 1431 3622 telonei
1446 3566 1620 3639 persolvant,
1636 3583 1688 3641 pro
1702 3566 1811 3624 Christi

106 3658 258 3716 memoria
280 3673 379 3725 causa,
411 3656 536 3712 lecimus
566 3654 710 3712 adnotari.
740 3656 769 3711 S.
794 3653 932 3724 Odolrici,
988 3670 1097 3726 amore,
1128 3654 1335 3728 perpetualiter
1358 3655 1525 3728 perdonavi.
1552 3657 1583 3713 ln
1606 3655 1676 3713 villa
1694 3674 1811 3730 quoque

104 3746 329 3805 Aurelianensis
348 3744 486 3818 episcopi.
513 3745 542 3802 S.
570 3742 708 3813 Fuiberti,
733 3742 932 3816 carnotensis,
986 3741 1810 3819 Cadoni,supramemoratiooenobiimonachisquandam

103 3836 248 3911 episcopi.
277 3836 309 3893 S.
334 3833 444 3891 Albcrti
467 3835 592 3892 abbatis.
620 3834 649 3891 S.
680 3831 830 3891 isenbardi
854 3831 931 3889 laici.
987 3833 1809 3893 mansionemeumomnibusintrinsecusctextrinseous

103 3926 133 3992 S,
159 3925 261 3983 Sir-edi
283 3925 391 3982 clerici.
416 3925 446 3981 S.
471 3924 586 3981 Salonis
611 3922 718 3980 clerici.
743 3923 772 3980 S.
799 3921 931 3992 Bovonis,
986 3920 1164 3994 appenditris
1193 3921 1311 3990 tradidi,
1327 3939 1360 3979 eo
1376 3921 1497 3979 rationis
1513 3927 1623 3993 tenore,
1649 3927 1731 3980 utex
1749 3923 1809 3983 iilis

103 4015 207 4072 decani
225 4015 325 4071 Sancti
343 4013 461 4070 Martini
476 4013 656 4070 Turonensis
670 4011 700 4069 S.
716 4010 857 4069 Tescciini
874 4010 932 4068 cle·
986 4009 1147 4084 ceterisque
1176 4011 1263 4068 rebus
1288 4011 1482 4084 praetitulatis,
1501 4013 1611 4085 absque
1631 4013 1727 4071 omnis
1741 4029 1809 4071 oen·

103 4105 169 4161 rici.
184 4106 216 4161 S.
242 4103 364 4160 'iedoini
389 4102 496 4169 clerici,
523 4100 575 4157 filii
598 4100 732 4158 Albensi.
750 4101 779 4158 S.
800 4099 932 4158 iiilduini
985 4099 1167 4158 tradictionis
1187 4099 1330 4170 molestia,
1356 4100 1478 4157 liberam
1492 4100 1619 4158 habeant
1633 4107 1808 4175 potestatem

103 4193 181 4251 laici.
210 4191 352 4261 iiilduini,
379 4190 432 4247 illii
461 4191 537 4262 ejus.
560 4194 589 4246 S.
615 4187 753 4246 Odolrici.
777 4189 830 4246 liiii
853 4191 929 4264 ejus.
985 4189 1139 4246 retinendi.
1153 4190 1182 4246 S.
1193 4188 1330 4247 Richardi
1346 4189 1806 4267 comitiss.Connorcomitiasa.

104 4287 133 4337 S.
169 4280 327 4349 Ponteliui,
357 4280 471 4353 nepotis
500 4281 575 4352 ejus.
605 4279 635 4336 S.
666 4279 820 4337 Gadeiredi
851 4279 929 4337 laici.
985 4280 1014 4337 S.
1031 4277 1233 4346 Richardi,irlii
1248 4279 1312 4350 cJus
1327 4278 1453 4335 comitis.
1470 4279 1500 4336 S.
1525 4279 1675 4349 liodberti,
1692 4281 1808 4341 comitis

105 4372 134 4428 S.
150 4369 272 4427 Adroldi
287 4368 476 4427 vicecomitis.
492 4370 522 4427 S.
540 4367 683 4426 Frederici
698 4369 733 4426 ir.
750 4367 815 4424 laici
825 4368 854 4424 S.
870 4368 930 4426 iiu-
983 4369 1119 4442 ujuedem
1135 4368 1199 4425 filii.
1215 4368 1245 4425 S.
1261 4366 1413 4438 Wilielmi,
1427 4367 1478 4425 lilii
1505 4369 1648 4441 ejusdem.
1664 4369 1807 4427 lioiderici

104 4460 190 4534 gonis
206 4459 364 4517 Radoardi.
381 4459 411 4516 S.
426 4457 530 4517 Gualoi
544 4457 620 4515 laici.
945 4457 1091 4549 Delerici.
1109 4459 1138 4515 S.
1155 4457 1295 4515 liodberti
1317 4456 1537 4530 archiepiscopi.
1554 4457 1584 4514 S.
1602 4457 1731 4515 ilerborti
1744 4458 1807 4533 epi·

388 4545 596 4606 CAPITULUM
617 4548 651 4605 ll.
986 4547 1067 4620 scopi
1081 4547 1111 4604 S.
1127 4546 1287 4616 Tcoderici,
1303 4544 1418 4603 abbatis
1432 4546 1462 4603 S.
1479 4544 1624 4602 iiuuiridi.
1642 4568 1657 4598 n

104 4645 145 4697 οι
158 4641 241 4696 redsa
260 4655 332 4712 qaas
353 4637 508 4695 Rietmdm
531 4653 620 4696 coena
643 4636 729 4695 Scato
751 4641 833 4695 Petro
846 4635 928 4696 dedit.
1256 4652 1463 4710 finnlpupnpq
1484 4651 1532 4710 111,

407 4727 629 4802 (maim)
1042 4746 1175 4802 herebac
1189 4759 1256 4818 quas
1270 4740 1345 4799 dedit
1360 4743 1498 4815 irascente
1510 4742 1638 4801 monebas
1650 4747 1749 4803 Sancto

140 4817 245 4891 «(150)
260 4818 295 4875 ln
307 4816 538 4876 nominesaucta
552 4820 581 4875 ct
594 4815 750 4875 individua
765 4817 928 4878 Trinitatis.
1348 4813 1439 4876 Petro.

103 4908 162 4983 ligo
177 4907 357 4977 Richardus,
371 4907 608 4965 liormannorum
622 4923 721 4965 comes
731 4905 926 4966 humillimus.
1279 4905 1361 4975 (Ante
1376 4922 1404 4962 a.
1419 4904 1513 4975 1028.)

103 4997 190 5065 Dum,
206 4995 357 5053 catholica
378 4996 528 5070 religionis
541 4995 718 5070 scripturam
739 4995 861 5053 audiens
877 5013 928 5069 per
1018 5018 1032 5047 a
1049 4995 1082 5052 In
1097 4993 1213 5052 nomioe
1227 4993 1355 5052 Domini.
1373 4996 1433 5068 ligo
1456 4993 1609 5052 Areiastus
1625 4998 1728 5054 uotum
1742 5012 1807 5057 csse

101 5084 820 5160 verbaammonitionisexponi,hujustransitoria
830 5102 930 5159 perpe-
981 5083 1045 5142 volo
1062 5085 1201 5141 omnibus
1214 5083 1400 5151 Christianis,
1411 5083 1536 5156 quiarcs
1551 5083 1721 5143 hereditatis
1735 5103 1806 5144 mea

103 5174 263 5247 tualisque,
274 5172 387 5233 scilicet
396 5174 719 5245 secularisetcoelestis,
732 5175 929 5232 conditionem
983 5175 1090 5232 Sancto
1102 5175 1185 5231 Petro
1194 5173 1319 5230 concedo
1327 5173 1498 5231 Carnotensi
1505 5173 1701 5250 coenobio,pm
1712 5173 1808 5233 salute

101 5263 314 5338 adquisitionis
324 5263 812 5338 mecumtacitusreputarem,quae
822 5263 928 5322 harum
983 5281 1049 5321 mea
1062 5269 1091 5321 et
1105 5268 1462 5322 autecessorummeorum
1478 5280 1532 5321 nec
1547 5280 1604 5320 uon
1615 5269 1643 5321 et
1652 5281 1704 5340 pro
1713 5263 1808 5322 salute

102 5352 291 5430 prestantior
304 5354 458 5429 limiorque
467 5353 655 5425 munisteret3
668 5357 748 5421 tunc,
759 5370 812 5427 per
825 5353 929 5412 divirm
983 5354 1100 5412 comitis
1112 5351 1251 5412 Richardi
1264 5352 1338 5427 (151)
1354 5357 1383 5412 et
1396 5352 1499 5412 matris
1514 5371 1577 5412 succ
1592 5352 1768 5413 Gonnoridis
1777 5357 1807 5415 ct

137 5462 215 5536 (150)
229 5461 510 5539 Vulgataaidabill,
524 5463 595 5523 Saec.
611 5461 749 5522 benedict.
759 5460 807 5534 vt,
817 5465 893 5538 part.
905 5464 928 5536 1,
1018 5461 1094 5536 (151)
1109 5460 1316 5537 liicagiiurde
1329 5461 1436 5523 comite
1458 5461 1609 5528 Richards
1625 5461 1660 5537 11,
1682 5461 1734 5540 qui
1746 5460 1809 5526 vita

102 5551 132 5614 p·
145 5533 213 5599 282.
360 5629 366 5636 ⁸
983 5535 1103 5599 iunctus
1118 5539 1249 5598 ostenae
1263 5533 1343 5596 1027.
